2044 3335
171 88 258 130 548
812 85 907 119 Mon.
935 86 1003 120 940
1029 85 1107 119 sive
1135 85 1203 119 eIV.
1227 85 1293 129 (2).

170 219 254 246 non
299 218 394 246 esse
437 203 667 258 petendam
713 202 1053 251 demonstravit;
1101 202 1414 256 paenitentiam
1463 203 1802 251 commendavit;
1848 217 1933 256 qua

170 269 339 311 ratione
371 269 424 310 ad
458 270 732 310 sacramenta
765 267 1047 309 confessionis
1081 270 1125 310 et
1165 267 1451 310 eucharistiae
1492 267 1619 321 digne
1660 267 1933 322 suscipienda

170 334 335 376 animos
366 332 617 388 praeparari
652 334 894 386 oporteret,
937 331 1103 382 docuit3
1149 332 1307 375 Christi
1348 333 1591 387 passionem
1634 334 1678 375 et
1715 347 1932 375 resurrec—

171 398 331 442 tionem
363 397 609 445 enarravit;
653 411 880 452 corporum
913 397 1198 440 humanorum
1230 398 1422 440 futuram
1463 397 1822 440 resurrectionem
1856 412 1933 439 ex-

168 462 349 517 plicavit
380 464 425 504 et
456 462 709 505 illustravit.

287 531 441 565 Dubium
467 543 536 565 non
563 533 628 572 est,
655 532 741 575 quin
769 531 933 565 Canisius
959 530 1025 565 has
1051 531 1235 565 contiones
1270 531 1435 566 habuerit
1469 531 1505 566 in
1539 532 1779 577 pulcherrima
1811 531 1872 566 illa
1899 534 1935 566 et

168 584 390 630 amplissima
416 584 568 618 ecclesia
595 584 716 619 Sancti
741 584 828 625 Viti,
863 596 954 629 quae
988 584 1132 618 saeculo
1159 584 1383 620 X11.—X11[.
1410 584 1493 618 stilo
1519 585 1708 627 romanice,
1745 597 1849 630 quem
1874 597 1934 619 vo·

168 641 261 679 cant,
281 638 479 677 aedificata,
498 649 591 672 nunc
610 649 750 682 quoque
770 639 907 677 exstat;
936 637 1091 672 saeculis
1111 637 1253 681 quidem
1267 637 1380 672 XVII.
1396 640 1433 672 et
1445 638 1576 673 XVIII.
1595 638 1718 673 multis
1737 638 1934 672 rationibus

169 691 358 725 immutata
383 693 492 734 atque
518 691 625 725 etiam
650 703 743 725 novo
769 692 946 734 suggestu
971 701 1074 724 sacro
1102 691 1278 724 instructa
1305 693 1377 731 est;
1405 691 1468 725 sed
1493 691 1601 726 habet
1627 692 1742 726 adhuc
1769 692 1935 735 egregias

169 744 249 778 illas
274 756 339 778 sex
365 755 558 789 campanas
583 744 648 778 sub
675 755 705 778 a.
727 745 817 778 1545
845 743 1102 786 Norimbergae
1138 744 1239 778 fusas
1268 743 1404 781 (earum
1441 745 1586 779 minima
1611 757 1643 779 a.
1665 745 1753 780 1877
1781 745 1934 779 conflata

169 798 354 841 denuoque
391 797 472 831 fusa
508 798 600 839 est),
637 797 765 841 quibus
800 808 831 830 a.
861 797 950 831 1568
986 796 1111 831 fideles
1150 797 1193 831 ad
1230 796 1364 831 canisii
1403 798 1585 832 contiones
1623 798 1818 832 audiendas
1855 809 1932 832 con-

169 851 390 884 vocabantur
417 850 478 893 (K.
506 853 548 884 A.
568 851 666 894 Busl,
693 849 758 884 Die
785 849 1015 884 Stiftskirche
1041 850 1112 884 und
1139 850 1194 884 die
1220 850 1483 894 Stiftsheiligen
1510 851 1748 895 Ellwangens,
1775 851 1934 885 Ravens-

168 903 261 947 burg
290 903 387 944 1864,
427 903 564 937 18—19
601 903 751 939 32—34.
803 904 867 937 Fr.
895 904 970 937 Jos.
998 904 1179 947 Sehwarz,
1215 903 1280 937 Die
1316 904 1515 948 ehemalige
1543 904 1935 938 Benediktiner-Abtei-

168 956 301 990 Kirche
318 968 398 990 zum
417 955 573 999 heiligen
587 955 694 990 Vitus
712 956 747 990 in
763 955 983 999 Ellwangen‚
1003 956 1302 1000 Stuttgart1882,
1321 957 1468 992 18—23.
1496 958 1536 991 Ρ.
1550 958 1717 1001 Keppter,
1737 957 1935 991 &iimitem-

170 1009 287 1053 berg’s
312 1008 511 1043 kirchliche
538 1009 906 1051 Kunstalterthfimer,
932 1008 1161 1053 Rottenburg
1187 1020 1218 1044 a.
1236 1009 1279 1044 N.
1301 1010 1400 1052 1888,
1429 1011 1483 1044 83.
1528 1012 1617 1054 Euy.
1649 1012 1864 1044 Gradmann
1898 1010 1935 1044 in

172 1062 259 1105 „Die
287 1062 417 1096 Kunst-
444 1062 515 1096 und
543 1061 960 1097 Altertums-Denkmale
986 1063 1035 1096 im
1061 1063 1279 1106 Konigreich
1297 1062 1580 1107 VViirttemberg.
1607 1064 1787 1099 Inventar.
1814 1064 1934 1107 Jagst—

169 1115 266 1150 kreis
294 1116 317 1157 Ι,
345 1115 537 1159 Esslingen
562 1126 593 1149 a.
612 1114 654 1150 N.
676 1116 777 1157 1907,
806 1115 1021 1159 104—128).

170 1229 277 1266 940
305 1231 382 1266 sive
410 1229 514 1266 elv.
535 1229 634 1276 (2).
708 1230 764 1266 28.
784 1230 909 1266 Martii
936 1230 1033 1267 1568.

289 1290 343 1324 Ex
362 1290 535 1324 contionis
553 1291 818 1332 commentario,
847 1303 867 1324 a
886 1291 924 1326 P.
942 1291 1094 1326 Antonio
1115 1291 1273 1326 Guisano
1292 1291 1326 1326 S.
1342 1292 1373 1326 J.
1393 1293 1538 1337 scriptO,
1556 1292 1599 1327 ab
1619 1293 1694 1337 ipso
1715 1291 1857 1326 Canisio
1882 1303 1933 1325 re-

169 1344 320 1387 cognito.
373 1343 458 1377 Can.
478 1344 519 1377 31
550 1343 572 1377 f.
592 1343 655 1377 48¹2
681 1344 886 1378 &zib—541³is
899 1345 923 1378 b.

292 1404 458 1436 Cam'sius
491 1403 665 1436 mandatu
699 1405 900 1437 cem-dinalis
936 1405 1126 1438 Truclasess
1161 1416 1177 1438 e
1209 1416 1312 1438 sacro
1345 1410 1508 1447 suyqesm
1532 1405 1767 1448 Elvanyenses
1801 1408 1936 1438 monet:

171 1457 381 1490 Cardtnazts
398 1458 499 1499 venit,
525 1461 564 1489 ut
590 1458 682 1499 ipsos
708 1459 748 1490 in
777 1458 879 1490 rebus
895 1462 969 1491 tum
986 1460 1103 1491 sacris
1128 1463 1202 1491 tum
1220 1459 1379 1492 cit-ilibus
1404 1460 1551 1492 iuvaret.
1591 1460 1728 1491 Gaudet
1746 1459 1872 1491 multos
1896 1459 1936 1490 in

167 1511 235 1552 fide
266 1511 453 1553 persistere
479 1514 508 1542 et
534 1510 692 1543 eeclesiae
727 1511 896 1545 oboedire.
948 1512 1020 1545 Eos
1055 1517 1182 1555 autem,
1219 1513 1281 1555 qui
1315 1512 1478 1545 dubitant
1507 1513 1557 1545 vel
1583 1517 1717 1554 errant,
1754 1516 1934 1555 tamquam

164 1568 270 1606 pater
295 1564 469 1605 hortatur,
508 1568 543 1596 ut
569 1564 616 1596 ad
642 1565 822 1597 ecelesiam
856 1565 1003 1598 redeant
1014 1578 1027 1607 ,·
1062 1567 1134 1608 ipse
1169 1576 1285 1598 omnes
1319 1566 1500 1599 clementer
1535 1566 1691 1598 admittet
1718 1576 1759 1597 ae
1782 1566 1936 1607 fortasse

168 1618 273 1650 etiam
299 1617 346 1649 ad
369 1627 404 1649 se
431 1621 592 1650 arcesset.

291 1677 491 1718 Carcisius
522 1677 738 1732 Elvanqae
774 1679 816 1719 iu
849 1680 996 1733 templo
1030 1680 1072 1721 S.
1103 1679 1183 1720 Viti
1210 1679 1437 1720 Domiuiea
1471 1679 1547 1721 JV.
1574 1680 1935 1734 Quadi-westwere

171 1743 256 1783 sive
285 1744 355 1784 28.
391 1742 544 1783 Martii
576 1745 692 1784 1568
732 1745 778 1784 in
820 1745 993 1785 exordio
1035 1745 1260 1797 contionis,
1304 1759 1387 1799 qua
1429 1746 1681 1798 evauqelium
1726 1746 1812 1786 diei
1853 1748 1934 1787 sive

171 1807 391 1847 historiam
424 1808 540 1848 5000
581 1810 766 1850 virorum
812 1810 855 1849 iu
899 1808 1058 1850 deserto
1094 1823 1118 1849 a
1155 1809 1319 1850 Christo
1352 1812 1379 1850 5
1406 1809 1592 1863 panibus
1627 1815 1661 1850 et
1691 1812 1719 1850 2
1746 1811 1935 1864 piscibus

169 1886 246 1925 per
278 1873 482 1926 apostolos
519 1874 768 1915 satiatorum
802 1873 869 1924 (Io
902 1876 940 1926 6,
976 1875 1141 1919 1—15)
1175 1875 1461 1928 explicaturus
1495 1879 1529 1915 et
1562 1875 1621 1915 ad
1652 1876 1936 1931 Etmmqeuses

172 1938 561 1979 accommodaturus
603 1943 714 1991 erat,
757 1940 933 1993 monuit,
976 1941 1143 1981 tertiam
1184 1941 1384 1981 contionis
1422 1946 1587 1994 partem
1633 1943 1675 1982 in
1708 1941 1780 1982 hoe
1818 1942 1935 1994 fore:

176 2001 406 2053 „Indicabo
425 2004 588 2056 paucis,
622 2017 728 2058 quae
750 2004 855 2045 milti
876 2009 972 2045 suut
1007 2006 1049 2046 iu
1073 2005 1290 2045 mandatis
1313 2005 1428 2057 data,
1462 2005 1536 2046 hoc
1557 2006 1639 2046 loco
1658 2008 1933 2060 proponenda

174 2081 222 2107 ex
252 2071 373 2120 parte
404 2067 649 2120 Superioris
681 2069 1067 2110 Reuereudissimi“
1106 2071 1190 2110 sive
1222 2071 1459 2111 cardinalis
1495 2071 1653 2111 Ottonis
1689 2071 1937 2123 Truehsess;

173 2131 257 2185 qui,
292 2145 384 2172 eum
417 2131 747 2186 Elvauyeusium
785 2138 819 2174 et
851 2135 1065 2189 episeopus
1099 2140 1135 2176 et
1164 2136 1361 2190 princeps
1394 2140 1509 2186 esset,
1543 2149 1635 2176 eum
1660 2136 1830 2178 Cauisio
1863 2137 1934 2178 El-

169 2209 351 2250 vanqam
383 2201 564 2249 venerat,
599 2202 642 2238 ut
674 2197 732 2238 ibi
769 2213 847 2250 eos,
882 2200 956 2254 qui
980 2214 1004 2240 a
1040 2200 1242 2241 catholiea
1277 2201 1443 2242 ecelesia
1467 2199 1718 2254 defecerunt,
1753 2202 1811 2242 ad
1843 2216 1936 2243 eam·

173 2262 410 2314 reduceret,
450 2261 593 2314 fideles
634 2267 773 2304 autem
817 2265 860 2304 in«
901 2264 986 2316 fide
1031 2266 1300 2319 confirmaret
1343 2270 1377 2306 et
1410 2266 1468 2306 acl
1505 2266 1699 2320 pietatem
1740 2268 1936 2308 excoleret

172 2331 229 2376 (v.
263 2340 395 2380 supra
431 2340 474 2381 p.
499 2327 584 2368 184
628 2328 747 2379 189).
810 2328 965 2370 Ultima
1010 2330 1112 2371 haee
1158 2331 1359 2372 contionis
1400 2345 1508 2386 pars
1551 2332 1595 2371 ‘iu
1640 2334 1934 2374 commentario

168 2405 246 2445 per
269 2391 317 2433 P.
341 2392 575 2433 Antonium
598 2392 841 2435 Guisauum
873 2395 1082 2450 iuscripta
1116 2401 1196 2436 est:
1231 2397 1297 2445 „A
1323 2410 1507 2451 persona
1531 2397 1933 2439 Reuerendissimi‘·.

175 2456 375 2497 canisius
420 2461 558 2498 autem
602 2458 691 2512 ipse
736 2460 781 2499 in
825 2461 1017 2513 marqine
1062 2461 1256 2514 scripsit:
1304 2461 1396 2513 „De
1443 2462 1583 2502 animo
1630 2466 1665 2502 et
1712 2462 1934 2504 intentione

173 2520 537 2562 Reuerendissimi
566 2536 641 2563 cur
664 2524 789 2566 adsit.
833 2524 954 2566 Mau.
980 2526 1018 2566 9.
1063 2525 1220 2566 Videus
1252 2526 1398 2566 turbas
1429 2527 1624 2566 misertus
1657 2531 1715 2567 est
1747 2529 1804 2568 eis
1835 2529 1935 2581 quia

175 2590 296 2626 erant
321 2588 464 2627 ueoeati
493 2591 528 2628 et
561 2588 740 2629 iacentes
765 2590 871 2630 sieut
903 2603 999 2630 oues
1022 2604 1105 2631 nou
1129 2590 1322 2631 habentes
1342 2596 1553 2645 pastorem
1569 2591 1595 2631 1.
1630 2591 1933 2646 urizbeyeti*ibeoz

176 2650 264 2690 und
294 2651 545 2692 zertrezcet.“

293 2715 415 2756 Dixit
447 2718 577 2771 iyitur
601 2717 824 2759 Canisius:
858 2717 1072 2760 Primuma
1105 2719 1217 2771 quod
1239 2718 1322 2760 huc
1344 2719 1512 2761 uenerit
1534 2718 1934 2763 Reuerendissimus

173 2780 217 2817 et
248 2791 326 2820 sua
358 2781 606 2832 praesentia
638 2781 749 2824 hunc
781 2783 946 2824 locumb
977 2783 1128 2825 uisitet
1161 2786 1205 2826 et
1237 2786 1383 2835 ornet,
1427 2784 1589 2826 nullam
1630 2798 1725 2827 esse
1758 2799 1932 2828 causam

173 2841 301 2882 aliam
325 2845 584 2896 putauimus,
618 2847 698 2888 nisi
722 2849 769 2889 ut
795 2861 842 2889 se
864 2848 1108 2890 conformet
1130 2849 1327 2903 exemplo
1350 2848 1521 2900 Christi,
1545 2851 1698 2891 summi
1721 2851 1934 2904 pastoris2

292 2916 320 2947 a)
341 2918 477 2949 Sequitur
497 2918 606 2950 nullus,
626 2921 715 2946 oblitt.
807 2921 838 2953 b)
863 2923 1001 2954 Sequitur
1021 2922 1119 2954 ornet,
1140 2923 1228 2948 obtin.

297 3013 304 3031 ¹
331 3012 535 3048 Matthaeus
562 3016 787 3059 evangelist-a
813 3017 902 3052 haec
927 3020 1051 3053 narrat
1079 3019 1122 3053 de
1149 3019 1290 3054 Christo
1316 3020 1370 3053 Mt
1396 3020 1427 3060 9,
1455 3020 1517 3060 36;
1546 3019 1590 3054 cf.
1618 3020 1676 3054 Mc
1703 3021 1734 3062 6,
1762 3020 1817 3055 34.

293 3064 305 3084 ²
331 3064 423 3098 Zach
452 3067 503 3108 13,
531 3068 562 3101 7.
613 3069 649 3102 Io
678 3070 730 3111 10,
758 3071 812 3105 14.
864 3070 962 3105 Hebr
990 3072 1045 3114 13,
1074 3072 1130 3107 20.
1183 3073 1198 3106 1
1229 3072 1313 3106 Petr
1339 3073 1370 3114 5,
1397 3072 1430 3107 4.
