2044 3335
170 106 256 147 532
598 103 692 136 Mon.
719 101 786 136 927
813 102 891 135 sive
917 112 1000 144 aug.
1022 101 1059 145 (b
1073 100 1123 144 9).
1168 101 1223 135 29.
1243 100 1365 135 Martii
1395 101 1496 136 1569.

169 219 367 263 ongesicht,
397 218 479 252 mitt
506 217 694 260 gebunden
714 217 873 258 Henden,
899 228 968 251 non
995 216 1172 257 obstante,
1199 216 1291 260 quod
1319 219 1416 251 esset
1441 229 1525 251 rex
1550 217 1739 260 regum¹,
1766 217 1936 260 gaudium

170 272 271 313 coeli,
299 271 357 306 Sol
383 270 553 311 iustitiae,
580 270 690 303 iudex
714 270 878 304 uiuorum
905 272 941 304 et
959 272 1192 309 mortuorum,
1219 269 1255 303 2Ο
1274 269 1525 314 Spectandum,
1552 270 1724 304 ducentes
1742 269 1936 311 ministros,

169 328 207 359 et
233 324 392 358 dominos
419 335 550 363 eorum,
586 323 681 367 pleni
717 325 829 364 erant,
864 323 927 363 ira,
962 323 1108 363 inuidia,
1145 322 1233 362 odio,
1270 323 1454 367 cupientes
1487 334 1525 357 se
1552 323 1734 357 uindicare
1769 323 1840 356 iam
1867 322 1936 364 diu,

169 379 345 412 aduersus
371 387 462 417 eum,
489 376 577 410 nihil
603 376 685 410 boni
711 376 763 410 illi
790 378 966 421 optantes,
993 377 1055 410 sed
1083 375 1278 420 cupientes,
1305 387 1368 420 per
1393 387 1442 417 se,
1471 378 1507 410 et
1532 376 1620 409 alios
1646 375 1786 409 saeuire
1813 377 1937 409 contra

170 431 282 471 illum,
309 431 403 464 sicut
428 441 532 464 suum
558 429 753 474 pessimum
772 428 973 470 Latronem,
1000 441 1069 463 non
1095 441 1134 463 se
1161 431 1325 473 potentes
1344 429 1485 470 satiare,
1513 429 1606 463 omni
1633 428 1831 474 opprobrio,
1858 438 1936 461 con-

168 486 319 528 temptu,
339 483 534 517 derissione
552 482 732 524 schmach,
759 482 979 521 scheltwort‚
1004 481 1225 525 schendung‚
1253 481 1488 525 verachtung,
1515 481 1607 526 pein,
1633 481 1703 516 vnd
1723 483 1830 526 spott,
1850 479 1938 513 Con-

170 537 269 570 ducti
296 536 490 570 creduntur
516 536 639 576 fuisse,
671 536 854 580 pecuniast,
881 536 925 569 ad
953 535 1136 570 Christum
1166 535 1320 569 maxime
1347 535 1591 578 affligendum,
1623 537 1659 569 et
1685 533 1937 579 perdendumb,

169 589 269 623 Nihil
295 589 492 623 illustriusc
520 588 578 633 [5³]‚
615 589 777 630 dominis,
815 600 903 633 quos
929 588 1096 629 mallicia,
1130 590 1334 630 exeecarat,
1370 588 1491 632 etqui
1523 600 1637 632 neque
1664 588 1788 628 Deum,
1823 597 1938 629 neque

170 643 332 677 homines
358 642 566 684 timebant2,
602 641 690 676 nihil
718 642 855 683 vanius,
890 641 1096 687 peruersius
1132 643 1168 675 et
1202 641 1422 683 insolentius,
1459 641 1642 681 ministris,
1679 641 1739 684 qui
1775 650 1819 673 ex
1846 650 1937 673 com-

170 695 340 729 missione
360 695 591 736 dominorum,
620 693 817 739 [Christum
836 694 1066 737 vexabantJd.
1111 695 1157 728 Et
1180 695 1290 738 paulo
1308 700 1389 737 post
1408 696 1483 736 (22.
1504 695 1643 738 Martii,
1666 693 1772 737 puto)
1799 694 1838 726 in
1864 692 1937 725 alia

170 760 214 782 ex
239 749 459 782 contionibus
484 749 556 782 illis
582 749 971 791 qnadrayesz'malibus.·
996 747 1085 781 Nolo
1109 747 1264 789 credere,
1290 747 1446 791 aliquem
1472 747 1529 781 hic
1547 758 1636 788 esse,
1662 749 1737 780 tam
1756 746 1884 779 durum
1903 748 1938 778 et

171 802 428 843 insensibilem,
455 802 579 835 cuiuse
607 813 666 835 cor
700 813 770 835 non
796 803 970 846 penetret,
997 812 1078 835 cum
1114 803 1212 834 recte
1243 801 1379 844 cogitet
1403 812 1536 841 secum,
1572 800 1745 844 quomodo
1772 799 1938 833 Christus

171 855 335 888 dominus
370 857 406 888 et
441 854 644 898 redemptor
683 855 769 896 eius,
808 857 883 887 tam
921 853 1104 888 dolorosos
1143 856 1179 887 et
1216 865 1348 896 graues
1383 853 1544 898 peregitf
1565 853 1765 887 transitusg
1791 855 1826 885 et
1861 862 1937 896 pro-

170 908 351 942 cessiones
386 907 422 941 in
460 907 633 952 principio
671 919 757 941 suae
796 907 984 952 passionis.
1036 909 1173 941 Deinde
1211 907 1377 940 canisius
1413 905 1692 952 „processioneffl
1720 917 1833 949 supra
1870 916 1938 938 me-

170 966 329 995 moratas
346 965 506 1004 recenset,
534 962 662 994 omissa
680 966 796 994 tamen
822 966 932 1004 sexta,
959 966 989 994 et
1013 961 1098 994 haec
1117 966 1235 994 notat:
1261 960 1331 995 Cur
1354 960 1493 1001 bonum,
1521 960 1586 993 hos
1605 959 1738 993 Christi
1762 958 1937 992 transitus

169 1016 206 1048 et
232 1014 479 1059 processiones
505 1014 620 1047 notari
648 1016 684 1047 et
709 1014 834 1048 sedulo
860 1014 1025 1048 meditari
1054 1015 1088 1048 1⁰
1115 1014 1279 1057 arguitur
1304 1016 1427 1047 nostra
1453 1013 1621 1058 superbia
1646 1013 1787 1046 initium
1823 1011 1937 1045 omnis

170 1068 309 1112 peccati
335 1070 375 1101 ut
400 1078 588 1101 noscamus
614 1067 833 1101 iudicemush
860 1071 895 1101 et
913 1078 1107 1110 arguamus
1132 1070 1290 1101 nostram
1319 1068 1516 1101 uanitatem
1543 1068 1578 1100 et
1603 1066 1816 1111 superbiam,
1844 1064 1937 1109 quod

171 1121 393 1164 gaudeamus
419 1121 470 1154 ire
497 1123 532 1154 et
558 1132 744 1155 curramus
770 1121 813 1155 ad
841 1121 935 1155 falsa
952 1122 1074 1155 mundi
1100 1121 1242 1165 gaudia,
1270 1121 1313 1155 ad
1332 1120 1507 1161 conuiuia,
1534 1119 1693 1161 choreas,
1719 1118 1936 1163 spectacula.

171 1175 192 1207 2
219 1174 312 1217 quod
335 1174 569 1218 procedamus
587 1174 702 1207 ornati
729 1176 764 1208 et
790 1174 903 1208 inflati
930 1174 1048 1219 cupidi
1075 1174 1216 1214 laudisi,
1244 1174 1307 1207 2Οιί
1333 1177 1373 1208 ut
1391 1174 1635 1208 discernamur
1661 1185 1681 1206 a
1700 1172 1825 1207 Judeis
1851 1183 1936 1215 gau-

171 1227 302 1261 dentib.
332 1229 368 1260 et
402 1227 570 1260 furentib.
621 1226 766 1261 Excitat
800 1239 864 1261 nos
900 1227 944 1261 ad
981 1227 1225 1262 Christianam
1261 1228 1562 1271 compassionem,
1602 1238 1680 1260 cum
1720 1228 1817 1259 recte
1854 1236 1936 1270 pon-

175 1280 362 1320 deramus,
401 1292 590 1325 personam
630 1280 780 1319 Christi,
821 1283 893 1314 tam
931 1280 1084 1314 nobilem
1125 1281 1200 1314 etc.¹
1238 1292 1307 1314 non
1346 1281 1481 1314 frustra
1516 1282 1589 1321 est,
1629 1282 1669 1313 vt
1702 1279 1855 1321 legimus
1894 1278 1936 1311 de

173 1333 225 1368 .D.
246 1333 395 1376 Virgine
427 1333 521 1377 quod
555 1344 639 1378 sepe
675 1333 831 1367 uisitarit
865 1334 954 1368 haec
989 1334 1067 1368 loca
1102 1337 1243 1375 sancta,
1280 1345 1300 1368 a
1328 1334 1469 1368 Christo
1504 1332 1748 1374 sanctificata,
1782 1332 1818 1365 2⁰
1844 1331 1935 1374 quod

171 1386 276 1420 multi
310 1398 356 1420 ex
393 1387 582 1421 deuotione
617 1386 786 1431 petierint
820 1389 952 1420 terram
988 1389 1152 1421 sanctam
1191 1388 1235 1421 ad
1269 1386 1475 1421 honoranda
1514 1386 1575 1419 illa
1611 1385 1689 1419 loca
1726 1386 1761 1418 in
1797 1384 1937 1428 quibus,

171 1440 378 1474 salutem
413 1442 573 1474 nostram
609 1440 670 1473 Dei
707 1440 801 1473 filius
837 1444 936 1474 tanto
971 1440 1092 1474 labore
1128 1444 1357 1485 operatus
1395 1440 1502 1481 est³‚
1538 1440 1574 1473 3ο
1602 1439 1693 1473 Hinc
1730 1441 1938 1472 ornamenta

172 1492 392 1534 Sacerdotis,
429 1494 598 1533 amictus,
635 1493 733 1533 alba,
770 1494 977 1536 cingulum⁴
1012 1496 1049 1528 4⁰
1076 1494 1168 1528 Hinc
1204 1494 1430 1528 visitationes
1468 1505 1594 1527 nouem
1633 1492 1865 1537 templorum,
1902 1493 1938 1524 et

171 1547 338 1580 altarium
367 1558 387 1580 a
414 1546 484 1591 pijs
510 1546 642 1580 usitate
669 1547 753 1580 παῖ’

292 1600 346 1633 Ita
372 1600 551 1634 Canisius.
603 1599 669 1641 Qui
695 1600 792 1644 pium
820 1600 1031 1634 exercitium
1062 1600 1172 1643 „Viae
1199 1600 1335 1635 orucis“
1365 1601 1443 1634 sive
1473 1600 1707 1642 „stationum
1737 1598 1817 1632 viae
1844 1597 1935 1632 dolo—

172 1665 276 1687 rosae
302 1665 417 1697 neque
450 1654 484 1687 in
512 1653 568 1686 his
599 1664 714 1697 neque
749 1653 785 1686 in
819 1653 967 1697 reliquis
1002 1654 1225 1688 contionibus
1260 1666 1323 1699 per
1357 1665 1434 1688 eam
1462 1652 1780 1695 Quadragesimam
1807 1651 1938 1685 habitis

174 1707 487 1747 commemoravit;
515 1709 674 1740 attamen
705 1707 1011 1751 „processionunff
1033 1707 1174 1741 illarum
1202 1707 1300 1741 cultu
1326 1719 1347 1741 a
1366 1707 1507 1741 Canisio
1533 1706 1778 1740 commendato
1806 1704 1937 1738 exerci-

172 1760 262 1794 tium
293 1760 452 1802 „viarum
489 1760 638 1801 crucis“,
676 1771 765 1803 quae
801 1761 870 1794 iam
906 1760 1086 1804 aliquibus
1112 1761 1200 1795 locis
1225 1760 1412 1795 institutae
1439 1762 1557 1801 erant,
1589 1759 1868 1804 praeparabatur
1903 1759 1939 1790 et

173 1813 470 1858 amplificabatur.
523 1813 712 1847 Caeterum
739 1813 759 1847 6
787 1814 1030 1857 processiones
1057 1826 1077 1848 a
1105 1814 1246 1849 Canisio
1272 1814 1475 1859 propositae
1502 1813 1571 1847 iam
1597 1813 1686 1847 satis
1720 1814 1806 1846 tunc
1831 1814 1937 1846 notae

173 1870 294 1907 erant;
322 1866 480 1911 plerique
507 1869 627 1900 tamen
653 1867 788 1911 primae
815 1867 1094 1911 praemittebant
1129 1867 1390 1912 processionem
1418 1879 1438 1901 a
1464 1867 1540 1901 loco
1575 1878 1683 1900 cenae
1719 1866 1866 1900 ultimae
1892 1866 1936 1900 ad

173 1919 327 1961 hortum,
354 1920 404 1953 ita
432 1922 471 1953 ut
498 1921 516 1954 7
545 1923 666 1954 essent
690 1920 885 1961 stationes;
913 1920 972 1954 alii
1000 1921 1020 1954 9
1046 1921 1105 1954 vel
1134 1922 1177 1955 10
1203 1921 1391 1966 ponebant.

176 2040 282 2077 927
309 2041 388 2076 sive
415 2050 538 2085 aug.
559 2039 615 2085 (b
629 2040 704 2085 9).
779 2040 836 2076 29.
855 2041 979 2077 Martii
1005 2041 1100 2077 1569.

293 2100 349 2134 Ex
383 2100 559 2134 contionis
593 2100 847 2134 commentario
881 2113 901 2135 a
929 2101 1071 2136 Canisio
1108 2102 1241 2135 dictato
1276 2104 1311 2135 et
1346 2103 1472 2146 postea
1506 2101 1550 2135 ab
1585 2101 1708 2135 eodem
1742 2101 1935 2145 recognito

174 2154 260 2189 Can.
281 2154 322 2188 31
351 2153 376 2188 f.
399 2154 475 2188 132.

296 2213 477 2256 Queritur,
503 2213 655 2246 militum
681 2223 795 2246 mores
821 2224 890 2246 esse
913 2215 1091 2256 pessimos.
1143 2215 1277 2247 Veteres
1302 2215 1476 2247 Helvetios
1501 2215 1635 2247 laudat.

298 2273 465 2306 Canisius
498 2273 538 2304 in-
564 2273 723 2305 contione
747 2272 812 2305 sub
839 2274 970 2306 exitum
998 2285 1040 2306 m.
1070 2273 1200 2307 Martii
1226 2276 1302 2315 (29.
1330 2275 1471 2317 Martii,
1505 2275 1609 2317 puto)
1640 2276 1731 2308 1569
1757 2276 1938 2317 Auyustae

177 2327 439 2360 Vindelicorum
464 2327 504 2358 in
530 2326 654 2368 templo
682 2326 718 2359 S.
746 2326 918 2359 Mauritii
942 2327 1074 2369 habita,
1105 2339 1181 2361 mom
1208 2328 1250 2359 de
1274 2327 1444 2361 militibus
1469 2330 1640 2370 romanis,
1668 2329 1730 2371 qui
1757 2328 1937 2361 Christum

173 2381 214 2412 in,
246 2380 360 2422 ipsius
382 2380 548 2422 passione
572 2380 775 2422 illuserunt,
807 2381 964 2422 dixisset,
995 2381 1081 2413 haec
1106 2381 1269 2413 addidit:
1299 2379 1391 2414 Nota
1418 2381 1556 2425 peiores
1582 2392 1675 2414 nunc
1701 2392 1780 2415 esse
1805 2381 1937 2415 milites

174 2444 195 2466 a
222 2433 352 2476 quibus
378 2432 534 2466 maxime
561 2431 726 2466 Christus
761 2432 994 2467 inhonoratur
1028 2434 1121 2467 inter
1156 2436 1191 2467 et
1226 2445 1335 2478 super
1360 2445 1482 2468 omnes
1517 2434 1615 2475 alios,
1651 2433 1763 2475 Quale
1796 2434 1936 2468 illorum

297 2497 324 2528 a)
345 2496 488 2529 precunia
502 2497 568 2521 libr.
625 2496 655 2528 b)
675 2495 858 2529 pei-tendum
872 2497 938 2522 libr.
994 2498 1020 2529 c)
1042 2498 1089 2522 Sic
1103 2497 1188 2528 Iibr.;
1207 2496 1399 2522 industrius?
1452 2496 1483 2527 d)
1499 2499 1578 2522 Haec
1590 2498 1634 2522 vel
1646 2498 1759 2522 similia
1772 2498 1936 2530 supplenda

174 2545 236 2562 esse
257 2545 304 2562 res
323 2538 390 2569 ipsa
410 2538 543 2563 ostendit.
599 2540 626 2568 e)
647 2539 785 2570 Sequitur
804 2545 876 2570 non,
895 2539 984 2564 omitt.
1040 2538 1064 2569 f)
1085 2540 1133 2564 Ita
1156 2541 1183 2563 (”.
1204 2539 1266 2570 ipse
1286 2539 1413 2564 cori-emit
1434 2547 1470 2564 ex
1488 2538 1570 2564 fecit.
1624 2541 1654 2571 g)
1675 2540 1740 2564 Duo
1760 2547 1802 2564 re).
1822 2547 1880 2571 sqq.
1900 2540 1936 2565 ab

175 2580 239 2610 ipso
260 2580 288 2604 C.
308 2587 400 2611 supra
421 2587 534 2604 versum
556 2580 666 2611 scripta
684 2583 761 2605 sunt.
817 2579 848 2612 h)
863 2579 1002 2605 iudemus
1017 2582 1046 2606 C.
1101 2580 1122 2611 i)
1144 2581 1190 2605 Ita
1211 2582 1240 2605 C.
1258 2587 1315 2605 sua
1335 2588 1423 2605 manu
1443 2582 1570 2605 coi-rescit
1589 2588 1625 2605 ex
1638 2589 1681 2606 vv.
1696 2589 1713 2606 α
1727 2582 1793 2606 libr.
1807 2582 1938 2613 scriptis:

176 2620 328 2653 superbia,
349 2619 430 2653 quod
450 2628 522 2653 sepe
543 2620 620 2646 imus
635 2628 727 2653 super
740 2620 867 2653 plateas,
888 2621 991 2651 infiati,
1011 2629 1167 2650 ornamus.
1187 2621 1315 2654 impura,
1335 2621 1365 2647 et
1379 2621 1494 2647 soedita
1508 2629 1645 2654 corpora,
1665 2621 1763 2648 uideri
1776 2622 1808 2648 et
1821 2622 1938 2649 laudari

178 2661 328 2692 volumus,
355 2663 579 2688 contemnimus
599 2662 684 2692 alios.
704 2663 735 2688 et
755 2662 830 2688 nihil
850 2663 950 2689 minus
971 2663 1140 2695 cogitamus
1162 2669 1253 2696 quam
1273 2663 1308 2689 ut
1326 2663 1480 2688 imitemur
1500 2662 1663 2692 Christum,
1683 2663 1714 2688 in
1734 2663 1787 2690 hac
1807 2671 1862 2690 sua
1881 2664 1935 2690 hu-

179 2703 316 2729 militate.
389 2703 422 2735 k)
442 2705 555 2736 Septem
577 2712 619 2729 vv.
633 2712 691 2736 sqq.
705 2713 723 2729 a
744 2706 773 2730 C.
787 2713 879 2737 supra
899 2713 1014 2730 versum
1033 2706 1146 2737 scripta
1166 2708 1243 2730 sunt.
1315 2704 1337 2737 l)
1361 2706 1622 2737 Quoia-sequuntur,
1642 2714 1658 2730 α
1674 2706 1740 2731 libr.
1754 2706 1785 2731 in
1805 2707 1937 2738 margine

176 2745 279 2769 addita
301 2748 376 2769 sunt.

301 2863 309 2881 ¹
339 2864 353 2895 1
383 2862 461 2896 Tim
489 2864 520 2903 6,
548 2864 603 2897 15.
630 2864 707 2909 Apc
736 2865 788 2905 17,
818 2866 880 2905 14;
910 2865 961 2906 19,
991 2865 1044 2899 16.
1191 2865 1203 2884 2
1230 2864 1283 2899 Cf.
1311 2864 1358 2899 Lc
1387 2864 1440 2906 18,
1468 2865 1488 2898 2
1514 2865 1547 2899 4.
1686 2865 1698 2885 ³
1724 2865 1771 2899 Ps
1799 2865 1852 2907 73,
1881 2866 1935 2901 12.

299 2916 311 2933 4
338 2914 389 2948 De
426 2917 579 2960 mystica
616 2916 683 2951 hac
720 2917 1015 2963 interpretatione
1049 2930 1084 2952 v,
1111 2919 1185 2952 Jos.
1220 2919 1349 2952 Braun
1377 2917 1410 2952 S.
1438 2918 1482 2960 J.‚
1517 2918 1582 2952 Die
1619 2918 1831 2961 liturgische
1869 2918 1935 2953 Ge-

178 2966 368 3009 wandung‚
394 2967 569 3012 Freiburg
594 2969 615 3003 i.
635 2971 692 3004 Br.
723 2972 823 3012 1907,
851 2971 1048 3006 710-719.

300 3020 313 3038 ⁶
340 3019 390 3052 De
408 3019 464 3054 his
482 3022 748 3057 visitationibus
767 3035 799 3059 v.
822 3025 903 3058 Car.
919 3025 978 3058 Al.
992 3025 1139 3058 Kneller
1152 3024 1186 3060 S.
1202 3024 1244 3065 J.,
1264 3023 1479 3059 Geschichte
1494 3024 1556 3058 der
1569 3023 1935 3067 Kreuzwegandacht,

178 3071 351 3115 Freiburg
375 3071 396 3105 i.
418 3072 474 3106 Br.
504 3074 602 3114 1908,
633 3076 708 3110 113.
