2044 3335
199 80 280 123 146
705 78 806 112 1546.
834 78 1000 114 Canisius
1026 77 1061 113 S.
1080 77 1271 112 Francisco
1297 78 1463 123 Borgiae.

195 200 346 237 1546.
447 201 664 237 CANISIUS
692 200 958 238 SANCTO
987 200 1376 238 FRANCISGO
1405 201 1723 238 BonGIAE
1759 205 1964 249 praeposito

385 255 543 298 generali
572 255 763 289 Societatis
790 255 884 290 Iesu.
1266 255 1465 300 Oeniponte
1495 256 1549 290 17.
1577 256 1783 291 Decembris
1812 258 1913 292 1567.

314 329 369 362 Ex
396 328 593 374 archetypo
623 329 700 372 (2⁰;
728 331 748 363 3
776 341 854 374 pp.;
890 330 924 363 in
952 341 986 374 p.
1013 329 1035 363 4
1062 329 1169 364 inscr.
1196 331 1233 363 et
1258 329 1431 374 reliquiae
1457 331 1553 374 sig),
1581 330 1700 366 Germ.
1730 331 1807 373 183,
1833 344 1867 367 n.
1895 310 1959 367 221

197 382 236 422 (f.
265 382 334 416 340
361 382 458 426 341).
510 382 676 416 Canisius
702 393 768 416 sua
795 394 902 417 manu
929 394 1056 416 nomen
1086 382 1280 425 („Seruus“
1303 382 1387 427 etc.)
1416 383 1642 428 subscripsit.

319 458 499 491 Tractatio
542 469 619 492 cum
661 460 797 501 regfl'ne's
839 459 1011 500 difficilis.
1077 459 1115 492 P.
1153 460 1329 502 Hoffaeas
1376 461 1693 503 vz'ceprovincialis.
1755 462 1964 496 Cateclzismi

194 511 351 544 Romam?
375 512 498 545 versio.
542 512 798 545 Centuriarmn
824 513 996 554 refutatio
1022 513 1195 554 difficilis,
1239 513 1363 546 Omnes
1388 514 1454 547 Fr.
1481 514 1560 546 Vici
1583 515 1752 556 discipuli
1775 516 1907 558 scripto
1933 520 1963 548 et

195 565 413 607 interpositis
438 565 546 597 minis
570 566 761 607 petierant,
787 569 826 598 ut
853 565 910 598 ille
934 565 1005 598 sibi
1030 566 1275 598 restitueretur
1284 577 1298 607 ‚·
1322 566 1398 599 eius
1419 567 1610 609 promissa.
1649 567 1688 600 P.
1713 568 1839 600 Gallus
1866 569 1962 612 „for-

195 615 410 650 miclabilis“.
464 618 502 651 P.
531 619 782 661 Sammarayr,
818 619 963 660 inm-ato
989 622 1019 651 et
1045 619 1179 661 inutili,
1216 619 1472 652 concedendum
1499 623 1557 662 est,
1583 624 1622 652 ut
1648 624 1751 653 extra
1780 621 1963 655 societatis

193 670 318 703 (lomus
354 671 480 703 victzcm
514 671 583 703 sibi
616 672 806 704 lautiorem
841 676 1001 714 quaerat.
1054 672 1093 705 P.
1120 671 1284 704 Haivodo
1318 676 1482 705 amanter
1505 673 1673 706 scribenti
1698 678 1882 716 apostatae
1901 685 1961 717 pe-

193 723 350 756 tulanter
375 725 645 767 responderant.
685 725 737 758 De
764 726 878 757 Sociis
905 725 1116 768 augustanis
1141 725 1217 757 sine
1240 725 1378 758 salario
1404 727 1652 759 sustentandis.

407 812 579 855 Jhesus.
643 813 738 854 Pax
770 813 929 855 Christi
962 813 1191 855 admodum
1225 813 1481 855 Reuerende
1513 813 1659 857 Pater.

313 888 453 930 Hodie
485 889 670 943 primum
714 890 796 931 huc
841 889 1018 938 accessi,
1065 903 1161 930 cras
1206 889 1426 931 aditurus⁸
1467 889 1658 942 Reginas
1674 891 1700 940 ¹,
1746 893 1794 933 ut
1836 891 1962 934 iussit

196 952 239 995 P.
268 953 439 996 Vestra.
484 954 621 996 Video
655 954 875 1008 negotium
909 954 1011 995 mihi
1045 957 1089 996 et
1119 953 1205 995 illis
1239 954 1413 996 difficile
1454 954 1560 1006 fore,
1608 956 1865 1009 praesertim
1907 957 1961 998 ob

194 1018 344 1061 literas
384 1018 556 1061 illarum
598 1020 747 1074 paucis
779 1020 833 1061 ab
866 1019 964 1061 hinc
996 1019 1146 1061 diebus
1179 1019 1233 1060 ad
1265 1033 1334 1060 me
1367 1019 1506 1063 datas,
1570 1019 1783 1074 Quidquid
1815 1024 1961 1064 autem

194 1084 394 1126 effectum
441 1084 588 1133 fuerit,
638 1085 759 1127 breui
805 1085 1031 1127 nunciabo.
1105 1084 1314 1126 Dominus
1362 1085 1470 1126 bene
1517 1089 1745 1139 prosperet
1788 1089 1961 1129 nostros

193 1150 375 1191 conatus
408 1149 461 1190 ad
494 1164 615 1191 suam
650 1151 847 1203 gloriam.

312 1213 472 1268 Accepi
511 1217 578 1258 23.
613 1215 874 1257 Nouembris
915 1215 1054 1266 datas,
1098 1217 1143 1256 et
1183 1229 1285 1257 suas
1325 1215 1493 1257 reddidi
1533 1216 1584 1258 D.
1628 1215 1792 1257 Paulo2
1832 1216 1960 1258 Vice-

194 1279 461 1333 prouinciali,
507 1281 580 1333 qui
624 1281 742 1322 uisus
787 1283 854 1322 est
895 1294 1026 1333 aegre
1058 1280 1139 1322 hoc
1180 1293 1337 1321 nouum
1379 1293 1534 1322 munus
1579 1280 1822 1332 admittere,
1866 1284 1959 1323 tum

195 1347 373 1399 propter
404 1345 577 1388 solitam
618 1346 1037 1400 pusillanimitatem,
1080 1348 1173 1388 tum
1204 1348 1386 1399 propter
1418 1345 1606 1387 officium
1640 1346 1915 1388 contionandi
1929 1348 1960 1390 3.

194 1410 363 1452 Scribet
403 1410 496 1464 ipse
538 1411 590 1452 de
631 1426 708 1453 suo
750 1411 893 1453 animo
928 1411 1066 1452 fusius
1097 1410 1140 1451 in
1173 1409 1312 1452 literis
1344 1410 1572 1453 adiunctis
1635 1410 1960 1454 Jntellexerunt

195 1475 404 1517 Rectores
436 1490 584 1518 omnes
616 1477 728 1518 hunc
760 1476 840 1518 sibi
863 1475 1147 1518 Prouincialis
1178 1475 1274 1517 loco
1304 1475 1611 1517 consulendum
1636 1477 1680 1518 et
1701 1476 1959 1518 audiendum

193 1554 301 1582 esse.
345 1540 658 1583 Conueniemus
679 1541 909 1595 Augustae
941 1541 1067 1583 ambo
1099 1543 1198 1595 post
1229 1540 1362 1581 ferias
1384 1540 1655 1594 Epiphaniae
1667 1542 1696 1591 4,
1730 1544 1778 1584 ut
1799 1542 1960 1584 rectius

193 1619 219 1647 a
241 1620 308 1647 me
325 1605 568 1648 instruatur
590 1607 643 1648 de
665 1609 783 1649 statu
808 1606 1060 1648 Prouincias
1083 1619 1134 1647 ac
1156 1604 1400 1659 praecipuis
1423 1605 1752 1648 difficultatibus
1775 1606 1959 1661 Collegi-

193 1685 328 1714 orum.
382 1672 562 1713 Jnterea
596 1673 860 1726 postremam
893 1674 1063 1726 partem
1086 1670 1345 1713 Catechismi
1366 1670 1550 1711 Romani
1574 1670 1828 1713 Germanice
1861 1685 1959 1713 uer-

192 1736 323 1778 tendo
365 1740 410 1779 et
452 1737 706 1790 corrigendo
746 1736 952 1791 perficiet,
996 1750 1047 1778 ac
1085 1736 1337 1788 frequentes
1370 1735 1597 1777 conciones
1629 1735 1817 1779 habebit.
1880 1736 1959 1778 Jn-

192 1806 314 1844 terea
356 1805 401 1844 et
441 1816 522 1855 ego
560 1802 781 1844 conficiam
815 1802 894 1843 hoc
926 1802 1021 1844 loco
1054 1803 1099 1843 et
1131 1800 1332 1854 Dilingae
1364 1800 1541 1853 negotia
1573 1814 1684 1851 mea,
1727 1803 1774 1843 ut
1806 1804 1960 1855 postea

192 1866 369 1909 liberius
401 1867 455 1909 ad
487 1881 594 1922 opus
617 1867 920 1910 Centuriarum
942 1867 1096 1920 ingens
1126 1866 1330 1907 accedam
1362 1865 1495 1907 solius
1528 1865 1799 1908 obedientiae
1830 1880 1958 1920 prae-

193 1932 376 1974 standae
408 1946 552 1983 causa,
587 1935 632 1974 et
663 1932 750 1974 scio
784 1932 929 1974 uarias
952 1931 1054 1973 mihi
1077 1931 1299 1973 molestias
1322 1933 1366 1972 et
1388 1930 1668 1972 difficultates
1690 1945 1774 1972 non
1796 1945 1958 1985 paucas

193 1997 286 2039 hicb
319 1997 636 2039 exhauriendas
669 2011 776 2040 esse.
841 1996 1049 2039 Dominus
1082 1996 1190 2038 bene
1223 1998 1380 2038 uertat.
1443 1995 1508 2037 De
1540 2009 1774 2049 progressu
1816 1996 1958 2050 operis

193 2077 269 2104 suo
301 2066 498 2117 tempore
530 2063 724 2113 monebo,
758 2066 807 2105 ut
838 2062 1077 2116 postulauit
1109 2061 1155 2103 P.
1189 2061 1363 2103 Vestra.

312 2127 432 2177 Quod
455 2127 509 2169 ad
532 2128 559 2170 J
563 2129 775 2169 oannem5
806 2127 996 2180 Anglum
1030 2127 1203 2176 attinet,
1237 2125 1376 2167 uisum
1400 2128 1468 2168 est
1491 2125 1665 2168 Rectori
1688 2125 1959 2179 Dilingensi6

193 2195 238 2236 et
281 2193 406 2243 mihi,
452 2196 552 2247 post
596 2193 782 2246 scriptas
827 2192 977 2234 literas
1022 2192 1131 2234 alias
1176 2190 1335 2233 diutius
1379 2190 1499 2232 illum
1543 2191 1814 2233 retinendum
1862 2205 1957 2233 esse

195 2258 406 2312 Dilingae,
450 2257 533 2300 etsi
571 2258 693 2300 nobis
731 2258 858 2299 ualde
891 2257 1121 2311 displiceat
1151 2256 1232 2298 hoc
1264 2255 1483 2309 ingenium
1516 2256 1624 2298 satis
1655 2256 1956 2310 periculosum.

195 2323 401 2377 Discipuli
446 2323 537 2365 eius
582 2337 730 2365 omnes
776 2323 829 2364 ab
870 2322 944 2364 illo
985 2322 1078 2377 ipso
1121 2321 1358 2371 subornati,
1403 2325 1450 2363 ut
1491 2323 1707 2375 putamus,
1749 2321 1957 2375 scriptum

193 2389 407 2441 quoddam
430 2389 606 2431 Rectori
630 2389 893 2438 obtulerunt,
927 2402 1009 2441 quo
1042 2388 1370 2442 praeceptorem
1397 2386 1477 2427 sibi
1499 2385 1671 2428 restitui
1692 2387 1782 2427 tam
1806 2399 1957 2427 seuere

194 2455 481 2507 postularunt,
515 2456 564 2496 ut
596 2453 877 2503 minarentur,
912 2467 958 2494 se
981 2453 1064 2495 alio
1089 2453 1366 2505 migraturos,
1401 2451 1482 2492 nisi
1504 2451 1594 2493 uoti
1617 2453 1837 2504 compotes
1860 2450 1956 2492 red-

193 2519 409 2562 derentur.
454 2519 534 2561 His
555 2518 694 2561 literis
716 2518 1064 2572 subscripserunt
1086 2517 1246 2570 singuli
1268 2517 1310 2558 in
1327 2515 1562 2558 Rhetorica
1585 2516 1736 2558 classe.
1781 2516 1831 2557 D.
1857 2515 1956 2557 Pisa

192 2584 318 2637 plura
359 2584 520 2627 scribet
562 2585 614 2626 de
655 2584 804 2626 eodem
838 2584 1006 2625 Joanne
1049 2586 1093 2625 et
1134 2583 1225 2624 eius
1259 2581 1521 2632 coadiutore,
1565 2594 1689 2633 quem
1723 2581 1955 2623 Doctorem

301 2676 328 2705 a)
349 2674 487 2700 abiturus
508 2677 586 2700 arch.
661 2675 691 2707 b)
713 2677 760 2701 Ita
780 2676 811 2701 in
831 2677 910 2700 arch.
931 2679 1090 2700 correctum
1111 2678 1153 2700 est
1172 2682 1208 2699 ex
1227 2673 1306 2700 hinc.

317 2804 326 2823 ¹
352 2803 604 2846 Magdalenam
632 2806 668 2838 et
694 2804 879 2839 Helenam.
1026 2804 1039 2824 ²
1066 2804 1233 2845 Hoffaeo;
1260 2815 1294 2837 v,
1321 2814 1430 2847 supra
1456 2813 1489 2846 p.
1510 2802 1576 2836 119
1607 2801 1683 2836 123.

314 2857 326 2876 ³
352 2856 532 2890 Monachii
568 2858 601 2890 in
628 2858 761 2902 templo
788 2858 1027 2892 Eremitarum
1057 2857 1091 2892 S.
1118 2856 1324 2901 Augustini,
1361 2867 1430 2899 quo
1457 2855 1645 2898 collegium
1673 2866 1813 2899 quoque
1839 2854 1954 2889 Socie—

193 2909 279 2943 tatis
306 2910 484 2949 utebatur,
512 2910 733 2944 contionator
761 2913 846 2944 erat.

313 2964 325 2982 4
351 2963 438 2996 Post
465 2964 495 2996 6.
524 2963 679 2996 Ianuarii
709 2965 811 2998 1568.

313 3017 326 3035 ⁵
351 3015 480 3049 Vicum
507 3016 705 3050 rhetoricae
732 3018 766 3050 in
794 3017 1031 3051 universitate
1050 3016 1233 3060 dilingana
1251 3015 1509 3060 professorem
1538 3026 1572 3048 v.
1591 3025 1700 3058 supra
1725 3026 1758 3058 p.
1780 3013 1847 3048 136
1876 3013 1952 3048 140.

313 3070 325 3089 ⁶
352 3068 389 3102 P.
418 3068 636 3102 Theodorico
664 3069 816 3103 Canisio.
