2044 3335
192 162 273 203 102
729 160 829 196 1523.
857 161 1023 196 Canisius
1050 162 1213 196 Andreae
1239 162 1412 198 Fabricio.

306 279 390 322 Sed
422 293 571 333 parum
605 278 737 322 fuerit
768 278 902 331 illum,
937 280 1010 333 qui
1032 280 1341 323 Ecclesiastica
1364 281 1578 335 dignitate
1601 284 1798 324 caeteros
1821 282 1950 325 debet

187 345 466 398 praecellere,
500 344 709 386 maiorum
742 359 917 387 suorum
951 346 1151 400 exemplo
1185 346 1452 389 Catholicum
1485 361 1602 389 esse:
1641 348 1777 390 multo
1809 348 1950 401 magis

186 409 323 453 refert
364 424 415 452 ac
456 423 633 452 necesse
674 412 742 451 est
781 410 900 452 illum
934 411 1061 452 simul
1092 411 1210 465 pium
1244 412 1432 454 existere
1465 416 1509 454 et
1541 412 1717 466 pietatis
1750 413 1948 467 exemplo

187 475 283 529 alijs
314 476 577 529 praelucere.
632 474 752 524 Quod
784 477 833 518 ut
858 475 1069 529 paulatim
1093 477 1211 518 Duce
1234 476 1404 519 Christo
1427 478 1517 528 fiat,
1552 477 1712 520 habeat
1733 478 1776 520 in
1799 478 1949 532 primis

185 539 302 593 pium
337 543 381 582 et
412 540 668 594 prudentem
702 540 872 582 animae
905 554 1010 583 suae
1042 541 1277 583 medicum:
1324 542 1499 584 Patrem
1533 542 1853 585 Confessarium
1885 543 1949 585 lo-

186 619 305 657 quor,
341 605 408 647 cui
439 619 570 660 saepe
605 605 822 658 certisque
855 605 956 647 anni
989 606 1256 660 temporibus
1289 607 1597 649 conscientiam
1631 622 1750 650 suam
1780 609 1949 663 aperiat

186 673 230 712 et
261 671 587 724 gubernandam
619 671 871 725 permittat:
915 671 1034 713 cuius
1067 672 1198 714 etiam
1232 672 1422 727 consilijs
1456 672 1495 713 in
1529 673 1658 714 rebus
1690 673 1946 727 praesertim

183 736 470 787 grauior-ihm,
503 736 688 779 libenter
721 739 885 780 Vtatur.
939 737 1105 779 Deinde
1130 752 1282 791 preces
1313 738 1383 779 vel
1406 738 1550 780 Horas
1572 738 1811 780 Canonicas
1842 752 1947 792 quo-

183 800 289 843 tidie
310 801 497 844 recitare
518 815 738 855 nunquam
762 802 951 852 omittat,
986 803 1158 845 etiamsi
1182 803 1295 845 domi
1318 817 1403 845 non
1425 806 1688 853 versaretur,
1722 817 1949 857 magnum-

184 880 267 919 que
311 867 526 921 piaculum
571 867 720 918 ducat,
767 891 825 896 -—
855 874 937 898 —2
981 867 1338 910 Ecclesiasticum
1384 868 1640 911 Antistitem
1685 868 1947 910 Beneficium

185 931 276 974 sine
309 932 464 983 officio,
497 935 547 974 vt
579 935 751 983 vocant,
785 932 1020 986 possidere,
1055 936 1100 975 et
1122 933 1363 975 Ecclesiam
1398 934 1526 976 statis
1558 933 1764 976 fraudare
1793 935 1948 976 suffra-

183 997 310 1051 gijs1.
364 998 571 1041 Libenter
602 998 810 1052 templum
843 998 988 1048 adeat,
1022 1012 1073 1040 ac
1104 999 1257 1053 templi
1289 1003 1406 1042 amet
1438 1002 1652 1042 ornatum.
1706 999 1754 1040 In
1787 999 1949 1054 templo

183 1065 437 1105 reuerenter
478 1067 594 1114 oret,
638 1067 683 1106 et
721 1063 950 1106 honestam
983 1064 1276 1106 ministrorum
1313 1064 1581 1118 disciplinam
1615 1078 1665 1106 ao
1698 1064 1949 1118 diligentem

183 1141 306 1169 Vsum
349 1129 691 1171 ceremoniarum
732 1130 888 1183 probet
928 1143 979 1171 ac
1019 1129 1171 1183 exigat
1202 1130 1407 1172 studiose.
1472 1130 1635 1172 Vtatur
1665 1129 1748 1184 pijs
1781 1143 1949 1183 quoque

182 1192 336 1234 libellis
388 1208 722 1248 saepenumero,
777 1197 826 1237 vt
873 1197 974 1236 sunt
1021 1195 1233 1237 Hortulus
1286 1195 1456 1237 animae
1472 1196 1501 1246 2,
1555 1195 1764 1249 pharetra
1816 1194 1947 1236 diuini

181 1257 354 1300 Amoris
370 1259 398 1309 3,
440 1259 611 1301 libellus
645 1260 696 1301 de
728 1259 977 1302 Imitatione
1010 1259 1181 1309 Christi,
1215 1260 1521 1303 meditationes
1553 1260 1728 1302 Tauleri
1761 1260 1813 1302 de
1844 1274 1946 1314 pas-

181 1323 300 1365 sione
332 1324 505 1366 Domini
520 1326 549 1375 4,
592 1324 727 1366 libelli
760 1324 966 1367 Ludouici
999 1325 1132 1379 Blosij
1149 1327 1179 1376 5,
1214 1329 1258 1368 et
1290 1325 1360 1379 qui
1395 1327 1496 1367 sunt
1529 1325 1620 1367 eius
1652 1325 1824 1378 generis
1858 1325 1944 1379 alij,

179 1389 437 1442 praesertim
460 1404 565 1432 vero
587 1389 906 1440 meditationes,
938 1391 1141 1433 manuale
1163 1392 1207 1432 et
1229 1390 1456 1444 soliloquia
1471 1390 1485 1410 b
1509 1389 1570 1444 [P]
1595 1390 1644 1433 D.
1669 1389 1903 1443 Augustini
1917 1390 1945 1433 6.

180 1454 248 1496 Ad
291 1455 399 1497 haec
430 1455 725 1498 Immortalem
759 1455 928 1497 DEVM
968 1469 1074 1510 prae
1114 1455 1248 1498 oculis
1281 1455 1464 1506 habere,
1511 1460 1556 1498 et
1587 1467 1799 1497 summam
1831 1455 1946 1497 illius

179 1521 272 1561 tum
304 1520 557 1571 bonitatem,
598 1523 690 1563 tum
720 1520 935 1575 justitiam
971 1521 1245 1563 considerare
1278 1521 1439 1569 discat;
1487 1520 1571 1563 Sed
1604 1523 1649 1563 et
1681 1520 1944 1574 singularem

179 1584 486 1628 Reuerentiam
530 1586 702 1628 diuinae
744 1588 788 1628 et
826 1589 1033 1628 aeternae
1064 1586 1308 1637 maiestati,
1351 1585 1609 1640 praesertim
1650 1585 1694 1627 in
1736 1586 1944 1637 cubiculo,

180 1653 409 1704 praestare
443 1665 525 1692 non
559 1651 748 1702 omittat,
783 1652 909 1693 flexis
941 1651 983 1693 in
1011 1651 1091 1693 hoc
1114 1651 1309 1705 genibus,
1345 1654 1567 1694 exstructo
1592 1651 1734 1701 altari,
1769 1654 1812 1693 et
1838 1651 1945 1693 reci-

181 1714 300 1765 tatis,
334 1717 591 1769 praesertim
624 1731 751 1759 mane
784 1720 828 1759 et
861 1717 1045 1771 vesperi,
1080 1717 1281 1771 precibus
1313 1731 1409 1758 cum
1443 1716 1557 1758 omni
1589 1716 1754 1770 pietate
1781 1719 1826 1759 et
1847 1716 1945 1757 sub-

299 1810 327 1837 a)
358 1809 423 1838 Sic;
451 1809 657 1841 archetypum,
686 1817 740 1840 qno
766 1812 892 1841 tempore
919 1809 1182 1841 trcmscribebatw,
1211 1810 1261 1834 hoc
1287 1810 1344 1834 loco
1371 1810 1414 1834 vel
1440 1810 1573 1834 lacunam
1600 1809 1645 1833 vel
1670 1817 1758 1833 unum
1785 1809 1945 1833 alterumve

183 1849 307 1880 ret-bum,
326 1850 400 1880 quod
421 1851 477 1881 leyi
497 1858 552 1875 non
570 1854 698 1882 poterat,
717 1851 853 1876 habuisse
873 1851 998 1876 videtur.
1055 1851 1085 1883 b)
1105 1852 1155 1876 Vel
1174 1850 1389 1883 soliloquium;
1408 1849 1571 1883 soliloquiu
1586 1851 1665 1881 AB;
1685 1858 1710 1875 v.
1723 1851 1818 1881 infra,
1838 1851 1906 1875 adn.
1921 1852 1945 1874 6.

303 1957 312 1976 ¹
339 1957 378 1990 In
405 1957 554 1992 Concilii
580 1957 834 1992 Lateranensis
857 1957 900 1992 V.
927 1958 1088 1992 sessione
1114 1957 1187 1998 IX„
1215 1959 1246 1992 5.
1270 1957 1357 1991 Maii
1384 1957 1477 1991 1514
1502 1956 1637 1998 habita,
1671 1958 1742 1991 Leo
1768 1958 1813 1991 X.
1842 1956 1947 1990 Bulla

181 2009 446 2044 reformationis
488 2010 692 2055 „Supernae
731 2010 976 2055 dispositionis
1015 2010 1182 2045 arbitrio“
1226 2010 1322 2044 edita
1360 2010 1396 2054 (ἓ
1433 2010 1493 2054 38)
1531 2010 1680 2044 clericos
1714 2021 1847 2051 omnes,
1885 2009 1947 2054 qui

181 2062 393 2097 beneficium
421 2063 706 2098 ecclesiasticum
725 2063 909 2104 haherent,
930 2064 1034 2105 serio,
1054 2064 1226 2107 gravibus
1244 2064 1368 2108 poenis
1387 2063 1591 2108 propositis,
1616 2063 1946 2105 commonefecerat,

181 2118 223 2150 ut
247 2116 503 2151 satisfacerent
528 2117 657 2159 officio,
685 2117 776 2162 quod
803 2129 849 2151 ex
867 2118 982 2151 veteri
1002 2117 1176 2151 ecclesiae
1196 2117 1454 2151 consuetudine
1472 2117 1516 2151 iis
1534 2119 1623 2158 erat,
1649 2116 1824 2150 recitandi
1841 2117 1949 2150 horas

182 2169 371 2204 canonicas
397 2170 475 2204 sive
501 2170 661 2205 officium
687 2171 849 2204 divinum
875 2171 1099 2215 (Bullarz'mn
1125 2170 1325 2204 Romanum
1351 2170 1384 2204 V
1411 2170 1510 2213 612).

301 2229 314 2249 2
348 2229 400 2263 De
440 2230 642 2272 „Hortulis“
686 2243 720 2265 V.
750 2232 837 2265 Can.
865 2231 917 2265 IV
952 2230 1031 2264 251.
1082 2232 1185 2264 Anno
1214 2230 1304 2264 1563
1342 2229 1508 2263 Canisius
1547 2228 1721 2263 eiusmodi
1756 2228 1948 2262 Hortulum

182 2282 348 2326 Dilingae
375 2284 549 2318 edendum
577 2287 786 2324 curaverat3
815 2297 849 2318 v.
876 2284 898 2318 l.
926 2295 955 2318 c.
983 2283 1182 2318 991—995.

302 2343 314 2362 ³
340 2343 445 2377 Hunc
470 2343 600 2377 librum
628 2344 779 2377 Ioannes
805 2343 927 2377 Iustus
954 2343 1209 2388 Lanspergius,
1240 2342 1477 2377 Cartusianus
1512 2341 1726 2376 coloniensis
1751 2342 1787 2374 et
1815 2339 1948 2374 Canisii

183 2395 330 2436 amicus,
357 2396 536 2437 ediderat;
564 2408 598 2431 V.
621 2397 708 2431 Can.
730 2396 760 2429 ΙΙ
787 2397 883 2431 680³.

302 2457 312 2474 ⁴
341 2455 447 2489 Liber
477 2456 549 2498 „De
578 2456 651 2490 vita
679 2458 715 2490 et
739 2455 907 2500 passione
934 2455 1127 2490 salvatoris
1156 2455 1270 2489 nostri
1295 2455 1377 2489 Iesu
1405 2453 1539 2488 Christi
1565 2453 1727 2498 piissima
1753 2452 1944 2486 exercitia“

183 2519 203 2541 a
238 2508 368 2542 Ioanne
394 2509 547 2543 Taulero
583 2509 623 2544 O.
652 2509 778 2543 Praed.
808 2508 845 2550 (†
873 2508 980 2552 1361)
1017 2508 1242 2553 conscriptus
1277 2508 1420 2552 quidem
1455 2519 1525 2541 non
1552 2509 1624 2548 est,
1657 2505 1719 2539 sed
1755 2516 1835 2539 cum
1872 2505 1949 2539 eius

182 2561 322 2595 nomine
359 2561 696 2603 circumfer-ebatum
736 2562 890 2607 primum
926 2562 1025 2607 typis
1059 2561 1231 2604 vulgatus
1270 2563 1326 2595 est
1363 2572 1384 2594 a
1416 2560 1608 2594 Laurentio
1643 2558 1745 2593 Surio
1781 2558 1822 2593 O.
1850 2558 1946 2593 Cart.

185 2613 351 2648 Coloniae
377 2626 408 2650 a.
430 2616 532 2650 1548.

302 2675 315 2694 ⁵
349 2674 607 2709 sanctissimus
645 2677 681 2709 et
718 2674 947 2708 doctissimus
987 2674 1043 2707 vir
1078 2673 1282 2708 Ludovicus
1317 2673 1459 2706 Blosius
1493 2671 1535 2706 O.
1555 2671 1589 2705 S.
1610 2671 1647 2706 Β.
1677 2669 1945 2714 (1506—1566)

182 2725 292 2760 abbas
327 2727 511 2762 laetiensis
541 2728 714 2771 (Laetiae,
741 2727 887 2769 Liessis‚
919 2728 954 2761 in
982 2726 1116 2771 Gallia)
1153 2726 1286 2760 multos
1320 2726 1429 2759 libros
1463 2724 1675 2768 libellosque
1706 2723 1749 2756 ad
1775 2722 1947 2767 pietatem

185 2779 411 2814 excitandam
438 2783 474 2815 et
500 2781 779 2815 confirmandam
806 2781 1026 2826 pertinentes
1052 2779 1277 2824 conscripsit,
1312 2781 1370 2813 ut:
1407 2778 1618 2812 Paradisum
1654 2776 1793 2810 animae
1819 2775 1947 2816 fidelis,

185 2832 472 2877 Psychagogiam
511 2845 575 2868 seu
613 2835 753 2868 animae
789 2833 1068 2874 recreationem,
1108 2832 1286 2867 Sacellum
1328 2831 1466 2865 animae
1504 2830 1640 2871 fidelis,
1679 2828 1944 2863 institutionem

185 2886 419 2930 spiritualem,
446 2887 684 2930 Margaritum
710 2887 898 2932 spirituale
925 2889 992 2921 etc.

303 2946 316 2965 ⁶
353 2946 441 2979 Pius
477 2945 536 2979 hic
574 2946 664 2980 liber
702 2946 976 2990 Soliloquiorum
1016 2944 1176 2989 (incipit:
1220 2944 1461 2987 „Cognoscam
1500 2944 1536 2976 te
1571 2941 1740 2979 Domine,
1776 2939 1947 2983 Cognitor

185 2998 338 3041 meus“),
366 3009 471 3042 quem
497 3010 517 3032 a
543 2998 800 3044 philosophicis
826 2999 898 3033 illis
928 2998 1224 3042 „Soliloquiorum
1250 2996 1351 3030 libris
1377 2996 1531 3030 duobus“
1563 3007 1626 3040 per
1652 2995 1685 3029 S.
1705 2993 1946 3036 Augustinum

185 3052 397 3096 conscriptis
423 3052 531 3096 probe
558 3052 731 3095 distingui
757 3054 907 3097 oportet,
944 3051 1027 3085 olim
1054 3051 1206 3095 quidem,
1237 3049 1384 3094 perinde
1410 3060 1452 3082 ac
1481 3047 1774 3091 „Meditationes“
1804 3045 1886 3079 illae
1913 3048 1948 3079 et

188 3104 409 3146 „Manuale“,
445 3116 525 3138 cum
561 3106 756 3148 Augustini
790 3106 931 3139 nomine
967 3103 1304 3143 circnma-ebatum
1340 3113 1434 3136 nunc
1469 3113 1553 3135 vero
1584 3101 1677 3134 inter
1711 3109 1833 3133 omnes
1867 3109 1947 3132 con-

186 3158 294 3200 venit,
321 3161 396 3192 tres
422 3158 529 3192 hosce
555 3158 664 3192 libros
691 3159 832 3200 spurios
859 3170 958 3199 esse;
987 3157 1048 3201 qui
1074 3157 1189 3190 medio
1216 3167 1305 3190 aevo
1331 3154 1518 3199 compositi
1545 3165 1624 3188 esse
1649 3153 1827 3186 videntur.

1764 3314 1781 3331 2}
