2044 3335
164 89 248 130 214
696 88 798 122 1591.
825 87 865 121 P.
892 87 1028 122 Paulus
1053 88 1225 123 Hoffaeus
1251 87 1405 123 Canisio.

162 204 255 238 fatto
290 204 325 238 la
350 204 573 249 professione
592 230 600 238 .
620 205 656 237 et
682 203 725 237 de
751 203 812 248 piu
839 203 904 238 che
931 203 1126 248 Wolfango
1151 204 1377 240 hercularioa
1412 205 1448 239 in
1482 205 1591 240 niuna
1625 205 1786 240 maniera
1811 206 1927 241 faccia

162 257 394 302 professione,
427 268 472 290 ne
498 256 587 301 pigli
614 256 748 290 ordine.
800 256 908 302 Sapia
934 269 1065 292 ancora
1090 257 1134 292 V.
1161 257 1203 291 R.
1230 258 1296 292 che
1322 258 1439 292 alcun’
1456 258 1548 293 altra
1573 269 1727 303 persona
1753 258 1818 293 che
1844 259 1926 293 sim-

161 310 375 355 plicemente
402 312 438 343 et
463 321 527 354 per
554 309 793 354 imprudentia
818 309 961 344 haueua
986 310 1078 345 fatto
1105 310 1200 345 simil
1227 322 1319 353 cosa,
1353 311 1398 345 ha
1424 311 1560 346 hauuto
1587 312 1631 345 da
1656 311 1699 346 N.
1727 311 1842 346 Padre
1867 312 1926 346 bo-

161 364 309 398 nissima
335 363 524 408 penitenza
539 390 545 398 .
561 374 619 396 ma
645 363 675 397 si
694 365 863 397 contenta
890 363 955 397 che
969 363 1013 398 V.
1033 363 1075 397 R.
1101 364 1137 397 in
1161 365 1360 409 penitentia
1378 365 1457 399 dica
1474 367 1530 399 tre
1549 364 1663 407 giorni
1691 364 1716 398 li
1735 365 1766 399 7.
1786 365 1891 399 salmi
1905 366 1926 407 ¹,

161 419 197 450 et
235 416 270 450 al
307 416 377 450 fine
415 415 601 449 delicta
639 416 746 460 quis
788 416 1073 459 intelligit?
1116 417 1168 451 ab
1207 417 1420 451 occultis
1458 417 1574 451 meis
1610 417 1778 451 munda
1816 418 1926 459 me²;

160 469 296 503 benche
322 469 352 503 si
378 469 555 514 persuade
581 468 647 503 che
674 471 805 513 questa
830 481 913 504 cosa
940 472 958 503 e
985 471 1082 504 stata
1108 482 1172 514 per
1196 481 1339 515 pensar,
1365 470 1430 504 che
1456 470 1489 504 10
1516 472 1647 515 poteua
1673 471 1761 512 fare,
1796 473 1833 505 et
1857 482 1927 505 non

160 533 224 567 per
249 522 387 556 malitia
421 534 441 556 o
467 521 709 556 inobedientia
735 523 865 557 alcuna
884 549 892 557 .
910 534 974 567 per
999 524 1101 557 tanto
1127 523 1172 558 V.
1198 523 1240 557 R.
1275 523 1420 557 intende
1454 524 1490 557 la
1516 525 1636 557 mente
1663 523 1697 557 di
1724 522 1757 558 S.
1787 523 1928 558 Santita

161 578 197 609 et
223 575 256 609 di
275 575 317 609 N.
337 575 453 610 Padre
480 574 546 609 che
571 587 642 609 non
668 576 699 610 si
725 587 897 620 promoua
922 576 1050 610 alcuno
1077 587 1184 610 senza
1210 576 1432 621 professione
1458 578 1495 610 et
1519 575 1684 610 licentia“
1719 575 1780 620 (ex
1803 587 1926 621 apogr.

161 628 272 663 eiusd.
299 630 428 673 temp.;
458 628 577 663 Germ.
605 629 648 663 67
676 629 700 663 f.
722 629 817 673 193).

277 681 407 716 Nescio
443 693 487 715 an
515 682 573 716 vel
601 694 680 716 cum
716 682 772 716 his
798 682 858 716 vel
885 694 965 717 cum
1001 682 1083 716 aliis
1109 681 1246 717 Canisii
1280 681 1413 717 litteris
1440 682 1587 716 Hoffaeo
1614 681 1726 716 missa
1760 682 1833 716 sint
1859 683 1927 716 duo

158 735 221 769 illa
247 735 400 778 Borgiae
426 737 631 780 praecepta,
667 746 759 779 quae
785 736 881 770 circa
916 735 951 770 id
977 737 1121 780 tempus
1155 735 1190 769 in
1218 747 1340 770 omnes
1368 735 1559 770 Societatis
1585 735 1790 780 provincias
1815 735 1927 770 missa

159 799 239 823 esse
265 790 429 822 notatum
456 790 512 822 est
537 788 573 822 in
599 789 746 832 antiquo
773 789 834 823 illo
862 789 991 823 Codice
1023 789 1166 832 „Def.“:
1206 790 1257 832 „A
1284 789 1315 823 3.
1344 789 1378 823 di
1404 790 1541 832 Agosto
1568 789 1691 822 ordine
1718 788 1817 823 accio
1843 789 1927 832 ogni

160 841 311 885 collegio
336 853 400 886 per
427 842 510 885 ogni
536 853 634 876 mese
661 842 790 876 dicessi
817 845 872 876 tre
897 854 1016 877 messe
1042 854 1106 887 per
1124 842 1158 877 S.
1179 842 1319 877 Santita
1345 844 1382 876 et
1407 844 1534 886 questo
1560 853 1624 887 per
1648 853 1696 876 un
1723 853 1826 883 anno,
1852 853 1929 877 ces-

160 895 272 930 sando
299 894 417 939 quelle
444 895 510 930 che
544 895 575 929 si
601 894 771 929 soleuano
799 895 874 929 dire
900 896 984 939 ogni
1011 895 1230 930 settimana3
1256 895 1474 940 dapertutto.
1525 895 1556 928 A
1583 895 1640 929 26.
1666 895 1702 928 di
1733 895 1928 930 settembre

160 948 281 983 ordine
308 948 373 982 0110
399 948 430 982 si
456 948 636 982 dicessero
662 947 696 982 le
721 948 879 982 letanie-²
905 948 989 992 ogni
1015 948 1049 982 di
1076 960 1139 993 per
1164 950 1219 982 tre
1245 948 1437 982 settimane
1463 959 1526 993 per
1552 948 1648 982 aiuto
1675 947 1730 981 dei
1751 947 1927 982 Catholici

158 1001 192 1036 di
218 1001 374 1035 Fiandra
409 1003 445 1035 et
471 1001 623 1035 Francia
650 1029 657 1036 .
685 1003 721 1035 et
753 1002 837 1045 ogni
864 1001 1057 1036 Sacerdote
1084 1001 1223 1036 dicesse
1248 1013 1319 1036 una
1345 1012 1465 1036 messa
1491 1002 1511 1035 a
1537 1001 1589 1035 tal
1615 1000 1814 1035 intentione
1841 1003 1876 1035 et
1902 1000 1926 1035 li

160 1054 296 1089 fratelli
323 1066 394 1088 una
421 1066 551 1089 corona
578 1055 622 1089 da
648 1055 830 1100 pertutto“
861 1055 997 1099 (Messe
1024 1057 1060 1089 et
1086 1067 1166 1096 orr..
1192 1055 1227 1089 in
1253 1066 1285 1089 a.
1307 1054 1428 1098 1568).

159 1196 303 1233 1591.
396 1196 459 1233 Ρ.
495 1196 764 1235 PAULUS
799 1197 1167 1235 HOFFAEUS
1201 1197 1254 1234 S.
1274 1198 1329 1234 J.
1358 1199 1571 1233 Germaniae
1603 1199 1798 1244 superioris
1833 1200 1926 1235 vice-

346 1250 580 1296 provincialis
607 1251 808 1287 OANISIO.
982 1254 1151 1297 Augusta
1177 1252 1446 1287 Vindelicorum
1471 1253 1504 1286 4.
1525 1251 1748 1297 Septembris
1777 1253 1877 1288 1568.

274 1321 330 1355 Ex
357 1321 580 1366 autographo
609 1322 681 1366 (203
710 1322 730 1357 3
754 1334 831 1367 pp.;
859 1323 896 1357 in
920 1335 953 1368 p.
972 1323 995 1357 4
1019 1323 1125 1357 inscr.
1146 1325 1181 1357 et
1198 1334 1282 1368 pars
1301 1322 1398 1367 sig.).
1435 1322 1477 1357 G.
1497 1323 1560 1368 Ep.
1580 1323 1631 1356 IX
1649 1323 1673 1357 f.
1695 1323 1925 1358 145a—146b.

277 1393 424 1426 Sodales
449 1394 622 1426 mittendi.
662 1393 859 1427 Candidati
885 1399 915 1427 et
942 1395 1022 1428 novi
1039 1395 1247 1428 sacerdotes.
1283 1395 1443 1427 Litterae
1461 1394 1650 1437 diliyenter
1667 1395 1925 1428 custodiendae.

159 1447 321 1480 Canones
346 1446 488 1480 arabici
514 1447 659 1480 concilii
684 1447 826 1480 nicaeni
849 1458 916 1490 per
941 1448 980 1481 P.
1009 1448 1182 1481 Pisanum
1208 1448 1388 1491 vulqandi.
1428 1448 1494 1481 Fr.
1522 1448 1636 1481 Vicus.
1676 1448 1833 1492 Reyinae
1859 1448 1926 1481 col-

155 1500 283 1544 leyium
310 1501 585 1543 oenipontanum
610 1511 712 1543 saepe
737 1501 1004 1543 inqrediuntur.
1053 1499 1289 1545 „‚Ziplzerae“.
1341 1501 1556 1544 Inqolstadii
1580 1501 1719 1534 scholae
1745 1503 1925 1544 „particu-

156 1551 272 1586 lares“
300 1553 478 1587 tollentur.
529 1554 697 1597 Expedit,
735 1559 774 1587 ut
807 1555 1006 1588 noviciatus
1041 1555 1239 1598 Monac-lcii,
1273 1554 1565 1588 scholasticorum
1599 1555 1831 1588 seminarium
1859 1555 1923 1588 Di-

157 1607 276 1649 linyae
301 1607 579 1641 constituantur.
631 1608 820 1641 Sociorum
845 1610 1068 1641 mutationes.
1124 1608 1315 1651 Oem'ponte
1349 1608 1470 1641 schola
1495 1607 1694 1641 rhetoricae
1728 1608 1928 1651 auferenda

158 1664 216 1693 est.
252 1660 455 1703 Dilinyana
480 1661 651 1702 fundatio
676 1661 751 1694 vivo
779 1661 964 1694 cardinali
990 1662 1200 1695 absolvenda
1226 1666 1297 1703 est;
1322 1665 1414 1694 estne
1439 1661 1556 1694 eadem
1586 1662 1785 1704 Auqustam
1811 1665 1927 1694 trans-

158 1714 341 1755 ferenda?
389 1713 617 1747 Bletuendum
642 1714 852 1756 Dile'nyanis
888 1719 935 1747 est
968 1726 1011 1747 ex
1036 1715 1192 1758 capitulo
1219 1715 1427 1748 cathedrali.
1480 1715 1518 1748 P.
1546 1714 1734 1758 Merquitii
1759 1715 1929 1758 epistulae

158 1767 206 1800 ad
233 1764 407 1810 „beatas“.
459 1767 599 1800 Novit-ii
625 1778 668 1800 ex
693 1768 861 1801 tirocinio
888 1769 1070 1801 educendi.
1115 1768 1213 1801 Socii
1238 1768 1387 1810 infirmi.
1439 1768 1538 1801 Socii
1560 1769 1762 1810 yermanice
1794 1772 1824 1800 et
1850 1779 1927 1803 cum

157 1821 249 1853 veris
266 1820 469 1853 nominihus
494 1821 569 1853 suis
588 1821 756 1854 adversus
774 1821 967 1854 haereticos
990 1821 1143 1855 scribere
1160 1822 1291 1855 debent.
1334 1820 1612 1855 Contubernimn
1639 1821 1926 1863 oenipontanum.

166 1873 244 1906 Vita
272 1873 308 1907 S.
335 1873 481 1917 Iynatii.
532 1875 641 1908 Bulla
671 1874 816 1908 Coenae.
867 1875 1132 1918 Eneryumena.

329 1957 358 2008 †
389 1956 635 1999 Admodum
666 1957 922 2000 Reuerende
953 1958 996 1999 in
1030 1958 1193 2001 christo
1227 1958 1358 2001 Pater
1390 1957 1485 1999 Pax
1518 1957 1676 2011 Christj
1711 1959 1792 2000 etc.

278 2031 383 2075 Post
423 2031 720 2075 visitationem
760 2047 902 2075 meam
944 2037 989 2077 et
1030 2048 1160 2089 saepe
1199 2038 1244 2077 et
1275 2034 1413 2076 multa
1445 2034 1500 2075 ad
1531 2033 1838 2076 Reuerentiam
1872 2033 1924 2076 V.

159 2096 325 2151 scripsi,
358 2111 409 2139 ac
442 2097 609 2140 vtinam
642 2099 885 2153 accepisset
917 2099 1083 2141 omnia:
1117 2099 1328 2142 hactenus
1361 2101 1507 2141 autem
1541 2098 1646 2141 nihil
1677 2098 1824 2153 accepi
1858 2112 1927 2140 re-

159 2162 319 2216 sponsi.
363 2162 554 2216 Egemus
587 2177 672 2205 vno
706 2166 782 2205 aut
814 2164 954 2206 altero
988 2165 1099 2206 bono
1133 2179 1235 2207 coco
1269 2164 1341 2217 qui
1373 2164 1523 2206 valeat
1553 2163 1595 2205 in
1629 2163 1828 2206 curandis
1861 2163 1926 2205 in-

159 2227 306 2278 firmis,
350 2241 436 2270 vno
479 2231 555 2271 aut
596 2228 735 2271 altero
778 2229 849 2282 qui
891 2232 1169 2283 praestantes
1211 2230 1299 2272 sint
1339 2229 1383 2270 in
1423 2229 1563 2271 literis
1604 2228 1926 2270 humanioribus

159 2292 418 2346 praesertim
458 2292 503 2334 in
543 2293 713 2347 graecis
755 2297 800 2336 et
840 2294 975 2348 poesi.
1038 2294 1158 2344 Quod
1200 2295 1235 2336 si
1269 2295 1516 2336 Vlmensis5
1552 2293 1625 2336 ille
1657 2307 1741 2335 non
1774 2292 1926 2335 melius

159 2357 386 2399 habiturus
433 2358 491 2401 sit
537 2358 618 2400 hac
666 2359 822 2412 hyeme
871 2373 999 2412 quam
1047 2359 1281 2411 hactenus,
1330 2359 1512 2402 reducat
1560 2372 1657 2400 eum
1703 2358 1755 2400 R.
1793 2358 1841 2400 V.
1890 2357 1926 2399 si

160 2422 369 2465 voluerit:
403 2423 514 2466 sciat
553 2426 701 2466 tamen
734 2423 925 2477 Collegia
959 2423 1068 2467 satis
1100 2438 1196 2466 esse
1229 2427 1429 2477 grauata,
1472 2437 1552 2466 nec
1583 2437 1743 2477 paucos
1776 2422 1926 2464 deesse

161 2486 308 2538 quiin
345 2487 600 2530 societatem
642 2488 780 2542 accipi
822 2488 1011 2542 cupiant.
1075 2489 1169 2530 Hoc
1211 2503 1323 2531 anno
1365 2488 1643 2531 habebimusb
1684 2487 1815 2530 etiam
1856 2490 1926 2530 sat

161 2551 319 2593 multos
363 2553 611 2596 sacerdotes
654 2556 941 2607 posteaquam
986 2554 1037 2596 R.
1071 2554 1124 2596 V.
1171 2554 1363 2596 effecerit
1407 2553 1521 2608 apud
1563 2552 1619 2595 N.
1662 2553 1837 2594 Patrem
1882 2555 1925 2595 et

162 2616 275 2668 apud
307 2616 758 2660 Reuerendissimum6
798 2621 847 2660 vt
888 2618 960 2661 isti
1003 2621 1093 2661 tres
1135 2621 1263 2661 extra
1303 2624 1501 2673 tempora
1538 2617 1727 2659 ordinari
1758 2617 1925 2671 possint

280 2704 307 2733 a)
328 2704 392 2734 Sic;
410 2705 595 2730 scribendum
614 2706 691 2736 fuit:
710 2704 878 2732 Arculario.
945 2704 976 2737 b)
998 2706 1041 2730 Ab
1062 2707 1139 2737 Hoff.
1160 2707 1223 2738 ipso
1243 2714 1318 2731 corr.
1338 2714 1374 2731 er.
1393 2703 1549 2730 habemus.

285 2814 292 2833 ¹
320 2813 483 2849 Psalmos
509 2817 783 2860 poenitentiales
809 2829 899 2862 quos
925 2820 1075 2858 vocant;
1104 2818 1149 2852 cf.
1179 2819 1267 2852 Can.
1293 2817 1344 2851 IV
1362 2817 1458 2851 991¹.

281 2866 294 2885 ²²
319 2867 368 2900 Ps
396 2868 449 2907 18,
478 2869 530 2903 13.
677 2871 690 2890 ³
717 2870 770 2905 Cf.
802 2872 887 2905 Can.
915 2870 947 2904 V
973 2871 1053 2906 503.

282 2920 294 2938 ⁴
320 2919 480 2954 Litanias
507 2922 672 2956 Omnium
700 2923 930 2965 Sanctorum3
959 2924 1005 2958 cf.
1036 2925 1122 2958 Can.
1143 2923 1175 2957 V
1192 2923 1390 2958 279—280.

282 2973 294 2991 ⁵
320 2972 471 3007 Ioannes
498 2975 608 3019 Beyel
633 2975 711 3009 sive
737 2976 936 3022 Pelecyus;
964 2989 998 3011 v.
1025 2988 1133 3021 supra
1160 2988 1192 3021 p.
1212 2976 1292 3011 209.

283 3026 295 3044 ⁶
320 3026 425 3069 Apud
461 3026 495 3060 S.
522 3027 753 3062 Franciscum
780 3030 948 3072 Borgiam
984 3029 1230 3074 praepositum
1265 3028 1470 3072 generalem
1507 3030 1542 3062 et
1576 3026 1671 3072 apud
1706 3026 1924 3061 cardinalem

163 3078 331 3113 Ottonem
357 3078 556 3114 Truchsess
583 3081 789 3126 episcopum
817 3085 1071 3125 augustanum.
