2044 3335
104 73 200 107 Mon.
228 72 414 107 968—969
440 71 518 106 sive
545 71 583 106 it.
604 70 828 115 (21)-(22).
872 70 945 105 Sub
973 69 1109 104 exitum
1137 80 1168 103 a.
1190 68 1280 103 1568
1298 87 1343 92 —-—
1362 67 1496 102 ineunt.
1515 66 1589 100 Ian.
1611 65 1712 100 1569.
1779 68 1861 109 599

103 190 232 241 quota
262 188 532 230 necessarios
574 201 669 229 esse
710 186 988 236 iudicarenffl,
1031 188 1079 228 ut
1119 188 1298 240 possent
1338 184 1565 227 absoluere
1606 183 1660 225 ab
1701 181 1861 224 eisdem

101 254 285 305 casibus,
322 268 348 295 a
380 253 534 306 quibus
565 252 771 307 Episcopi
801 266 879 307 per
910 251 1075 306 seipsos
1106 251 1383 305 potuissent⁰.

1094 317 1250 358 Petrus
1282 314 1478 357 Canisius
1509 311 1745 368 subscripsi

1228 380 1315 433 (.Jo
1349 380 1401 422 de
1433 377 1647 433 polanco).

103 485 213 521 968
240 487 317 521 sive
343 485 405 522 it.
427 485 555 530 (21).
631 484 701 520 Sub
728 483 867 520 exitum
892 484 926 520 a.
945 483 1040 520 1568.

219 546 275 580 Ex
310 545 528 591 apographo,
564 545 656 589 quod
693 556 724 579 a.
746 545 835 579 1887
864 545 1012 579 Londini
1047 544 1082 578 in
1109 543 1233 577 Museo
1267 542 1467 577 britannico
1502 541 1676 586 exscripsi
1703 553 1748 575 ex
1783 551 1864 585 apo⁴

102 598 240 644 grapho
275 600 421 643 antiquo
459 599 568 642 (saec.
598 598 711 633 XVII.
739 598 797 632 vel
833 598 1004 641 XVIII.),
1042 596 1135 641 quod
1169 596 1299 630 ibidem
1339 597 1461 630 exstat
1497 595 1533 629 in
1569 594 1652 629 Cod.
1687 594 1864 638 „Egerton

101 653 211 687 1078“
242 665 275 698 p.
294 653 374 687 403.

222 713 432 746 Cardinalis
453 712 730 745 Conzmenclonns
751 711 936 745 Canisinm
963 721 1041 744 cum
1058 710 1142 743 aliis
1167 710 1334 742 adversas
1356 709 1608 741 concessionem
1629 707 1866 748 Confessionis

101 768 334 810 Anynstanae
357 766 509 799 scribere
534 767 639 808 capit.

221 827 469 868 Cardinalis
491 826 674 867 Ioannes
696 826 953 867 Franciscus
988 823 1321 866 Commendonus
1352 823 1395 865 S.
1420 822 1492 863 Pii
1512 821 1558 863 V.
1584 821 1701 876 apud
1723 821 1865 862 Masci-

103 893 328 934 milianum
353 891 413 932 II.
448 892 608 946 leqatus
639 892 695 942 (v.
721 904 854 944 snpra
872 905 915 945 p.
941 890 1049 943 223)
1082 888 1329 930 Vindobona
1354 886 1449 939 (sab
1483 888 1639 928 exitum
1672 900 1710 928 a.
1737 886 1864 937 1568,

104 962 147 999 ut
188 956 376 1004 videtur)
417 956 594 997 Romam
638 957 697 997 ad
738 956 1003 997 cardinalem
1046 955 1231 996 Ottonem
1270 953 1496 994 Truclisess
1537 953 1699 994 litteras
1740 951 1865 1003 misit,

105 1023 255 1077 quibus
283 1020 574 1075 siqnificabat:
609 1020 853 1075 Optandum
876 1035 974 1074 esse,
1007 1024 1052 1061 ut
1072 1020 1235 1062 libellus
1256 1018 1600 1071 conscriberetur,
1634 1030 1713 1071 quo
1735 1020 1866 1057 osten-

102 1087 284 1139 deretur,
329 1100 411 1127 non
449 1099 573 1140 posse
622 1087 915 1140 imperatorem
958 1087 1077 1127 salva
1117 1085 1318 1139 reliqione
1360 1083 1536 1124 liberum
1581 1081 1868 1133 Confessionis

98 1153 378 1207 Auyustanae
413 1152 655 1192 eoeercitium
688 1152 932 1192 Austriacis
964 1149 1196 1192 concedere.
1261 1148 1462 1203 Supplico
1494 1147 1547 1190 V.
1583 1147 1624 1189 S.
1657 1145 1867 1188 Illustris-

99 1217 209 1259 sima
241 1216 318 1258 che
350 1215 574 1258 facendosi
611 1218 766 1268 questa
798 1215 1006 1258 scrittura
1038 1229 1136 1257 essa
1168 1214 1203 1256 si
1236 1213 1426 1268 adoperi,
1469 1212 1628 1267 perche
1660 1211 1695 1253 si
1726 1211 1867 1252 faccia

99 1296 186 1324 una
217 1295 354 1335 grave
377 1295 399 1323 e
423 1281 699 1323 considerata
731 1282 785 1323 da
817 1294 1001 1335 persone
1031 1279 1295 1333 intelligenti
1327 1293 1350 1321 e
1384 1278 1426 1320 di
1457 1279 1571 1320 buon
1602 1277 1708 1327 zelo,
1741 1278 1866 1319 tanto

100 1347 246 1401 legisti
280 1349 443 1401 quanto
475 1346 680 1400 theologi,
716 1346 784 1388 fra
816 1346 845 1388 li
868 1346 985 1400 quali
1018 1344 1281 1388 desiderarei
1303 1344 1381 1386 che
1402 1358 1481 1399 per
1501 1341 1768 1385 l’infermita
1789 1356 1867 1384 sua

98 1413 129 1455 il
161 1413 296 1467 padre
330 1411 500 1454 Canisio
532 1413 716 1454 havesse
750 1426 853 1454 cura
886 1412 927 1454 di
960 1411 1238 1453 distenderla.

218 1482 504 1518 Commendonus
531 1482 575 1516 ab
602 1484 756 1516 exeunte
782 1493 828 1516 m.
857 1481 1004 1516 Octobri
1032 1480 1122 1515 1568
1148 1492 1262 1525 usque
1298 1480 1342 1514 ad
1368 1479 1523 1513 medium
1559 1479 1635 1513 fere
1662 1476 1866 1512 Ianuarium

99 1548 129 1571 a.
151 1537 242 1571 1569
260 1536 491 1571 Vindobonae
517 1536 596 1569 fuit.
627 1535 802 1575 Canisius‚
829 1547 909 1569 cum
937 1535 981 1569 ab
1000 1536 1155 1569 exeunte
1173 1546 1218 1568 m.
1238 1534 1338 1567 Iunio
1357 1533 1402 1567 ad
1427 1532 1568 1567 initium
1595 1543 1641 1566 m.
1659 1530 1869 1565 Decembris

99 1591 232 1624 Romae
250 1592 469 1632 versaretur,
487 1601 550 1634 per
568 1600 736 1632 magnam
754 1589 862 1623 huius
879 1589 1052 1634 temporis
1069 1590 1210 1633 partem
1228 1587 1459 1630 aegrotabat;
1478 1598 1512 1621 v.
1528 1597 1637 1631 supra
1654 1597 1688 1630 p.
1703 1584 1772 1620 208
1786 1584 1867 1619 237.

101 1711 209 1748 969
237 1712 316 1747 sive
342 1711 405 1747 it.
426 1711 562 1757 (22).
637 1710 743 1747 Inter
770 1710 863 1747 med.
882 1710 1115 1747 Decembrem
1140 1709 1223 1746 1568
1250 1710 1287 1745 et
1312 1708 1498 1745 ineuntem
1523 1707 1600 1744 Ian.
1618 1706 1713 1743 1569.

220 1772 274 1806 Ex
301 1772 492 1816 SaccliinO,
528 1772 614 1807 Can.
642 1772 728 1814 261,
765 1773 801 1806 et-
835 1784 880 1806 ex
915 1770 1140 1816 autographo
1174 1770 1328 1810 Canisii‚
1364 1770 1457 1813 quod
1494 1771 1550 1803 est
1583 1768 1619 1802 in
1653 1767 1772 1802 Germ.
1802 1766 1868 1801 183

98 1838 132 1860 n.
161 1826 241 1860 257.

222 1886 390 1920 Canisias
415 1886 620 1919 Florentiae
646 1890 675 1919 et
701 1886 901 1919 Ferrariae
926 1886 1054 1918 dacum
1085 1896 1215 1918 amores
1249 1885 1287 1917 in
1320 1885 1449 1927 pietate
1474 1884 1671 1925 confirmat.
1722 1882 1800 1915 Una
1827 1891 1870 1913 ex

99 1941 146 1973 iis
171 1940 429 1982 confessarium
454 1941 493 1972 in
523 1940 755 1972 Germaniam
780 1940 899 1973 redire
925 1950 996 1972 non
1021 1940 1118 1972 sinit.

218 2000 267 2042 P.
295 2000 550 2042 Franciscus
583 2001 819 2042 Saccliinus
850 2002 895 2042 in
925 2000 1091 2041 Canisii
1122 2001 1209 2040 vita
1243 2000 1293 2041 de
1324 2000 1414 2054 ipso
1441 1998 1577 2039 Roma
1609 1995 1670 2048 (1.
1695 1996 1868 2037 Decem-

100 2066 188 2107 bris
222 2067 364 2118 1568;
392 2080 428 2108 v.
453 2080 585 2120 supra
610 2081 651 2121 p.
675 2066 783 2117 235)
819 2068 862 2107 in
887 2066 1167 2107 Germaniam
1198 2078 1344 2107 versus
1360 2063 1547 2119 profecto
1570 2063 1670 2104 baec
1690 2065 1870 2103 narrat:

99 2130 296 2172 Canisius
444 2144 499 2172 ex
539 2130 694 2173 itinere
733 2130 994 2182 Florentiae,
1037 2130 1352 2182 Ferrariaeque
1384 2127 1575 2182 Reginis,
1619 2140 1727 2180 quas
1768 2125 1868 2167 olim

101 2195 334 2250 Oeniponti
366 2195 630 2246 instituerat,
665 2196 883 2247 salutatis,
916 2196 1045 2249 inque
1069 2196 1186 2238 cultu
1213 2194 1448 2247 religionis,
1483 2207 1533 2235 ac
1557 2192 1769 2234 virtutum
1791 2205 1869 2233 suo

99 2261 236 2304 statui
259 2260 606 2303 conuenientium
630 2261 907 2313 confirmatis,
931 2261 1235 2314 excitatisque,
1258 2259 1528 2313 insequentis
1550 2258 1651 2300 anni
1668 2255 1868 2299 Ianuario

98 2326 186 2369 iam
230 2326 438 2368 inclinato
483 2326 526 2368 in
576 2326 853 2369 Germaniam
893 2326 1026 2370 venit.
1090 2328 1227 2381 Atque
1270 2328 1358 2381 ipse
1400 2325 1601 2366 Canisius
1643 2323 1870 2377 Oeniponte

101 2395 140 2435 1.
164 2392 397 2434 Februarii
431 2394 547 2434 1572
580 2393 629 2434 P.
658 2393 913 2448 Hieronymo
945 2393 1096 2434 Natali
1127 2393 1287 2433 vicario
1318 2391 1506 2446 qenerali
1538 2390 1582 2431 S.
1606 2388 1649 2430 J.
1677 2388 1870 2442 scripsit:

100 2457 221 2507 Quod
254 2458 308 2499 ad
331 2457 378 2500 P.
401 2457 683 2499 Laurentium
706 2457 932 2499 Ferrariae
954 2456 1224 2499 habitantem
1248 2456 1421 2505 attinet,
1455 2453 1678 2496 existimat
1700 2452 1870 2506 Regina

99 2523 363 2575 Magdalena
386 2522 602 2564 difficilius
625 2522 733 2571 fore,
758 2525 807 2564 ut
828 2536 952 2564 soror
974 2522 1066 2564 eius
1083 2522 1282 2564 Barbara
1303 2522 1416 2562 hunc
1438 2519 1518 2561 sibi
1541 2518 1668 2561 ualde
1691 2518 1868 2560 charum

101 2589 221 2630 abire
262 2588 505 2642 permittat,
549 2587 632 2630 etsi
675 2602 761 2629 non
794 2587 941 2630 dubito
973 2587 1121 2629 multis
1153 2586 1292 2629 modis
1323 2585 1387 2627 illi
1419 2589 1463 2628 et
1494 2584 1618 2627 nobis
1649 2582 1868 2638 expedire,

100 2656 149 2696 ut
189 2653 258 2695 hic
294 2668 463 2707 quoque
505 2653 620 2695 funis
653 2653 818 2695 aulicus
851 2654 1148 2707 abrumpatur.
1211 2651 1296 2705 Egi
1328 2665 1473 2693 coram
1507 2649 1739 2703 aliquando
1773 2663 1868 2691 cum

100 2719 253 2761 eadem
276 2719 445 2773 Regina
467 2719 678 2768 Barbara,
712 2733 823 2772 quae
856 2718 1065 2761 audacter
1096 2732 1143 2759 se
1175 2717 1278 2759 mihi
1311 2715 1525 2771 opposuit,
1560 2729 1655 2757 cum
1688 2728 1871 2757 conarer

101 2784 283 2826 eundem
316 2784 493 2826 Patrem
534 2784 598 2827 ita
639 2786 859 2839 petentem
892 2782 1138 2838 prouintiae
1170 2782 1268 2824 huic
1299 2781 1545 2824 restituere.
1608 2781 1714 2822 Vide
1746 2782 1867 2822 etiam

100 2864 233 2905 supra
268 2864 311 2904 p.
345 2851 445 2893 497.

220 2919 382 2954 Barbara
416 2922 452 2954 et
482 2920 616 2954 Ioanna
646 2919 846 2963 „reginae“‚
872 2918 1086 2953 Ferdinandi
1113 2919 1140 2953 I.
1165 2917 1393 2963 imperatoris
1427 2916 1543 2959 filiae,
1579 2918 1772 2961 antequam
1807 2928 1870 2951 nu-

100 2972 236 3014 berent,
264 2984 342 3007 cum
362 2973 590 3017 Magdalena,
618 2972 828 3016 Margarita,
853 2972 991 3007 Helena
1009 2972 1191 3006 sororibus
1210 2971 1410 3017 Oeniponte
1428 2970 1602 3005 vivebant
1628 2969 1690 3014 (cf.
1712 2971 1800 3005 Can.
1820 2970 1871 3004 III

221 3037 249 3069 a)
270 3038 318 3062 Ita
338 3040 498 3062 correctum
519 3040 561 3062 est
580 3045 616 3062 ea:
636 3043 722 3070 quos.
778 3035 809 3068 b)
831 3037 878 3062 Sic
897 3045 933 3062 ex
952 3035 1112 3067 iudicaret,
1131 3037 1205 3068 quod
1226 3039 1267 3061 est
1286 3037 1318 3061 in
1338 3036 1428 3067 arch„
1447 3036 1652 3067 corriyendum
1671 3043 1731 3060 esse
1745 3035 1871 3060 ostendit

101 3086 149 3104 res
168 3079 243 3110 ipsa.
306 3079 333 3110 e)
354 3080 415 3104 Pol.
436 3079 467 3103 in
488 3079 638 3111 maryine:
658 3078 701 3104 Vt
722 3077 866 3112 Episcopi
885 3078 1014 3111 possent
1034 3077 1181 3111 deputare
1201 3077 1333 3103 vicarios
1352 3077 1390 3103 ad
1411 3076 1634 3103 absolutionem
1654 3075 1710 3103 etc.
