2044 3335
146 85 230 126 488
458 82 557 116 1758.
587 82 688 116 Card.
709 81 807 115 Stan.
827 81 959 115 Hosius
986 80 1140 115 Canisio.
1191 79 1303 114 Roma
1329 81 1385 115 27.
1406 80 1485 116 Oct.
1506 80 1606 115 1571.

148 196 297 234 1258.
366 198 565 232 Cardinalis
587 194 1012 232 STANISLAUS
1032 194 1283 232 HOSIUS
1303 196 1490 242 episcopus
1513 197 1679 242 princeps
1696 197 1909 232 varmiensis

335 250 536 285 CANISIO.
1357 250 1469 285 Roma
1497 250 1551 285 27.
1572 250 1738 285 Octobris
1759 250 1859 285 1571.

263 316 316 350 Ex
337 315 538 348 litterarum
558 313 824 355 commentario,
852 325 872 347 a
891 313 1072 348 Stanislao
1090 313 1218 348 Rescio
1236 314 1336 348 Hosii
1356 315 1549 349 secretario
1567 314 1787 359 conscript0;
1815 314 1909 348 idem

144 369 176 402 in
205 368 448 402 commentarii
475 368 637 411 margine
662 367 822 400 notavit:
855 367 980 408 „Petro
1009 366 1161 401 Canisio.
1204 367 1260 401 27.
1289 367 1413 402 Octob.
1443 369 1566 401 1571“.
1607 367 1908 401 Commentariun]

144 423 265 455 exstat
292 421 486 454 Cracoviae
519 421 554 454 111
581 420 798 454 bibliotheca
828 419 1077 454 universitatis
1103 420 1347 462 iagellonicae,
1385 421 1467 455 Cod.
1498 421 1573 456 160.
1601 421 1689 455 fasc.
1717 421 1771 462 25,
1799 420 1823 454 f.
1851 420 1906 455 39.

265 480 432 514 canisius
452 481 487 514 S.
509 482 677 513 Ioannem
695 481 895 522 Baptsstam
918 480 1105 523 praeclare
1130 481 1287 522 defendit
1300 493 1311 520 ,·
1336 481 1427 514 idem
1453 482 1484 513 is
1501 481 1542 513 de
1560 481 1601 513 B.
1621 480 1746 514 Maria
1765 480 1910 523 Viryine

138 538 301 576 praestet.
353 534 459 567 Libri
486 535 641 567 Sanderi
667 538 696 566 et
727 534 917 567 Turriani.
971 534 1113 567 Cani-sii
1137 534 1248 566 libros
1273 535 1346 577 ipse
1365 535 1534 577 pontifex·
1553 534 1728 577 probavit.

264 623 318 627 —
340 623 397 627 —
421 599 540 652 Ego*
571 613 673 641 vero
706 599 769 642 ita
802 598 942 640 iudico
968 634 975 641 .
1000 613 1078 640 nos
1109 599 1188 641 tibi
1226 599 1371 653 potius
1403 598 1590 653 gratiam
1624 600 1704 640 hoc
1736 598 1908 640 nomine

143 663 299 705 debere
324 699 331 706 .
357 664 469 717 quod
492 664 728 718 praeclaris
750 663 1121 705 lucubrationibus
1143 663 1230 706 tuis
1254 699 1262 707 .
1284 667 1578 718 oppugnatam
1602 664 1656 705 ab
1678 663 1909 706 haereticis

142 728 394 782 religionem
415 729 703 772 Christianam
721 729 942 770 vindicare
961 729 1186 771 contendis
1204 764 1211 772 .
1229 729 1584 782 Sanctissimique
1603 729 1761 771 Christi
1782 742 1909 783 prae-

144 794 331 836 cursoris
372 794 545 836 Ioannis
584 794 717 836 vitam
761 793 1146 836 incontaminatam
1185 829 1194 837 .
1232 795 1297 836 cui
1340 794 1664 837 Centvriatores
1705 794 1908 836 tenebras

143 859 369 902 offvndere
401 859 556 914 impieh
580 859 859 910 contendvnt,
896 860 1021 901 docte
1054 860 1280 913 eleganter
1303 863 1346 902 et
1379 859 1617 902 efficaciter
1649 859 1906 901 defendis01.

143 924 328 967 Tantvm
364 926 490 967 abest
522 960 529 967 .
560 927 608 967 vt
640 927 690 966 tv
723 924 846 966 nobis
879 924 1040 978 aliquid
1082 927 1126 966 te
1160 925 1317 967 debere
1351 924 1517 978 cogites
1551 960 1558 968 .
1593 924 1704 977 quod
1737 924 1908 965 labores

142 993 242 1032 tvos
275 990 455 1032 candide
487 989 725 1031 ivdicemus
749 1024 758 1032 .
783 989 967 1044 alijsque
999 989 1194 1031 stvdiose
1228 990 1588 1033 commendemus.
1637 989 1734 1030 Non
1768 989 1906 1030 solvm

144 1054 366 1097 doctrinad
400 1069 510 1108 quae
548 1055 591 1096 in
632 1055 735 1096 hoce
777 1054 945 1096 libellos
979 1057 1054 1097 tvo
1097 1054 1331 1108 singularis
1364 1056 1532 1097 elucetg
1564 1054 1639 1096 sed
1682 1056 1726 1096 et
1766 1054 1909 1108 pietas

143 1120 300 1173 qvamh
323 1121 519 1173 legentes
543 1119 827 1170 admirantvr,
861 1119 973 1161 hanc
1004 1119 1083 1162 tibi
1115 1119 1304 1174 gratiam
1329 1121 1442 1174 apud
1475 1133 1624 1161 omnes
1655 1121 1840 1173 parant.
1860 1121 1909 1161 vt

143 1185 234 1227 sine
252 1185 628 1227 commendacione
648 1185 914 1238 cuiusquam,
940 1187 984 1227 et
1008 1189 1180 1227 ametvr
1203 1186 1361 1228 avthor
1383 1185 1524 1239 operis
1544 1220 1551 1227 .
1572 1187 1616 1227 et
1639 1198 1745 1239 opus
1768 1184 1908 1238 ipsvm

142 1252 268 1293 tanta
301 1250 513 1293 aviditate
550 1251 724 1304 legatvr
756 1264 781 1291 a
813 1250 1042 1304 plvrimisi,
1085 1250 1204 1300 Quod
1238 1251 1273 1292 si
1314 1250 1407 1305 pari
1441 1250 1636 1303 quoque²²
1668 1248 1810 1292 stvdio
1843 1249 1908 1290 in-

143 1316 358 1358 cvbueris¹
385 1319 434 1358 vt
465 1316 683 1369 irrogatas
716 1315 972 1369 purissimae
1006 1315 1161 1369 virgini
1196 1316 1315 1358 labes
1348 1318 1479 1369 atque
1512 1315 1661 1357 sordes
1695 1315 1747 1356 ab
1779 1314 1909 1357 istism

142 1381 465 1424 tenebrionibus
497 1382 739 1434 abstergas,
783 1381 917 1423 facies
951 1395 1057 1423 sane
1091 1395 1180 1422 rem
1222 1385 1300 1423 tva
1341 1381 1506 1435 pietate
1540 1380 1713 1433 dignam
1747 1413 1756 1422 .
1789 1379 1908 1421 cuius

142 1446 221 1488 tibi
262 1447 504 1489 mercedem
537 1446 771 1499 gloriosam
804 1446 1018 1489 retribuat
1051 1446 1246 1489 Christus
1279 1447 1445 1488 iudex
1487 1446 1673 1487 ivstus
1714 1444 1765 1486 in
1806 1444 1908 1486 illa

143 1511 296 1555 dien2.
362 1513 532 1554 Habes⁰
564 1511 688 1553 11111110
725 1511 916 1554 institvti
958 1511 1049 1554 tvif'
1082 1512 1333 1566 praeclaros
1366 1517 1621 1567 συιαεχ,)γ()υς“1
1655 1545 1662 1553 .
1696 1509 1767 1563 qui
1800 1509 1905 1551 Cen-

142 1577 402 1620 tvriatorvm
427 1577 718 1631 blasphemias
742 1581 786 1620 et
808 1577 978 1631 impvra
1001 1577 1229 1619 mendacia
1253 1576 1512 1619 doctissimis
1535 1574 1909 1617 lvcvbrationibus

143 1642 255 1683 suisr
288 1642 541 1685 confodiunt
573 1645 617 1684 et
649 1642 850 1695 iugvlant
879 1677 887 1685 .
919 1642 1020 1683 dvm
1054 1642 1168 1685 alter
1199 1642 1413 1684 visibilem
1446 1641 1487 1683 in
1522 1640 1719 1682 Ecclesia
1752 1639 1909 1682 Christi

143 1707 438 1750 Monarchiam
481 1708 680 1750 tvetur⁵3
713 1742 720 1750 .
754 1708 866 1749 alter
900 1721 1003 1749 vero
1044 1710 1145 1750 tuus
1177 1707 1220 1748 in
1254 1707 1422 1749 Christo
1460 1707 1621 1748 fratert
1653 1705 1909 1747 Franciscus

142 1772 368 1814 Torrensis
402 1775 551 1815 noster
583 1772 779 1815 Canones
812 1773 1109 1826 apostolorvm
1144 1775 1187 1815 et
1221 1772 1429 1825 epistolas
1463 1771 1746 1813 Pontificvmu
1778 1770 1908 1822 longo

142 1837 360 1879 volvmine
379 1837 652 1880 doctissimev
670 1838 863 1880 defendit
881 1841 925 1880 et
943 1837 1246 1880 efficacit-erm.
1272 1838 1465 1890 Vterque
1478 1839 1623 1879 autem
1636 1837 1697 1878 sic
1711 1835 1907 1890 scripsit.

143 1904 192 1944 vt
214 1902 404 1956 quisquis
428 1903 491 1945 ita
513 1917 558 1945 se
581 1916 671 1945 rem
695 1903 855 1945 habere
879 1917 963 1945 non
985 1902 1134 1945 videat
1156 1916 1323 1951 coecus,
1348 1902 1420 1956 qui
1442 1902 1589 1944 videat
1614 1935 1622 1944 .
1644 1915 1723 1943 nec
1746 1900 1906 1949 laudet,

142 1967 342 2020 ingratus
366 2002 373 2011 .
400 1968 470 2020 qui
494 1982 596 2009 vero
629 1968 827 2010 laudanti
859 1968 1151 2010 relvctaretur
1175 2003 1182 2010 .
1207 1968 1384 2009 insanus
1408 1966 1557 2008 haberi
1579 1966 1734 2008 merito
1756 1965 1907 2020 possit.

142 2032 255 2074 Nolo
297 2035 442 2075 autem
485 2035 656 2075 tantvm
697 2033 799 2074 mihi
842 2036 1311 2085 svmere¹.quantv1n
1354 2036 1403 2075 tv
1435 2032 1537 2073 mihi
1579 2031 1798 2086 permittis
1828 2065 1835 2072 .
1861 2032 1909 2071 vt

266 2108 293 2137 a)
314 2107 464 2131 Antecedit
488 2106 614 2139 Accepi,
640 2108 675 2131 ab
701 2108 764 2139 ipso
789 2108 890 2132 Rescio
915 2107 1004 2133 oblitt.
1104 2106 1132 2137 b)
1155 2109 1214 2132 Hoc
1233 2116 1256 2131 r.
1278 2108 1312 2131 R.
1333 2115 1424 2139 supra
1446 2115 1560 2132 vei-sum
1588 2107 1715 2138 scripsit.
1816 2106 1841 2135 0)
1863 2106 1910 2130 Ita

144 2149 179 2174 R.
199 2148 327 2173 correxit
347 2156 382 2173 eac
402 2147 600 2177 contendunt,
627 2155 642 2173 a
663 2147 766 2180 lingva
785 2147 939 2181 praeclare
959 2155 1040 2173 sane.
1116 2147 1146 2179 d)
1168 2150 1336 2180 Sequuntur
1357 2157 1398 2173 rr.
1418 2148 1472 2173 sed
1493 2147 1524 2173 et
1543 2147 1642 2180 pietas
1662 2148 1715 2172 tva
1735 2146 1910 2179 singvlaris,

143 2198 161 2214 α
180 2191 214 2215 R.
237 2190 326 2215 oblitt.
437 2193 463 2217 0)
485 2191 580 2221 Smper
606 2190 635 2215 in
658 2189 715 2215 hoc
734 2199 752 2215 a
772 2192 806 2215 R.
827 2192 844 2214 2
863 2191 925 2215 alia
945 2199 987 2215 vv.
1014 2191 1135 2222 scripta,
1154 2194 1253 2221 postea
1276 2198 1340 2215 vero
1360 2191 1527 2215 oblitterata
1547 2193 1623 2214 sunt.
1734 2189 1759 2220 f)
1780 2190 1844 2214 Duo
1865 2197 1908 2214 vv.

143 2239 201 2263 sqq.
221 2239 316 2263 supra
336 2239 451 2256 versum
471 2232 581 2263 scripta
601 2235 676 2256 sunt.
743 2231 772 2263 g)
796 2232 939 2262 Quattuor
959 2240 1001 2256 vr.
1021 2240 1079 2263 sqq.
1101 2232 1130 2256 in
1153 2232 1283 2263 marqine
1304 2232 1408 2256 addita
1427 2235 1504 2256 sunt.
1571 2230 1603 2261 h)
1625 2231 1763 2262 Sequitur
1783 2231 1907 2255 alterum

145 2279 244 2305 quam.
312 2272 331 2305 i)
352 2274 520 2304 Sequuntur
540 2281 582 2298 vv.
602 2272 663 2298 Nec
683 2272 809 2305 poteris,
829 2274 917 2298 oblitt.
991 2272 1023 2302 k)
1045 2275 1105 2298 Hoc
1127 2281 1149 2298 v.
1169 2281 1263 2305 supra
1283 2281 1398 2298 versum
1418 2273 1560 2305 scriptum
1581 2276 1630 2297 est.
1699 2271 1720 2303 l)
1742 2273 1910 2304 Sequuntur

144 2322 186 2340 vv.
213 2314 243 2339 in
269 2313 479 2339 defensionem
501 2313 732 2339 Sanctisssimae
758 2313 970 2345 Deigenitricis
997 2314 1119 2345 Mariae,
1148 2315 1257 2345 oblitt.;
1283 2315 1314 2339 in
1340 2323 1462 2346 quorum
1489 2315 1580 2339 loz-nm
1605 2315 1639 2338 R.
1668 2315 1699 2338 11
1725 2321 1769 2339 vv.
1794 2321 1852 2344 sqq.
1877 2313 1909 2338 in

144 2357 276 2388 maryine
295 2357 455 2381 substituit.
529 2356 570 2387 m)
591 2357 638 2381 Sic
657 2357 692 2381 R.
713 2357 841 2381 correxit
861 2364 897 2381 ex
916 2354 1024 2381 sordes
1044 2355 1193 2381 adversus
1214 2356 1300 2382 istos.
1374 2356 1405 2388 n)
1426 2357 1473 2381 Sic
1493 2356 1526 2380 R.
1547 2355 1675 2380 correrii
1696 2362 1731 2379 ex
1750 2354 1833 2379 cuius
1855 2353 1909 2379 tibi

146 2404 261 2422 merces
281 2397 415 2429 gloriosa
435 2397 601 2430 reponetur
621 2397 651 2422 in
672 2396 772 2423 coelis.
848 2398 877 2428 0)
898 2399 1037 2429 Sequitur
1057 2396 1142 2425 duos,
1162 2399 1251 2422 oblitt.
1326 2399 1356 2430 p)
1377 2398 1424 2423 Sic
1443 2398 1477 2422 R.
1499 2397 1626 2421 coi-rexit
1645 2404 1681 2421 ex
1701 2395 1745 2420 tvi
1766 2395 1908 2421 institvti.

145 2440 174 2471 q)
196 2440 335 2471 Sequitur
354 2438 489 2469 Nicolau,
509 2440 598 2464 oblitt.
660 2440 686 2469 r)
707 2440 772 2464 Duo
793 2447 834 2464 vv.
855 2447 912 2471 sqq.
933 2440 963 2463 in
985 2439 1117 2471 margine
1138 2440 1242 2464 addita
1261 2443 1338 2464 sune.
1402 2439 1428 2469 s)
1452 2441 1533 2463 (οι-ν.
1554 2446 1590 2463 eoe
1610 2436 1756 2462 defendit.
1817 2437 1841 2468 t)
1865 2438 1909 2462 lta

145 2484 302 2506 correctum
323 2484 363 2506 est
384 2489 420 2505 ωε
439 2480 518 2505 alter
537 2480 592 2506 tibi
613 2488 672 2506 non
693 2480 816 2512 ignotus
837 2480 934 2505 frater
954 2480 983 2505 in
1005 2480 1125 2506 Christo
1148 2481 1226 2507 tuus.
1335 2482 1365 2509 11)
1386 2481 1554 2512 Sequuntur
1574 2487 1615 2504 vv.
1637 2478 1679 2504 sic
1701 2478 1799 2509 defen,
1820 2480 1909 2504 oblitt.

144 2522 175 2552 v)
197 2523 278 2546 Corr.
299 2530 334 2546 ex
359 2521 402 2547 sic
523 2522 565 2551 w)
585 2524 609 2547 Α
631 2523 665 2547 R.
687 2521 718 2546 et
743 2521 879 2547 efficater
904 2522 993 2553 [sic.7
1018 2525 1176 2547 correctum
1203 2525 1243 2547 est
1264 2530 1299 2546 ex
1320 2521 1353 2546 vt
1374 2521 1424 2554 qui
1451 2520 1556 2546 contra
1583 2527 1647 2545 rem
1674 2519 1716 2545 ita
1735 2527 1768 2546 se
1789 2519 1909 2546 habere.

147 2563 178 2594 Χ)
200 2564 337 2594 Sequitur
357 2563 397 2594 et,
416 2572 433 2587 α
454 2564 489 2588 R.
510 2564 599 2589 omitt.

269 2648 276 2666 ¹
303 2646 342 2680 In
372 2647 736 2689 ⁷,Commentariorum
763 2646 805 2680 de
825 2646 933 2680 Verbi
960 2645 1024 2680 Dei
1053 2645 1264 2691 corruptelis
1284 2645 1388 2679 Libro
1416 2645 1546 2690 prim&
1572 2643 1738 2687 Dilingae
1766 2644 1906 2678 a.1571

150 2699 262 2738 edito;
290 2712 322 2733 v.
351 2711 460 2744 supra
486 2712 518 2745 p.
545 2700 625 2734 436.
772 2700 785 2720 ²
811 2700 832 2733 2
859 2700 937 2733 Tim
964 2700 996 2740 4,
1023 2700 1055 2734 8.

265 2753 277 2771 ³
301 2752 472 2787 Nicolaus
498 2753 677 2787 Sanderus
707 2752 765 2796 (de
800 2764 869 2796 quo
899 2754 985 2786 Can.
1013 2752 1044 2785 V
1071 2752 1139 2786 238
1175 2754 1210 2786 et
1245 2763 1354 2796 supra
1380 2763 1412 2796 p.
1439 2751 1523 2793 356)
1553 2750 1619 2784 hoc
1654 2751 1732 2795 ipso
1758 2761 1788 2784 a.
1820 2750 1906 2784 1571

145 2803 292 2838 Lovanii
319 2805 430 2839 edidit
459 2806 530 2847 „De
557 2806 689 2840 visibili
723 2806 930 2840 monarchia
957 2805 1139 2840 Ecclesiae
1165 2804 1274 2839 libros
1293 2803 1422 2844 V111“;
1451 2803 1511 2848 qui
1538 2805 1664 2848 postea
1690 2803 1909 2848 Antverpiae

145 2869 284 2901 quoque
311 2860 346 2891 et
371 2858 519 2893 Parisiis
546 2859 632 2893 editi
658 2861 761 2899 sunt;
790 2871 823 2892 v.
852 2860 991 2893 Hurter
1015 2858 1038 2893 l.
1066 2871 1096 2892 c.
1123 2859 1191 2892 ΙΙΙ3
1218 2858 1296 2893 168.

266 2911 277 2930 ⁴
306 2910 445 2944 Primae
480 2911 586 2945 huius
622 2912 703 2946 libri
730 2923 750 2945 a
777 2912 815 2946 P.
843 2912 1034 2946 Francisco
1060 2911 1235 2945 Turriano
1262 2911 1295 2945 S.
1316 2911 1348 2945 J.
1375 2910 1499 2955 scripti
1527 2910 1625 2953 (libri
1655 2909 1799 2943 titulum
1827 2909 1909 2943 vide

145 2974 253 3006 supra
272 2974 304 3007 p.
324 2963 424 3006 337³)
454 2964 609 3003 editioni,
643 2976 733 3008 quae
760 2965 962 2999 Florentiae
988 2965 1085 2999 facta
1113 2967 1178 3005 est,
1206 2975 1321 2998 annus
1354 2964 1443 2997 1572
1474 2963 1653 3008 ascriptus
1689 2965 1761 3002 est;
1798 2973 1909 3004 quare

146 3015 298 3055 dixeris,
334 3019 395 3049 aut
422 3016 570 3050 Hosium
606 3017 734 3051 librum
770 3018 905 3052 vidisse
940 3030 1047 3052 manu
1087 3018 1272 3062 scriptum,
1309 3019 1371 3051 aut
1401 3016 1514 3056 huno,
1549 3017 1742 3050 maximam
1780 3015 1904 3049 saltem

146 3070 296 3113 partem,
323 3068 392 3101 iam
420 3080 451 3102 a.
474 3070 559 3102 1571
590 3081 762 3104 excusum
791 3082 880 3105 esse.
