2044 3335
669 110 817 155 Dilinga
843 112 876 146 9.
896 110 1104 146 Decembris
1132 111 1234 145 1567.
1758 114 1839 155 133

64 233 109 273 et
151 228 430 284 Philosophia
476 228 712 282 Gymnasio
767 244 842 272 seu
884 229 1176 272 Vniuersitati
1229 228 1595 283 suppeditandos,
1642 229 1754 272 sicut
1797 230 1841 272 in

62 295 201 338 literis
232 294 338 349 ipsis
369 293 639 336 fundationis
672 308 927 349 expressum
960 295 1169 337 habemus
1186 294 1213 337 ¹.
1257 294 1316 336 Et
1348 293 1456 335 haec
1489 293 1698 347 obligatio
1731 294 1840 337 satis

62 374 268 414 magnum
301 374 410 402 onus
441 359 604 401 nostris
637 359 811 402 adferre
845 359 1029 403 uidetur.
1083 360 1143 401 Et
1174 358 1369 401 iudicant
1401 359 1644 413 SapienteS‚
1679 359 1841 402 nostris

61 426 105 467 in
137 425 368 467 Facultate
398 424 571 467 Artium
605 424 764 466 ibidem
797 424 1118 479 professoribus
1151 424 1396 465 consultum
1430 437 1539 473 esse,
1581 427 1630 466 ut
1662 427 1843 478 propter

61 489 254 534 rationes
286 490 447 532 multas
480 491 525 531 et
552 503 712 543 graues
742 504 768 532 a
791 504 859 531 me
881 490 967 532 iam
992 493 1095 532 ante
1117 489 1306 542 scriptas
1318 490 1347 539 2,
1382 488 1487 530 nihil
1511 489 1590 530 sibi
1614 503 1841 531 commune

61 556 253 598 habeant
299 569 395 597 cum
441 553 769 596 Professoribus
813 554 924 609 alijs,
974 554 1235 609 praesertim
1281 554 1360 595 oba
1404 554 1604 607 querelas
1650 557 1694 597 et
1739 568 1841 596 con-

61 620 294 671 tentiones,
328 633 440 674 quae
471 619 588 661 inter
613 619 710 661 illos
734 622 884 662 mutuo
907 620 1180 669 serebantur,
1215 632 1295 660 nec
1319 618 1448 660 facile
1470 633 1659 672 unquam
1683 619 1841 662 euitari

61 685 320 740 potuissent.
385 684 527 727 Semel
560 684 729 727 nostri3
760 688 976 735 urserant,
1018 687 1068 726 ut
1099 684 1229 726 Bulla
1260 683 1550 726 Professionis
1583 684 1727 726 Fideib
1759 684 1839 735 his,

62 750 132 805 qui
166 749 395 793 Candidati
428 751 576 792 essent
607 748 817 800 Artium⁰‚
860 751 1220 804 proponeretur4.
1284 749 1409 791 Vnde
1452 763 1478 791 a
1515 749 1701 803 Collegis
1743 749 1841 803 alijs

60 815 256 859 accusati
288 817 390 858 sunt
423 829 568 857 coram
601 816 699 857 tota
730 815 1045 866 Vniuersitate,
1081 818 1125 857 et
1157 814 1230 856 lex
1262 816 1354 856 tum
1388 814 1479 856 lata
1513 817 1593 865 est,
1636 828 1690 856 ne
1724 814 1841 867 quis-

61 895 191 936 quam
223 880 539 931 Professorum,
583 880 636 922 de
678 880 759 921 hac
792 880 1070 923 Professione
1112 879 1232 921 Fidei
1273 879 1489 932 exigenda
1521 879 1689 922 faceret
1720 894 1841 921 men-

61 947 265 989 tionem5.
332 945 415 988 Sed
456 959 536 987 nec
568 945 765 999 Louanij,
809 959 888 987 nec
930 945 974 987 in
1016 945 1114 999 alijs
1158 944 1408 998 Gymnasijs
1440 944 1687 994 Catholicis,
1730 958 1842 997 quae

61 1011 243 1054 alicuius
274 1013 378 1054 sunt
408 1010 594 1053 nominis
626 1010 670 1052 in
704 1010 939 1053 Germania
953 1012 982 1062 6,
1017 1011 1206 1052 fortasse
1239 1023 1318 1051 nec
1350 1009 1393 1051 in
1418 1009 1574 1061 Gallia,
1608 1009 1843 1063 suscipitur

62 1080 106 1120 et
139 1076 333 1130 exigitur
363 1076 472 1119 haec
503 1075 717 1131 professio
750 1090 777 1118 a
809 1075 1130 1130 promouendis.
1173 1075 1316 1124 Quare
1343 1089 1428 1116 non
1452 1075 1591 1125 uideo,
1626 1075 1840 1128 quomodo

60 1143 105 1185 id
135 1141 362 1197 impetrari
394 1141 547 1196 possit,
581 1144 630 1184 ut
663 1141 820 1184 saltem
854 1140 1060 1196 priuatim
1094 1141 1164 1182 uel
1187 1141 1356 1183 occulte
1379 1140 1487 1182 haec
1509 1140 1604 1194 ipsa
1626 1139 1841 1194 professio

60 1207 353 1262 ‚Jngolstadijd
394 1222 517 1249 suum
561 1221 687 1249 usum
728 1209 774 1249 et
815 1221 987 1249 cursum
1029 1206 1204 1256 habeat,
1248 1206 1506 1260 praesertim
1549 1205 1753 1258 quamdiu
1785 1205 1841 1247 ab

63 1273 305 1328 Ordinarijs
347 1272 564 1315 ordinarie
605 1272 680 1314 illa
715 1286 800 1314 non
832 1272 1095 1326 publicatur.
1160 1271 1285 1313 Vnde
1318 1271 1442 1313 doleo
1476 1274 1650 1312 nostros
1682 1270 1764 1312 hac
1796 1270 1840 1312 in

61 1342 187 1394 parte
227 1341 455 1393 praestare
501 1352 587 1380 non
629 1351 780 1392 posse,
827 1338 941 1390 quod
981 1337 1052 1392 pie
1093 1336 1198 1379 Pius
1228 1336 1281 1380 V.
1325 1337 1556 1390 postulate.
1626 1336 1842 1378 Causatur

61 1404 304 1459 Episcopus
337 1403 622 1447 Eistettensis
650 1402 1021 1456 Jngolstadiensis
1053 1402 1303 1445 academiae
1327 1402 1633 1453 Cancellarius,
1667 1401 1840 1443 Bullam

61 1469 142 1512 sibi
174 1469 363 1511 nondum
397 1469 723 1524 promulgatam
757 1468 895 1512 esse7.

181 1566 209 1597 a)
231 1568 278 1592 Ita
300 1568 328 1592 C.
349 1568 411 1598 ipse
432 1566 561 1591 correxit
581 1573 617 1591 ex
637 1564 686 1597 ad,
706 1566 780 1597 quod
801 1565 948 1590 librarius
964 1567 1116 1597 posuerat.
1200 1564 1231 1596 b)
1253 1565 1393 1596 Sequitur
1412 1564 1461 1595 ab,
1481 1564 1569 1589 oblitt.
1654 1563 1680 1594 o)
1701 1563 1841 1595 Sequitur

61 1608 120 1639 exi,
140 1610 230 1634 oblitt.
319 1608 349 1640 d)
371 1609 432 1633 Hoc
452 1616 476 1633 v.
497 1608 532 1633 ab
555 1608 616 1640 ipso
637 1609 665 1633 C.
686 1615 781 1639 supra
801 1615 918 1632 versum
937 1607 1081 1639 scriptum
1101 1610 1151 1631 est.
1245 1609 1272 1637 e)
1294 1606 1475 1631 Sententiam
1494 1608 1658 1637 sequentem
1678 1606 1781 1636 (usque
1801 1605 1840 1630 ad

62 1649 288 1683 promulgatam
307 1657 376 1675 esse
396 1650 477 1681 incl.)
499 1651 528 1675 C.
548 1658 603 1675 sua
625 1658 713 1674 manu
736 1649 870 1674 inseruit.

182 1777 193 1796 ¹
220 1774 272 1809 De
298 1775 356 1809 his
381 1774 514 1809 litteris
540 1775 572 1810 8.
601 1774 811 1809 Decembris
841 1773 932 1808 1563
959 1773 1055 1808 datis
1081 1784 1115 1807 V.
1139 1774 1226 1807 Can.
1255 1772 1303 1807 IV
1323 1773 1403 1807 939.

181 1830 194 1849 2
219 1829 313 1863 Vide
338 1839 450 1873 supra
475 1840 508 1874 p.
524 1828 678 1869 zio-42,
707 1831 744 1862 et
768 1828 815 1862 cf.
842 1827 949 1868 infra,
975 1838 1069 1861 mon.
1096 1826 1169 1871 ing.
1199 1825 1266 1870 (1).

183 1885 194 1900 ³
220 1883 261 1917 P.
288 1881 468 1917 Henricus
494 1881 678 1916 Arboreus
713 1884 750 1916 et
776 1881 832 1916 Fr.
862 1880 1012 1916 Carolus
1035 1880 1191 1915 Ursinus
1216 1879 1482 1925 philosophiam
1508 1878 1719 1918 tradebant;
1756 1877 1840 1911 vide

59 1948 169 1982 supra
195 1948 228 1982 p.
246 1936 322 1971 40‘2.

180 1993 193 2010 ‘¹
219 1989 311 2024 Vide
341 1989 429 2024 Can.
447 1988 478 2024 V
507 1989 594 2024 524⁷
620 1990 655 2023 et
681 2000 792 2034 supra
817 2000 851 2034 p.
869 1988 1024 2023 45—47.

181 2044 194 2064 ⁵
221 2043 349 2078 Mense
365 2043 563 2078 Novembri
585 2039 674 2078 1567
701 2043 815 2077 maior
832 2044 982 2077 senatus
1001 2041 1198 2076 academici
1224 2052 1309 2086 pars
1327 2039 1421 2086 apud
1440 2039 1630 2074 Albertum
1641 2038 1685 2073 V.
1712 2038 1839 2072 ducem

62 2097 296 2132 vehementer
331 2096 502 2139 instabat,
538 2109 583 2131 ne
617 2096 796 2142 professio
830 2095 1029 2130 tridentina
1064 2096 1099 2129 in
1126 2094 1402 2129 universitatem
1437 2093 1667 2127 induceretur
1696 2092 1841 2134 (Prantl

60 2151 83 2186 l.
111 2162 140 2186 6.
167 2151 182 2184 1
210 2150 430 2194 271—272).

181 2205 194 2224 ‘³
220 2204 260 2238 In
287 2203 530 2239 universitate
548 2202 811 2238 vindobonensi
836 2202 936 2237 hisce
962 2202 1067 2237 annis
1092 2202 1192 2236 nulla
1219 2213 1265 2235 ex
1290 2200 1528 2235 facultatibus
1557 2199 1716 2244 (praeter
1740 2198 1839 2232 theo-

59 2257 230 2302 logicam)
271 2257 415 2292 Bullam
452 2257 552 2291 illam
591 2257 646 2291 Pii
672 2256 735 2291 IV.
768 2257 920 2291 curabat
948 2256 1058 2298 (Rud.
1086 2257 1199 2300 Kink,
1239 2254 1458 2290 Geschichte
1497 2253 1560 2287 der
1597 2251 1839 2287 kaiserlichen

60 2311 287 2346 Universitat
311 2323 355 2346 zu
369 2311 479 2345 Wien
497 2311 541 2353 1¹,
559 2310 669 2345 Wien
690 2310 792 2351 1854,
812 2311 910 2354 318).
950 2309 1118 2353 Friburgi
1144 2309 1359 2353 Brisgoviae
1378 2310 1531 2351 urgente
1549 2306 1774 2341 Ferdinando
1792 2305 1837 2340 ΙΙ.

59 2365 251 2400 archiduce
277 2365 501 2399 universitas
535 2365 570 2398 4.
597 2363 808 2398 Decembris
838 2364 926 2398 1567
964 2364 1094 2397 statuit
1120 2362 1385 2408 professionem
1411 2361 1644 2395 tridentinam
1672 2360 1837 2403 exigere3

60 2431 169 2464 quam
195 2419 329 2463 singuli
355 2420 432 2452 tum
459 2418 686 2464 professores
711 2419 787 2452 tum
815 2417 994 2452 officiales
1021 2418 1230 2457 emiserunt,
1265 2428 1335 2450 uno
1362 2418 1515 2456 tantum,
1548 2414 1641 2458 quod
1674 2414 1745 2447 iam
1778 2412 1838 2447 ab·

60 2474 176 2507 iturus
203 2474 311 2514 esset,
339 2483 415 2506 eam
444 2473 618 2505 renuente
639 2471 786 2515 (Heinr.
807 2471 1007 2514 Sem-ether,
1028 2469 1248 2505 Geschichte
1273 2470 1335 2503 der
1353 2466 1838 2510 Albert-Ludwigs-Univer-

59 2527 148 2561 sitat
181 2538 226 2561 zu
252 2526 429 2569 Freiburg
464 2525 513 2559 im
539 2524 718 2567 Breisgau
743 2525 787 2567 ΙΙ,
823 2524 1000 2567 Freiburg
1031 2524 1132 2564 1859,
1170 2523 1244 2566 36).
1296 2522 1348 2556 De
1384 2522 1510 2556 eadem
1544 2520 1767 2566 professione
1802 2519 1839 2553 in

61 2579 363 2615 universitatibus
390 2578 584 2613 coloniensi
613 2581 650 2612 et
675 2578 862 2622 dilingana
879 2580 1027 2622 recepta
1046 2590 1080 2612 v.
1104 2578 1191 2612 Can.
1210 2576 1243 2611 V
1263 2576 1307 2611 37
1330 2576 1393 2610 171
1415 2575 1495 2610 682.
1538 2575 1679 2619 Lapsus
1697 2584 1839 2618 quoque

61 2637 118 2668 est
144 2633 323 2675 Canisius,
359 2644 440 2667 cum
476 2633 511 2666 in
548 2632 789 2666 universitate
825 2631 1027 2666 lovaniensi
1053 2630 1314 2676 professionem
1341 2629 1424 2663 fidei
1450 2628 1686 2663 tridentinam
1721 2626 1839 2661 emitti

59 2689 210 2731 negaret
237 2688 288 2731 (v.
315 2686 421 2728 infra,
448 2698 502 2731 ep.
530 2698 563 2720 n.
591 2686 711 2729 1557).
763 2685 960 2728 Dilingana
985 2684 1208 2718 universitas
1233 2683 1391 2717 nondum
1425 2682 1462 2716 in
1488 2681 1683 2717 Germania
1709 2692 1839 2714 nornen

59 2743 228 2775 assecuta
247 2752 327 2775 esse
345 2740 510 2781 videtur;
538 2751 570 2773 a.
590 2741 689 2773 certe
710 2738 798 2773 1561
820 2737 988 2773 Canisius
1006 2737 1278 2772 affirmaverat:
1302 2735 1573 2781 „Repelluntur‚
1593 2734 1653 2779 qui
1671 2734 1839 2777 Dilingae

60 2794 214 2839 promoti
241 2794 344 2828 sunt“
379 2794 486 2836 (Can.
514 2793 566 2827 111
595 2793 691 2835 144).

180 2847 193 2867 ⁷
219 2847 259 2882 P.
286 2847 472 2882 Martinus
498 2847 741 2881 Leubenstain
767 2845 912 2889 collegii
939 2846 1059 2879 rector
1084 2843 1308 2888 Ingolstadio
1335 2844 1367 2877 5.
1387 2842 1546 2877 Ianuarii
1567 2842 1658 2876 1568
1677 2842 1711 2876 S.
1731 2840 1839 2875 Fran—

59 2901 155 2935 cisco
181 2900 337 2944 Borgiae
362 2899 559 2945 *scripsitz
587 2899 780 2934 Societatis
806 2898 971 2933 homines
997 2901 1034 2932 et
1059 2909 1184 2932 omnes
1211 2897 1346 2932 amicos
1373 2908 1505 2937 eorum,
1532 2895 1690 2930 maxime
1716 2897 1838 2929 autem

59 2955 242 2989 doctorem
276 2953 474 2988 Martinum
499 2952 726 2997 Eisengrein,
761 2955 896 2997 optare,
933 2952 967 2986 id
1004 2951 1168 2986 efficeret
1202 2951 1365 2994 Boi-gias,
1400 2952 1442 2984 ut
1476 2960 1639 2986 summus
1675 2947 1839 2994 pontifex

60 3007 227 3053 episcopo
264 3007 481 3052 eystettensi
520 3006 693 3050 (Martino
729 3018 750 3041 a
786 3005 1053 3049 Schaumburg)
1092 3004 1228 3039 bullam
1264 3005 1320 3039 Pii
1347 3004 1398 3038 lV
1428 3002 1652 3047 „intimareffl
1689 3003 1837 3046 eiusque

58 3060 386 3106 promulgationem
426 3061 667 3105 praeciperet,
707 3062 816 3104 atque
854 3060 907 3093 ita
945 3059 1103 3093 fortasse
1143 3057 1385 3102 Eisengreinii
1424 3057 1611 3100 „hortatu“
1654 3055 1837 3091 Canisium

58 3114 212 3158 Borgiae
239 3125 319 3148 esse
345 3113 565 3159 scripturum
596 3114 656 3157 (ex
683 3116 844 3156 autogr.;
874 3112 915 3147 Gr.
944 3112 1008 3157 Ep.
1037 3112 1087 3146 IX
1113 3112 1138 3146 f.
1161 3111 1274 3156 14111).
