2044 3335
704 141 903 187 Oeniponte
934 142 987 176 16.
1008 142 1165 185 Augusti
1186 142 1289 177 1567.
1832 148 1883 187 15

107 259 313 314 corporis,
355 263 448 302 tum
490 260 627 301 animi*
663 261 806 314 magis
847 261 1074 314 magisque
1118 260 1373 303 debilitaria.
1439 261 1588 314 Jgitur
1629 264 1678 304 ut
1710 266 1886 305 caetera

107 327 395 378 praeteream,
429 324 590 367 iustam
624 325 728 366 mihi
762 339 937 368 causam
971 325 1145 368 adferre
1177 325 1363 377 uidetur,
1399 340 1475 368 cur
1506 326 1645 369 literis
1678 327 1731 368 ad
1757 327 1801 369 P.
1837 328 1884 370 Τ.

107 389 221 431 datis
262 389 564 448 postulauerit,
608 389 688 431 hoc
732 404 778 431 se
821 405 951 432 onere
993 390 1170 432 liberari
1202 391 1394 440 tandem,
1438 394 1483 433 et
1515 391 1648 433 alium
1680 392 1774 433 1000
1807 406 1884 434 suo

106 454 349 507 subrogari.
393 455 522 496 Jdem
555 457 599 496 et
632 468 713 506 ego
747 456 909 498 suadeo
933 470 1123 509 prorsus,
1157 470 1243 497 non
1271 456 1411 497 solum
1433 455 1549 498 illius
1572 456 1694 498 uelut
1717 457 1885 499 emeriti

104 519 255 562 militis
287 520 445 573 gratia,
480 533 632 561 verum
666 520 799 561 etiam
834 521 947 574 quod
980 521 1034 563 ad
1069 521 1391 563 conseruandos
1423 521 1467 562 in
1501 521 1639 564 offitio
1673 524 1717 564 et
1740 522 1885 575 quiete

104 584 266 627 fratres
307 585 433 626 huius
476 584 647 638 collegij
689 584 750 626 sic
792 586 885 627 fieri
919 586 1164 636 conueniat,
1207 586 1289 628 nisi
1323 600 1529 639 magnum
1563 587 1737 639 aliquod
1770 588 1884 641 peri-

105 650 247 691 culum
281 652 326 692 et
357 650 609 692 scandalum
644 653 879 704 expectare
913 651 1110 694 uelimus.

224 715 387 757 Verum
421 715 606 769 probare
639 729 723 757 non
757 730 933 769 possum
968 716 1195 758 consilium
1228 717 1282 758 ab
1310 717 1461 758 eodem
1486 717 1530 759 P.
1555 717 1718 759 Lanoio
1752 720 1884 760 antea

104 780 389 834 propositum,
416 795 529 822 nunc
551 795 655 822 uero
678 783 909 832 mutatum,
939 782 991 823 de
1013 782 1201 823 Rectore
1223 782 1250 824 J
1254 782 1572 835 ngolstadiensi
1586 784 1601 810 1
1633 783 1716 824 11110
1737 786 1884 825 trans-

103 845 295 888 ferendo.
340 846 383 888 Is
416 846 575 888 etenim
606 847 720 900 apud
754 847 996 888 huiusmodi
1028 846 1136 889 satis
1160 847 1379 901 capitosos
1392 848 1421 897 2,
1456 847 1716 902 praesertim
1739 862 1883 890 sacer-

105 911 242 961 dotes,
276 925 429 965 parum
463 911 680 953 efficeret:
715 911 925 953 minorem
959 925 1062 953 uero
1097 912 1212 966 apud
1246 913 1453 954 Dominos
1486 912 1554 954 hic
1587 927 1724 966 usque
1756 928 1883 968 prae-

103 979 250 1018 sentes
273 979 318 1019 et
339 979 571 1029 magnates
594 976 814 1019 obtineret
837 977 1165 1028 authoritatem,
1192 991 1287 1020 cum
1311 977 1468 1020 Latine
1491 979 1608 1032 loqui
1631 993 1709 1020 nec
1731 979 1882 1033 possit,

103 1055 183 1083 nec
225 1041 352 1092 ausit,
396 1045 441 1084 et
484 1042 537 1084 ab
580 1045 833 1084 exterorum
877 1042 1048 1096 quidem
1093 1043 1405 1085 consuetudine
1440 1044 1675 1085 abhorrere
1720 1045 1883 1086 soleat:

103 1121 182 1148 nec
205 1108 416 1161 praebere
439 1107 578 1162 possit
596 1108 833 1157 consilium,
859 1108 973 1161 quod
996 1108 1064 1150 hic
1088 1122 1114 1150 a
1130 1109 1319 1151 Rectore
1343 1108 1478 1163 accipi
1503 1123 1634 1164 saepe
1657 1124 1880 1152 necessum

103 1175 183 1222 est,
226 1175 319 1215 tum
361 1176 541 1227 propter
582 1173 858 1216 sacerdotum
902 1176 1149 1215 nostrorum
1193 1174 1237 1216 in
1271 1174 1565 1217 conscientiae
1599 1174 1770 1216 casibus
1802 1175 1882 1216 im—

101 1237 319 1292 peritiam,
361 1242 451 1280 tum
496 1239 549 1280 ob
592 1241 783 1288 exteros,
827 1239 898 1291 qui
942 1253 1038 1280 cum
1081 1239 1297 1293 dignitate
1337 1240 1621 1294 praecellant,
1664 1254 1750 1281 non
1782 1254 1882 1282 raro

103 1305 278 1345 nostros
310 1304 554 1354 consulunt,
589 1307 633 1346 et
665 1303 709 1344 in
741 1303 808 1345 his
832 1304 1003 1345 Domini
1036 1304 1088 1346 de
1112 1305 1352 1358 Regimine,
1388 1307 1436 1347 ut
1458 1305 1696 1360 appellant.
1741 1305 1882 1355 Quare

104 1369 260 1410 bonum
304 1371 348 1411 et
389 1369 564 1411 doctum
605 1368 673 1410 hic
707 1368 975 1422 Theologum
1009 1369 1163 1411 adesse
1196 1384 1375 1424 prorsus
1418 1370 1633 1421 conuenit,
1676 1371 1882 1424 nulloque

102 1434 229 1476 modo
261 1433 305 1475 in
337 1434 419 1476 hac
452 1434 574 1476 uberi
606 1448 762 1484 messe,
805 1448 916 1487 quae
958 1435 1065 1476 nulli
1102 1435 1174 1489 alij
1210 1435 1393 1488 collegio
1427 1436 1542 1490 apud
1575 1439 1805 1489 magnates
1838 1438 1882 1479 et

103 1499 260 1542 diuites
293 1499 494 1552 obtingit,
528 1499 575 1542 P.
610 1499 768 1550 DirsiO,
814 1500 860 1542 P.
893 1500 1058 1542 Joanni.
1088 1501 1263 1550 Saxoni,
1299 1501 1344 1543 P.
1378 1501 1528 1552 Paulo,
1563 1501 1609 1543 P.
1647 1502 1833 1556 Georgio
1848 1503 1876 1553 3,

102 1564 145 1606 id
178 1568 258 1616 est,
294 1565 520 1607 Germanis
553 1565 801 1618 Theologis‚
835 1565 970 1607 fidere
1003 1580 1232 1620 possumus
1266 1570 1310 1608 et
1343 1567 1562 1609 debemus,

222 1630 436 1672 Putabam
468 1630 616 1683 igitur,
650 1631 696 1673 P.
720 1631 931 1673 Lanoium
963 1631 1363 1685 superintendentis
1385 1632 1479 1673 loco
1502 1631 1570 1673 hic
1592 1631 1878 1683 retinendum,

102 1698 146 1737 et
169 1695 398 1738 Rectorem
432 1696 564 1738 alium
597 1695 912 1739 instituendum
947 1710 1056 1747 esse,
1092 1697 1165 1750 qui
1188 1697 1352 1739 difficili
1375 1697 1455 1739 hoe
1478 1698 1586 1747 loco,
1621 1697 1693 1739 ubi
1715 1698 1879 1740 multae

100 1761 310 1803 fratribus
342 1761 612 1804 tentationes
644 1761 824 1815 suggeri
856 1762 1012 1812 solent,
1057 1776 1181 1816 opem
1225 1763 1408 1816 collegio
1452 1770 1496 1805 et
1538 1763 1879 1805 consolationem

100 1826 307 1869 adferret.
371 1827 428 1869 Jd
463 1827 545 1869 nisi
577 1828 667 1877 fiat,
701 1841 861 1880 graues
894 1841 1026 1881 saepe
1059 1828 1211 1870 turbas
1246 1830 1290 1870 et
1323 1828 1524 1881 querelas
1556 1826 1770 1870 fratrumh
1803 1842 1879 1870 ex-

100 1892 323 1946 perientur
354 1892 614 1946 superiores,
650 1895 694 1935 et
725 1893 991 1947 poenitenda
1013 1893 1232 1936 uidebitur
1254 1893 1589 1944 administratio,
1625 1894 1724 1936 dum
1749 1897 1881 1948 caput

98 1959 180 1999 1100
227 1958 305 2000 tali
350 1958 444 1999 loco
490 1972 575 1999 non
621 1959 834 2011 congruit,
877 1962 922 2000 et
966 1958 1154 2001 ministri
1196 1973 1291 2001 cum
1335 1959 1478 2014 capite
1520 1959 1751 2001 conuenire
1794 1974 1878 2001 non

100 2025 296 2077 possunt,
331 2023 377 2066 P.
402 2023 582 2078 LanoiJ'o
615 2028 833 2066 manente.
869 2024 1030 2066 Videat
1054 2024 1187 2077 igitur
1210 2025 1254 2067 P.
1280 2025 1328 2067 T.
1353 2039 1479 2077 quem
1503 2024 1626 2066 nobis
1649 2026 1881 2067 Rectorem

100 2089 204 2131 dare
236 2088 387 2143 possit,
422 2088 457 2130 si
490 2089 588 2131 huic
621 2089 803 2142 collegio
836 2089 945 2131 bene
980 2090 1226 2132 consultum
1260 2090 1391 2144 cupit,
1435 2091 1549 2143 quod
1582 2094 1700 2132 certe
1740 2091 1879 2143 negli—

100 2154 289 2207 gendum
322 2169 406 2196 non
440 2157 520 2204 est,
561 2157 653 2197 tum
686 2155 739 2196 ob
772 2154 1018 2198 fundatoris
1052 2155 1282 2197 Caesaris4
1315 2158 1360 2197 et
1391 2156 1576 2197 filiorum
1610 2170 1661 2197 ao
1693 2155 1878 2197 filiarum

99 2219 191 2261 eius
223 2219 420 2273 ingentia
453 2234 560 2273 erga
591 2234 671 2262 nos
703 2220 882 2262 merita:
926 2223 1017 2262 tum
1061 2221 1114 2262 ob
1146 2221 1356 2274 inclytam
1389 2221 1625 2275 superioris
1657 2222 1877 2271 Austriae‚

100 2299 210 2338 quae
251 2285 350 2327 huic
382 2285 618 2327 Archiduoi
659 2287 822 2336 subest,
866 2286 1130 2340 prouintiam
1173 2287 1217 2328 in
1250 2287 1473 2328 Catholica
1507 2287 1734 2340 Religione
1777 2301 1876 2329 con-

98 2351 372 2402 seruandam,
406 2354 499 2394 tum
533 2352 586 2392 ob
620 2351 874 2394 conciliatos
897 2351 966 2393 1110
990 2351 1113 2393 nobis
1137 2352 1304 2394 animos
1327 2352 1623 2406 plurimorum,
1657 2352 1700 2393 in
1725 2352 1878 2404 quibus

99 2417 237 2458 multa
270 2417 387 2458 Deus
419 2431 497 2471 per
529 2419 716 2467 nostros,
752 2420 797 2459 et
828 2418 1058 2471 praeclara
1091 2417 1276 2470 quidem,
1312 2420 1532 2471 operatur.

219 2510 246 2540 a)
268 2511 438 2541 Sequuntur
459 2517 499 2534 vv.
520 2508 630 2534 mirum
651 2516 713 2535 non
735 2509 792 2541 est,
811 2518 829 2534 ιι
851 2511 879 2535 C.
901 2510 990 2535 oblitr.
1067 2509 1096 2541 b)
1118 2511 1179 2535 Hoc
1201 2518 1223 2534 r.
1244 2518 1261 2534 α
1284 2511 1312 2535 C.
1332 2518 1427 2541 supra
1449 2518 1564 2535 versum
1583 2511 1724 2541 scriptum
1745 2513 1794 2535 est.

221 2616 232 2636 ¹
258 2615 297 2650 P.
325 2616 481 2650 Martino
508 2617 769 2658 Leubenstain;
799 2618 841 2651 de
868 2629 938 2662 quo
965 2618 1011 2652 cf.
1042 2619 1131 2652 Can.
1151 2617 1183 2651 V
1203 2618 1299 2652 348⁵.

220 2669 233 2688 ²
260 2669 451 2715 Capitosus
470 2686 502 2696 Ξ
521 2670 725 2705 obstinatus
752 2672 809 2715 (C.
837 2673 886 2705 du
914 2673 1042 2715 Cangye,
1081 2671 1306 2706 Glossarium
1333 2671 1472 2706 mediae
1509 2674 1544 2705 et
1570 2671 1714 2705 infimae
1742 2671 1874 2706 Latini-

99 2724 197 2765 tatis,
225 2723 278 2757 ed.
306 2735 326 2757 a
352 2723 459 2769 Leop.
486 2724 603 2758 Favre
628 2725 673 2766 ΙΙ,
700 2724 805 2759 Niort
834 2725 935 2766 1883,
966 2726 1060 2768 139).

221 2778 233 2796 ³
259 2776 306 2811 M.
327 2776 528 2822 Septembri
549 2778 639 2812 1567
668 2777 870 2823 Oeniponte
897 2778 938 2812 P.
965 2779 1118 2813 Ioannes
1136 2778 1278 2813 Dirsius
1297 2782 1375 2813 erat
1398 2778 1628 2821 „Catechista
1647 2779 1876 2822 germanicus

99 2830 135 2864 in
154 2830 312 2875 Templo,
339 2831 555 2865 Praefectus
581 2831 805 2873 Soholarum,
834 2832 1087 2867 Confessarius
1115 2835 1347 2867 externorum
1374 2836 1410 2866 et
1437 2832 1598 2876 Reginae
1625 2833 1874 2876 Magdalenae,

99 2884 214 2918 Aulae
240 2884 471 2925 sacrificus“;
499 2885 540 2919 P.
568 2885 721 2919 Ioannes
747 2886 968 2930 Merquitius
994 2886 1072 2920 sive
1100 2888 1196 2921 Saxo
1218 2887 1479 2928 „Concionator
1498 2886 1713 2920 Parrochiae
1733 2890 1769 2920 et
1787 2886 1874 2921 Con-

99 2937 273 2972 fessarius
300 2940 573 2980 extern01·um“;
600 2939 641 2973 P.
668 2939 806 2973 Paulus
827 2939 1077 2974 Hetzcovaeus
1101 2940 1374 2982 „Confessarius
1401 2943 1631 2974 externorum
1659 2942 1695 2974 et
1721 2952 1874 2984 quorun-

100 2991 182 3024 dam
209 2991 496 3033 domesticorum,
524 2992 737 3026 Praefectus
765 2992 897 3027 Sacelli
915 2993 1041 3034 nostri,
1070 2993 1323 3028 Confessarius
1342 2993 1503 3038 Reginae
1523 2994 1682 3027 Helenae
1707 2996 1742 3027 et
1761 2993 1874 3027 Aulae

99 3044 329 3085 sacrificus“;
355 3045 395 3079 P.
416 3044 593 3089 Georgius
621 3046 771 3091 Crispus
793 3047 945 3091 (Kraus)
979 3047 1178 3089 „Minister,
1207 3047 1461 3082 Confessarius
1488 3051 1733 3088 externorum,
1760 3047 1874 3081 lector

99 3098 379 3142 Euangeliorum
406 3098 442 3132 in
468 3099 612 3133 schola⁴‘
645 3099 678 3143 (*
694 3101 808 3135 Catal.
838 3100 1016 3145 oenipont.
1045 3113 1090 3135 m.
1111 3100 1315 3145 Septembri
1341 3113 1372 3135 a.
1392 3102 1481 3136 1567
1508 3101 1678 3146 scriptus.
1713 3100 1800 3135 GSC
1830 3101 1872 3135 66

99 3152 122 3184 f.
151 3151 263 3195 391³).
422 3153 434 3172 4
462 3152 676 3187 Ferdinandi
704 3153 730 3187 I.
