2044 3335
830 100 879 135 M.
899 100 999 134 Iunio
1029 99 1129 135 1570.
1775 99 1860 140 5¹17

210 217 248 251 3?
273 216 310 250 Si
335 228 400 251 nos
426 218 598 259 tacemus,
625 217 798 252 tacebunt
825 219 861 251 et
895 217 964 261 ipsi
999 228 1149 261 semper,
1185 217 1227 249 vt
1261 217 1347 249 sunt
1381 214 1503 256 astuti,
1541 213 1601 258 qui
1626 213 1723 247 haud
1758 213 1864 247 dubie

92 269 145 304 sic
170 270 349 313 cogitant:
385 270 464 313 Age
489 272 685 312 taceamus,
722 270 969 304 contineamus
996 269 1156 303 Jesuitas
1182 268 1276 302 inter
1307 279 1406 313 spem
1434 269 1470 301 et
1495 269 1640 308 metum,
1668 269 1702 301 et
1729 266 1865 300 dabunt

95 323 197 357 nobis
223 334 365 367 semper
383 323 556 367 optimum
575 323 880 358 concionatorem:
907 323 937 357 si
965 322 1060 356 enim
1078 322 1335 356 habitationem
1361 320 1433 354 illis
1452 320 1624 354 donemus
1642 322 1864 364 perpetuam,

93 376 268 410 haberent
294 375 363 420 ipsi
389 376 480 419 quod
508 376 644 411 vellent
670 379 707 410 et
732 375 834 410 nobis
860 376 988 409 darent
1013 386 1074 409 eos
1099 386 1207 418 saepe
1234 374 1502 408 concionatores
1529 384 1619 417 quos
1653 372 1863 406 nollemusst.

94 429 190 463 Jtem
217 429 368 463 tacendo
392 429 605 472 augebiturb
631 430 724 474 apud
743 429 928 474 sapientes
946 428 1102 473 suspicio
1129 427 1222 472 quod
1241 427 1456 461 meditemur
1473 427 1594 460 nescio
1613 438 1703 471 quae
1721 437 1864 470 magna,

93 494 185 526 quae
210 482 398 527 cupiamus
430 485 504 516 tam
538 482 656 526 longis
694 481 1049 527 obsequijs'venari,
1086 492 1177 521 cum,
1212 492 1290 514 meo
1326 480 1470 524 quidem
1506 479 1646 522 iudicio,
1682 480 1865 525 sapientes

93 535 214 580 potius
232 535 515 576 aedificaremus,
540 536 572 570 si
589 535 804 580 simpliciter
820 537 1026 580 peteremus
1043 533 1312 574 habitationem,
1339 544 1447 577 quam
1473 545 1577 567 nemo
1598 545 1667 567 non
1693 532 1866 568 iudicabit

93 588 348 632 aequissimam
375 589 541 632 omnique
568 589 723 623 auaritia
749 591 932 623 carentem
967 587 1188 632 petitionem.
1239 587 1366 621 Stante
1401 586 1495 620 enim
1531 586 1597 620 hoc
1632 587 1866 620 fundamento

91 642 184 685 quod
212 641 429 676 Societatem
456 653 598 687 semper
623 641 681 676 hic
707 641 909 676 concionari
937 641 1069 682 volent,
1105 640 1186 684 quis
1211 651 1280 674 non
1315 639 1449 673 iudicet
1484 639 1631 681 dignum
1668 642 1704 674 et
1729 639 1864 673 iustum

91 706 171 729 esse
196 697 238 729 vt
263 694 321 729 hic
347 695 646 739 quemadmodum
681 694 742 739 alij
769 694 963 738 Religiosi,
998 693 1298 738 quemadmodum
1335 692 1441 726 etiam
1478 704 1544 726 nos
1578 692 1661 737 alijs
1696 693 1731 726 in
1766 692 1866 733 locis,

90 747 287 782 habeamus
312 750 525 793 perpetuam
551 759 593 782 ac
619 749 799 793 propriam
826 747 1115 781 habitationem?
1166 746 1213 780 Et
1237 745 1268 780 si
1295 757 1374 779 eam
1408 757 1479 779 non
1514 745 1748 790 postulemus,
1784 745 1867 790 quis

91 812 161 834 non
186 801 390 845 suspicetur
416 801 508 845 quod
534 804 678 846 praeter
703 800 944 836 necessariam
971 800 1230 834 habitationem
1256 798 1376 833 nescio
1403 798 1488 842 quid
1515 798 1669 843 amplius
1696 810 1804 832 auare
1831 800 1867 833 et

92 854 220 898 cupide
246 856 483 899 aucupemur!
534 853 694 888 Haberet
729 865 814 898 ergo
840 853 996 899 simplex
1023 854 1059 887 et
1094 855 1220 898 aperta
1246 852 1372 898 petitio
1407 851 1647 894 honestatem,
1682 852 1866 886 silentium

94 918 179 941 vero
205 906 447 951 suspicionem
473 907 680 952 pessimam.

210 961 248 994 4‘?
275 960 412 994 Viuunt
436 960 503 994 hoc
528 962 688 1005 tempore
715 960 831 994 adhuc
858 960 892 994 in
919 959 1083 1005 Capitulo
1109 959 1178 993 duo
1204 960 1268 993 aut
1292 961 1367 993 tres
1393 959 1553 1005 primarij
1579 958 1649 992 viri
1675 969 1780 992 senes
1807 957 1868 1002 qui

92 1012 194 1047 nobis
225 1025 295 1047 non
321 1013 463 1047 omnino
489 1013 582 1048 male
614 1013 741 1048 volunt
774 1015 815 1047 vt
849 1013 1013 1054 videtur,
1048 1013 1180 1057 quique
1215 1012 1324 1057 probe
1358 1015 1490 1047 norunt
1526 1011 1682 1057 Capituli
1718 1014 1754 1045 et
1788 1022 1868 1045 con-

93 1066 287 1100 cionatoris
311 1066 559 1108 necessitates,
594 1066 657 1101 sed
684 1078 804 1101 eorum
832 1066 909 1100 vita
941 1066 1061 1100 breuis
1096 1067 1151 1100 est
1186 1068 1222 1099 et
1247 1065 1395 1100 incerta.
1422 1066 1555 1100 caeteri
1590 1067 1676 1100 sunt
1709 1064 1868 1106 iuuenes,

93 1120 152 1163 qui
180 1131 306 1164 parum
333 1130 459 1153 curare
484 1119 654 1154 videntur
680 1131 850 1164 quorsum
886 1119 1031 1154 tandem
1063 1131 1121 1153 res
1148 1121 1265 1153 exeat.
1316 1119 1449 1163 Jtaque
1485 1119 1516 1153 si
1543 1119 1628 1163 quid
1660 1129 1681 1152 a
1711 1117 1868 1163 capitulo

92 1172 322 1207 obtinendum
342 1174 407 1214 est,
425 1184 520 1207 nunc
537 1172 738 1207 senioribus
757 1173 874 1207 adhuc
891 1172 986 1207 viuis
1005 1172 1203 1207 conandum
1224 1173 1289 1214 est,
1317 1172 1378 1216 qui
1397 1172 1448 1206 rei
1466 1172 1685 1207 necessitate
1703 1172 1869 1214 cognitac

91 1228 242 1270 possunt
267 1237 352 1260 suos
388 1226 546 1260 iuniores
572 1226 721 1260 reddere
748 1226 943 1270 aequitatis
970 1226 1162 1271 capaces¹:
1199 1237 1279 1260 cum
1315 1237 1420 1260 senes
1455 1226 1663 1266 defecerint,
1699 1227 1868 1270 poterunt

92 1279 249 1313 iuniores
276 1279 385 1313 etiam
411 1291 492 1313 cum
518 1280 594 1314 risu
620 1280 707 1314 nosd
734 1279 938 1325 explodere.
988 1279 1082 1314 Sane
1106 1279 1148 1314 R.
1175 1278 1216 1314 P.
1236 1279 1402 1314 Canisius
1428 1291 1537 1314 ausus
1564 1281 1619 1313 est
1646 1279 1867 1319 confirmare,

94 1332 187 1377 quod
213 1332 244 1367 si
263 1332 469 1378 Capitulum
496 1333 604 1367 etiam
630 1332 697 1367 hoc
723 1335 884 1378 tempore
911 1333 1068 1377 aliquem
1094 1345 1140 1367 ex
1165 1333 1300 1367 nostris
1317 1333 1558 1378 Apostatam²
1582 1332 1708 1367 venari
1734 1334 1868 1377 posset,

93 1387 154 1430 qui
181 1385 330 1420 idoneus
356 1389 454 1421 esset
479 1387 718 1428 concionator,
755 1386 912 1421 facilime
938 1386 1137 1432 abijcerent
1171 1386 1400 1427 societatem;
1438 1388 1474 1420 et
1508 1386 1602 1420 idem
1628 1397 1695 1429 ego
1722 1396 1868 1431 prorsus

93 1440 220 1475 sentio.
272 1438 390 1481 Quare
415 1439 528 1484 igitur
553 1440 725 1476 Societati
750 1452 820 1474 non
846 1439 1075 1485 prouidemus
1100 1439 1316 1485 tempestiue
1342 1451 1387 1473 ne
1421 1439 1550 1474 fiamus
1575 1439 1719 1474 tandem
1746 1438 1870 1473 fabula

94 1493 287 1527 haereticis
298 1494 317 1527 ‘?

215 1547 252 1582 5²?
279 1546 368 1580 Cum
395 1558 480 1591 ergo
508 1546 611 1581 valde
637 1546 686 1581 sit
712 1547 887 1581 incertum
915 1546 1000 1591 quid
1027 1546 1071 1581 ob
1097 1550 1257 1592 peccata,
1283 1546 1407 1581 futura
1434 1546 1680 1590 contingentia
1714 1546 1868 1591 pariant,

94 1611 247 1644 cumque
274 1599 435 1643 Collegia
460 1602 584 1634 nostra
609 1600 812 1635 hominibus
839 1603 970 1643 egeant
996 1600 1057 1644 qui
1083 1600 1334 1635 fundatoribus
1360 1600 1498 1635 faciant
1523 1601 1623 1642 satis,
1651 1611 1731 1634 cum
1759 1600 1867 1637 etiam

92 1665 161 1688 non
181 1654 300 1688 desint
325 1655 360 1687 in
380 1653 594 1688 Germania⁰
612 1653 799 1699 Principes
818 1654 898 1698 qui‘
922 1656 1115 1699 perpetuas
1141 1654 1370 1688 fundationes
1389 1654 1551 1696 offerant,
1577 1653 1724 1688 minime
1743 1654 1869 1687 decere

92 1707 237 1741 videtur
254 1710 295 1741 vt
321 1707 413 1752 apud
434 1707 640 1752 Capitulum
665 1707 839 1742 incertam
859 1719 959 1753 spem
986 1710 1088 1742 tanto
1113 1707 1233 1752 precio
1253 1719 1424 1749 emamus,
1452 1710 1488 1741 et
1506 1709 1605 1742 certa
1632 1719 1694 1752 pro
1721 1706 1869 1749 incertis

93 1761 311 1802 deseramus,
338 1760 455 1806 ijsque
480 1761 699 1803 seruiamus,
734 1761 795 1805 qui
830 1761 1048 1795 necessitate
1082 1761 1200 1805 magis
1235 1772 1341 1805 quam
1376 1761 1553 1796 charitate
1578 1760 1695 1802 ducti,
1731 1760 1766 1794 in
1793 1760 1870 1794 suis

96 1813 267 1859 hospicijs
293 1820 381 1848 nossg
406 1826 514 1858 aegre
540 1807 706 1856 tolerant,
735 1818 771 1849 et
796 1815 940 1849 interim
966 1814 1048 1849 illos
1074 1815 1302 1858 negligamus
1328 1815 1389 1860 qui
1416 1815 1483 1849 Dei
1518 1814 1666 1849 consilio
1693 1816 1730 1848 et
1755 1813 1868 1848 chari-

92 1869 168 1902 tate
195 1879 281 1912 erga
307 1879 372 1902 nos
398 1879 441 1902 ac
466 1868 668 1914 proximum
687 1868 784 1910 moti,
811 1870 972 1903 nostram
991 1880 1136 1914 operam
1163 1868 1379 1912 efflagitant,
1407 1871 1441 1903 et
1460 1871 1523 1903 aut
1548 1868 1758 1903 fundatores
1784 1869 1870 1915 sunt

93 1923 158 1955 aut
183 1921 291 1955 etiam
318 1921 472 1956 maiores
498 1933 578 1956 esse
604 1922 764 1967 cupiunt.
815 1922 1005 1966 Agendum
1032 1934 1117 1966 ergo
1152 1923 1298 1957 videtur
1324 1934 1405 1956 cum
1433 1921 1598 1967 Capitulo
1625 1922 1668 1956 de
1694 1923 1869 1967 perpetua

91 1974 326 2010 habitatione.

211 2029 248 2063 69
274 2028 352 2062 Non
379 2040 566 2075 possemus
599 2040 664 2064 nos
699 2028 850 2064 honeste
885 2029 975 2064 satis
1010 2041 1184 2064 excusare
1220 2029 1313 2075 apud
1341 2028 1527 2074 Principes
1553 2028 1776 2063 Fundatores
1789 2029 1811 2070 ³,
1838 2028 1868 2063 si

91 2081 245 2127 obijcere
270 2081 372 2116 nobis
399 2082 546 2123 vellent,
573 2083 666 2127 quod
692 2085 748 2117 est
774 2082 941 2128 procliue,
976 2095 1040 2117 cur
1064 2082 1148 2117 huic
1176 2082 1351 2128 Capitulo,
1386 2095 1407 2117 a
1433 2094 1502 2127 quo
1528 2094 1573 2116 ne
1606 2081 1868 2116 habitationem

91 2135 234 2180 quidem
261 2137 384 2180 petere
409 2135 593 2178 audemus,
620 2135 774 2181 optimos
801 2136 926 2171 demus
953 2136 1232 2179 concionatores,
1259 2137 1512 2171 fundatoribus
1531 2147 1616 2170 vero
1642 2135 1781 2170 nonnisi
1808 2136 1868 2170 vel

89 2190 271 2223 tentatos*²
297 2188 357 2223 vel
383 2201 452 2222 non
471 2189 562 2224 satis
587 2189 630 2224 ad
651 2190 933 2225 concionandum
952 2192 1068 2235 aptos.
1102 2188 1178 2225 Nec
1197 2190 1361 2235 equidem
1380 2190 1490 2225 miror
1508 2202 1571 2224 cur
1588 2188 1774 2224 Archidux
1793 2191 1868 2223 tam

90 2242 265 2277 molestus
290 2242 394 2277 nobis
419 2243 468 2276 sit
494 2254 536 2277 ac
561 2243 688 2277 merito
718 2244 849 2278 offendi
883 2244 1009 2289 possit,
1045 2246 1082 2278 et
1106 2244 1294 2289 suspicari,
1329 2256 1400 2278 non
1426 2245 1516 2278 satis
1543 2244 1641 2278 recte
1666 2254 1731 2277 nos
1757 2254 1866 2286 agere

89 2295 146 2330 his
164 2296 331 2330 vndecim
357 2296 471 2338 annis,
498 2296 591 2340 quod
609 2296 871 2331 incertissimae
897 2297 975 2342 spei
1002 2309 1113 2332 causa
1138 2297 1243 2343 plura
1269 2298 1446 2332 faciamus
1466 2297 1502 2331 in
1520 2298 1675 2341 gratiam
1696 2289 1865 2341 Capituli,

90 2360 198 2393 quam
226 2349 467 2392 Collegiorum
492 2349 749 2392 Fundatorum,
776 2350 919 2384 interim
946 2350 1119 2396 Collegijs
1154 2351 1302 2386 afflictis
1329 2351 1372 2385 ob
1398 2362 1631 2396 personarum
1657 2350 1865 2384 idonearum

212 2414 239 2442 a)
260 2413 304 2438 Ab
319 2413 356 2438 H.
370 2421 444 2438 corr.
466 2421 502 2438 ex
521 2411 670 2438 vellemus
684 2413 731 2444 (ἓ).
787 2412 818 2446 b)
839 2414 884 2439 Ab
898 2415 935 2439 H.
950 2422 1025 2439 corr.
1046 2423 1082 2439 επ
1095 2414 1245 2446 agebitur.
1307 2418 1333 2446 c)
1348 2414 1377 2446 d)
1400 2416 1459 2440 Hoc
1478 2422 1502 2439 v.
1524 2415 1559 2439 ab
1579 2415 1616 2439 H.
1636 2422 1729 2446 supra
1750 2421 1866 2439 versum

88 2455 364 2521 ἱεὲὶίρίῖυέίεεὲῶῇι
387 2457 414 2486 e)
436 2455 575 2486 Sequitur
594 2454 657 2486 vbi,
676 2456 766 2481 omitt.
851 2456 878 2487 f)
899 2456 959 2481 Hoc
980 2464 1004 2482 v.
1024 2457 1060 2481 ab
1080 2457 1118 2481 H.
1139 2464 1233 2488 supra
1254 2464 1370 2481 versum
1389 2457 1533 2488 scriptum
1553 2458 1603 2481 est.
1676 2456 1705 2488 g)
1727 2456 1866 2488 Sequitur

141 2515 150 2528 ,
169 2504 186 2521 α
256 2516 262 2521 .
367 2516 373 2520 .

88 2614 231 2660 publico
260 2626 437 2649 consensu
462 2615 498 2649 in
518 2614 768 2650 Coloniensem
787 2614 974 2649 civitatem
1000 2616 1036 2649 et
1052 2614 1277 2650 'academiam
1303 2617 1449 2660 recepta
1474 2616 1530 2649 est
1547 2626 1664 2659 neque
1690 2614 1866 2649 hactenus

88 2668 164 2703 suis
189 2668 332 2713 legibus
359 2668 485 2703 vivere
512 2671 549 2703 et
574 2668 776 2714 privilegiis
802 2668 960 2711 gaudere
986 2668 1181 2714 permissa“
1214 2668 1379 2712 (Hansen
1405 2668 1429 2703 l.
1457 2680 1486 2704 c.
1513 2667 1612 2712 655).

210 2723 221 2743 ¹
249 2722 303 2756 Ex
329 2721 457 2756 horum
482 2734 631 2756 numero
658 2724 762 2756 erant
789 2721 1069 2767 Christophorus
1095 2733 1117 2756 a
1143 2721 1327 2767 Freyberg
1363 2722 1521 2756 decanus
1556 2723 1592 2756 et
1617 2721 1864 2766 Wolfgangus

92 2775 257 2809 Andreas
282 2774 398 2809 Rhem
425 2775 614 2816 cellarius;
641 2775 686 2810 cf.
717 2776 804 2809 Can.
831 2775 865 2809 II
892 2775 959 2809 397
986 2775 1075 2816 835;
1103 2775 1155 2809 III
1182 2775 1271 2816 272;
1299 2775 1331 2809 V
1358 2775 1439 2817 544,
1466 2778 1503 2810 et
1528 2787 1638 2821 supra
1664 2787 1697 2821 p.
1720 2775 1799 2810 304.

208 2829 222 2850 2
248 2828 438 2863 Societatis
464 2829 695 2864 desertorem.

209 2883 221 2903 ³
246 2882 435 2916 Albertum
461 2882 504 2917 V.
531 2882 710 2917 Bavariae
736 2882 873 2923 ducem,
900 2881 1164 2916 Ferdinandum
1190 2882 1234 2917 ΙΙ.
1261 2882 1501 2924 archiducem,
1537 2882 1791 2926 Magdalenam
1828 2885 1865 2917 et

87 2935 264 2970 Helenam
291 2947 432 2970 sorores
467 2936 555 2977 eius,
591 2935 811 2970 cardinalem
838 2935 1007 2970 Ottonem
1035 2934 1253 2978 Truchsess‚
1289 2935 1475 2970 Danielem
1503 2936 1656 2970 Brendel
1691 2936 1865 2982 archiepi-

86 3000 234 3034 scopum
261 2991 297 3023 et
322 2988 514 3023 electorem
539 2989 789 3033 moguntinum
816 2991 883 3023 etc.
1001 2987 1010 2996 ”

207 3044 219 3062 ⁴
246 3041 295 3076 Ut
321 3041 392 3076 PP.
419 3041 706 3084 Stevordianum,
744 3041 1003 3085 Schorichium,
1039 3042 1250 3085 Kleselium,
1285 3042 1538 3088 Merquitium3
1575 3056 1610 3079 v.
1628 3055 1739 3090 supra
1766 3056 1798 3090 p.
1818 3044 1864 3079 92

90 3096 154 3130 161
182 3095 251 3131 305
278 3096 346 3132 357
375 3096 443 3130 389
470 3097 538 3130 etc.
