2044 3335
707 102 853 148 Dilinga
879 104 912 139 9.
931 104 1141 139 Decembris
1169 103 1272 139 1567.
1790 108 1871 148 135

96 220 140 263 in
182 220 323 262 officio
366 220 672 263 continendos:
717 223 794 264 sed
840 223 1006 265 utinam
1052 222 1264 277 aptiorem
1307 222 1602 264 inueniremus
1645 223 1776 265 alium
1819 224 1873 266 ad

97 285 258 328 fratres
298 285 341 326 in
383 285 539 339 spiritu
580 289 625 328 et
667 286 893 341 disciplina
933 287 1266 342 promouendos.
1332 287 1452 341 Ego³
1494 287 1684 341 quandiu
1717 288 1759 329 in
1793 288 1873 330 hoc

96 351 279 393 manebo
322 364 513 400 munere,
557 353 602 393 et
646 352 905 405 praesertim
949 367 1045 395 cum
1088 353 1210 394 breui
1252 366 1414 394 uenero
1458 352 1764 406 Oenipontum‚
1806 367 1875 395 me

96 415 283 458 libenter
333 414 396 456 illi
440 417 583 457 totum
628 418 987 468 accommodabo,
1037 431 1220 470 eumque
1262 417 1305 458 in
1350 417 1431 459 hac
1479 417 1605 470 graui
1652 417 1876 460 functione

98 480 313 523 consolari
366 480 573 530 studebo,
627 480 664 522 si
711 481 920 524 Dominus
968 479 1175 537 iuueri[t]
1230 496 1308 536 per
1360 481 1574 524 sacrificia
1627 484 1673 524 et
1724 495 1876 536 preces

98 546 144 588 P.
168 545 356 587 Vestrae
397 547 443 587 et
483 545 530 588 P.
564 543 891 596 Assistentium,
935 548 1090 600 quibus
1122 561 1190 590 me
1223 547 1446 589 humiliter
1478 547 1521 588 in
1553 547 1723 590 Christo
1757 561 1874 590 com-

98 611 267 660 mendo,
310 610 524 663 simulque
557 610 754 652 omnibus
788 614 832 654 et
865 611 1049 666 singulis
1091 626 1245 666 precor
1277 626 1372 653 cum
1417 626 1530 653 anno
1572 626 1684 654 nouo
1718 627 1875 655 nouam

97 679 141 719 et
173 676 395 718 efficacem
428 674 588 717 domini
621 675 981 728 benedictionem,
1015 679 1065 719 ut
1098 676 1331 719 Societatis
1364 679 1543 719 nostrae
1575 677 1763 731 negotijs
1797 692 1875 732 op-

97 741 202 784 time
235 740 461 784 consulere
492 743 693 795 pergant.
758 741 961 796 Dilingae
995 744 1033 785 9.
1068 741 1322 784 Decembris
1358 742 1485 784 1567.

988 825 1150 867 Seruus
1182 824 1226 866 :in
1259 824 1430 868 Christo
1464 825 1510 867 P.
1546 824 1756 869 Canisius.

217 905 245 957 ’1-
277 904 522 947 Admodum
546 905 803 948 Reuerendo
830 906 873 948 in
896 906 1066 950 Christo
1090 906 1212 949 Patri
1235 907 1466 950 Francisco
1501 921 1526 950 a
1558 907 1721 961 Borgia
1743 907 1877 950 Prae-

97 970 239 1025 posito
273 968 521 1025 [Genera]li
554 970 787 1013 Societatis
819 971 975 1015 JESV.
1098 972 1277 1015 Romae.

217 1067 316 1109 Quae
352 1067 519 1102 Canisius
557 1067 593 1101 in
631 1067 688 1102 his
723 1068 855 1103 litteris
890 1069 1045 1113 Borgiae
1081 1069 1308 1104 commendat
1342 1070 1385 1104 de
1422 1070 1614 1105 Societatis
1653 1070 1787 1104 scholis
1825 1069 1876 1103 in-

97 1120 289 1155 ferioribus
315 1120 537 1164 ingolstadio
572 1133 720 1166 prorsus
756 1122 972 1162 auferendis,
1009 1123 1156 1167 egregie
1191 1123 1421 1158 illustrantur
1447 1123 1741 1159 *Commentario
1768 1134 1876 1157 manu

99 1174 140 1209 P.
165 1174 276 1208 Pauli
301 1175 448 1218 Hoffaei
474 1174 506 1208 S.
523 1174 555 1208 J.
583 1175 728 1219 scripto,
756 1176 849 1219 quod
877 1177 999 1210 exstat
1025 1176 1061 1210 in
1084 1176 1225 1219 „Germ
1246 1176 1330 1222 Sup.
1351 1177 1462 1211 Fund.
1482 1177 1518 1211 1“
1548 1176 1677 1217 f,155;
1705 1176 1877 1210 Hoffaeus

98 1239 165 1262 nec
190 1227 308 1262 locum
333 1239 400 1262 nec
425 1229 568 1273 tempus
595 1228 785 1272 ascripsit;
823 1241 868 1262 ex
894 1229 972 1273 ipso
999 1231 1121 1264 autem
1148 1231 1407 1264 commentario
1442 1231 1533 1264 satis
1560 1231 1657 1264 certe
1684 1229 1877 1273 colligitur,

99 1292 180 1315 eum
206 1281 396 1326 scripsisse
423 1281 636 1324 Ingolstadii
663 1282 758 1316 inter
784 1286 977 1317 exeuntem
1004 1295 1036 1317 a.
1054 1283 1145 1318 1563
1172 1285 1209 1317 et
1234 1283 1391 1317 medium
1418 1284 1495 1318 fere
1522 1295 1553 1318 a.
1570 1284 1672 1325 1564,
1699 1294 1781 1317 cum
1808 1282 1876 1317 col-

98 1334 183 1379 legii
209 1334 309 1368 illius
333 1336 452 1369 rector
478 1337 584 1369 esset.
628 1334 829 1380 Praecipua
855 1336 1103 1370 commentarii
1130 1336 1251 1382 capita
1276 1348 1388 1381 pono:

222 1386 343 1430 „Quod
380 1387 541 1431 Collegio
576 1388 863 1432 Jngolstadiensi
899 1389 948 1423 sit
982 1390 1180 1424 auferenda
1216 1389 1340 1424 schola
1375 1390 1524 1424 inferior
1559 1390 1595 1424 in
1631 1401 1702 1434 qua
1741 1389 1877 1423 classes

98 1441 286 1485 hucusque
312 1444 468 1486 quatuor
493 1441 553 1476 vel
579 1443 737 1486 quinque
764 1445 1027 1477 conseruautur
1053 1471 1061 1479 .
1088 1455 1133 1477 ex
1160 1443 1361 1478 rationibus
1388 1444 1561 1489 probatur
1593 1445 1876 1487 consequenter:

218 1548 250 1582 2.
278 1559 494 1593 progressus
529 1548 690 1583 eiusdem
725 1549 872 1583 scholae
898 1549 1034 1584 multas
1068 1549 1245 1584 hactenus
1271 1549 1399 1584 habuit
1435 1552 1471 1584 et
1506 1549 1623 1584 adhuc
1648 1549 1759 1583 habet
1785 1548 1876 1582 diffi-

98 1601 264 1644 cultates,
299 1603 376 1635 tum
411 1612 459 1636 ex
484 1604 588 1647 parte
614 1603 859 1647 professorum
886 1605 1090 1637 nostrorum
1116 1603 1178 1648 qui
1205 1615 1313 1647 aegre
1340 1606 1492 1649 possunt
1517 1603 1667 1648 reperiri
1692 1604 1877 1646 vtcunque

98 1655 342 1690 sufficientes:
377 1657 454 1689 tum
481 1667 527 1689 ex
553 1658 656 1700 parte
682 1655 888 1690 scholarum
915 1656 1067 1691 aliarum
1095 1657 1456 1700 Jngolstadiensium‚
1490 1657 1525 1691 in
1553 1656 1684 1700 quibus
1709 1655 1877 1699 Magistri

98 1711 244 1754 propter
278 1708 439 1743 scholam
465 1711 627 1743 nostram
662 1721 732 1743 non
758 1710 836 1744 sine
868 1721 978 1744 causa
1005 1710 1175 1744 videntur
1201 1711 1381 1755 conqueri,
1417 1722 1498 1745 cum
1531 1721 1661 1755 pueros
1687 1709 1797 1743 etiam
1832 1708 1876 1743 ad

98 1762 316 1797 cantandum
343 1762 379 1796 in
400 1762 573 1807 Ecclesijs
599 1762 866 1807 parochialibus
885 1763 1045 1797 obtinere
1071 1775 1143 1797 non
1168 1766 1331 1808 possunt,
1357 1763 1453 1798 sicut
1479 1763 1587 1797 etiam
1616 1762 1768 1797 Parochi
1795 1773 1877 1796 con·

98 1815 339 1860 queruntur¹=
366 1817 444 1849 tum
470 1827 515 1850 ex
542 1818 645 1860 parte
671 1816 915 1861 professorum
930 1816 1202 1858 Vniuersitatis,
1230 1817 1291 1861 qui
1317 1817 1360 1850 de
1379 1816 1603 1851 auditoribus
1629 1815 1697 1850 sibi
1724 1827 1788 1860 per
1812 1826 1877 1849 nos

98 1869 252 1904 sublatis
277 1869 338 1903 vel
363 1869 564 1903 imminutis
590 1881 699 1914 saepe
724 1872 1004 1914 conqueruntur,
1031 1881 1236 1914 magnaque
1263 1872 1389 1904 contra
1414 1882 1479 1904 nos
1505 1868 1747 1904 aemulatione
1774 1880 1877 1914 prop-

97 1927 198 1957 terea
223 1922 400 1957 feruntur.

218 1976 250 2011 3.
278 1976 459 2020 Exiguum
478 1976 635 2011 fructum
656 1988 701 2010 ex
720 1976 787 2010 hac
805 1976 930 2010 schola
948 1978 1135 2021 reportant
1152 1976 1316 2018 studiosi,
1343 1977 1558 2022 praesertim
1577 1975 1612 2010 in
1631 1975 1877 2020 superioribus

98 2029 288 2071 classibus,
316 2031 351 2064 et
376 2029 413 2063 in
439 2029 496 2064 his
522 2030 628 2074 pauci
652 2032 855 2072 versantur,
882 2042 949 2064 nec
977 2030 1037 2064 diu
1063 2030 1211 2064 retineri
1238 2032 1400 2075 possunt,
1427 2041 1507 2064 cum
1536 2029 1679 2063 easdem
1707 2029 1782 2063 fere
1808 2028 1877 2062 lec-

96 2084 214 2118 tiones
240 2083 386 2118 scholae
397 2083 658 2118 Vniuersitatis
684 2083 856 2118 libentius
875 2084 1025 2118 audiant
1050 2084 1094 2118 ob
1121 2083 1327 2118 libertatem
1355 2083 1454 2118 illam
1481 2094 1574 2127 quae
1601 2082 1682 2128 alijs
1705 2081 1878 2116 studiosis

97 2136 348 2171 Vniuersitatis
373 2137 464 2171 satis
491 2137 709 2171 conceditur.

216 2191 250 2225 4.
277 2190 392 2235 Saepe
410 2191 660 2225 contentiones
678 2193 715 2225 et
733 2202 876 2235 pugnae
895 2190 1059 2225 oriuntur
1084 2190 1178 2225 inter
1196 2190 1378 2225 studiosos
1397 2189 1647 2224 vniuersitatis
1675 2191 1711 2223 et
1732 2187 1878 2222 scholae

98 2245 255 2285 nostrae,
292 2246 334 2278 vt
360 2243 553 2288 aliquando
580 2244 625 2278 ad
652 2244 843 2278 Rectorem
870 2244 1133 2279 Vniuersitatis
1168 2244 1217 2278 sit
1241 2244 1345 2278 nobis
1371 2243 1661 2287 confugiendum,
1698 2242 1743 2276 Et
1769 2253 1878 2285 aegre

98 2298 256 2333 coerceri
281 2298 425 2343 potestb
451 2297 604 2332 aliorum
622 2309 814 2343 puerorum
834 2297 1047 2343 petulantia,
1075 2298 1135 2342 qui
1154 2301 1302 2332 nostrae
1320 2297 1464 2331 scholae
1491 2297 1639 2330 iuuenes
1664 2295 1878 2341 perturbant

97 2364 140 2387 ac
165 2351 305 2397 probris
335 2351 572 2386 insectantur.
629 2352 661 2386 5.
691 2378 698 2386 .
718 2378 725 2386 .
746 2377 754 2386 .
1526 2381 1528 2383 .

217 2406 249 2439 6.
277 2405 429 2439 Accedit
453 2405 547 2449 quod
573 2405 725 2439 studiosi
752 2407 898 2439 nostrae
924 2404 1070 2439 scholae
1106 2416 1176 2438 non
1201 2404 1305 2438 modo
1341 2415 1427 2448 prae
1454 2402 1608 2437 caeteris
1633 2401 1876 2445 negligantur.

97 2459 159 2494 sed
197 2459 305 2493 etiam
341 2458 494 2492 infestos
529 2458 598 2492 sibi
633 2458 811 2492 habeant⁰
845 2458 1070 2503 professores
1096 2457 1369 2498 Vniuersitatis,
1405 2456 1465 2500 qui
1493 2456 1620 2490 volunt
1654 2455 1736 2489 illos
1771 2454 1876 2499 sujsd

97 2512 251 2555 astringi
285 2512 427 2555 legibus
454 2511 756 2556 quemadmodum
784 2514 947 2546 caeteros
974 2511 1035 2556 qui
1062 2523 1083 2545 a
1109 2510 1262 2545 Rectore
1277 2510 1537 2544 Vniuersitatis
1572 2509 1691 2543 solent
1716 2508 1876 2543 inscribi.

218 2566 251 2600 7.
276 2565 430 2600 Demum
455 2565 541 2599 licet
566 2565 730 2599 nonnulli
756 2565 871 2599 bonae
897 2564 974 2610 spej
994 2564 1243 2599 adolescentes
1269 2566 1454 2607 vtcunque
1480 2562 1554 2597 sint
1579 2574 1600 2597 a
1626 2561 1760 2597 nostris
1788 2562 1878 2596 bene

96 2619 265 2661 instituti,
293 2618 502 2664 paucissimi
527 2621 650 2653 tamen
677 2619 721 2653 ad
740 2618 870 2652 bonam
888 2618 1032 2661 frugem
1051 2618 1268 2662 perueniunt
1295 2619 1330 2651 et
1354 2617 1566 2662 plerumque
1585 2615 1688 2650 nobis
1714 2626 1735 2649 a
1752 2626 1878 2660 paren-

96 2672 195 2708 tibus
221 2671 281 2707 vel
307 2672 410 2718 alijse
445 2675 529 2706 ante
563 2674 707 2717 tempus
741 2671 980 2716 abripiuntur,
1016 2672 1080 2705 aut
1114 2672 1242 2716 sponte
1274 2682 1340 2704 nos
1367 2670 1548 2711 deserunt,
1584 2672 1732 2714 propter
1758 2668 1879 2703 vicina

97 2726 219 2761 studia
244 2726 506 2760 Vniuersitatis
532 2737 624 2770 quae
650 2726 717 2760 sub
745 2725 869 2760 eodem
897 2725 972 2759 fere
997 2726 1094 2759 tecto
1122 2725 1336 2758 tractantur.
1365 2750 1372 2758 .
1393 2750 1401 2758 .
1422 2751 1429 2758 .

216 2779 249 2814 8.
277 2805 285 2814 .
306 2807 312 2813 .
333 2806 340 2814 .
369 2779 563 2824 Speramus
589 2781 721 2820 autem,
758 2778 852 2823 quod
887 2778 923 2812 in
955 2778 1022 2812 hac
1055 2789 1166 2812 causa
1198 2777 1431 2822 praecipuum
1467 2779 1533 2817 est,
1570 2788 1590 2811 a
1626 2775 1810 2821 principe²
1843 2778 1879 2810 et

98 2832 312 2878 consiliarijs
339 2833 435 2867 eiuss
464 2833 651 2878 impetrari
677 2844 793 2877 posse,
831 2834 872 2866 vt
906 2831 1040 2866 nostris
1067 2830 1201 2865 auditis
1227 2830 1428 2865 rationibus
1454 2829 1509 2864 illi
1534 2829 1716 2875 patienter
1742 2829 1879 2863 ferrent

217 2910 245 2941 a)
267 2909 407 2940 Sequitur
426 2907 479 2939 illi,
499 2909 590 2933 oblitt.
683 2907 714 2940 b)
736 2909 784 2933 Ita
804 2909 841 2932 H.
862 2907 991 2933 correccit
1011 2915 1048 2932 ez
1067 2906 1098 2932 et
1119 2913 1210 2938 aegre
1230 2906 1365 2932 coerceri
1384 2906 1494 2940 possit.
1577 2906 1604 2938 c)
1626 2906 1669 2931 Ab
1690 2907 1727 2931 H.
1747 2914 1822 2931 corr.
1843 2914 1879 2931 elz:

97 2949 221 2977 habent.
322 2949 352 2981 d)
379 2951 427 2975 Ita
446 2951 483 2975 Η.
503 2951 633 2975 correxit
659 2958 696 2975 ex
720 2948 832 2976 volunt
857 2956 940 2975 suos.
1039 2948 1066 2981 e)
1094 2950 1159 2974 Duo
1186 2956 1229 2974 vv.
1252 2956 1311 2981 sqq.
1335 2949 1370 2974 ab
1391 2950 1429 2974 H.
1452 2949 1484 2974 in
1511 2948 1645 2980 mat-gline
1671 2948 1776 2973 addita.
1801 2951 1879 2973 sunt.

98 2992 121 3021 f)
141 2993 202 3017 Hoc
222 3000 247 3017 v.
266 2999 359 3024 supra
381 2999 495 3017 versum
516 2992 660 3023 scriptum
680 2995 730 3016 est.

220 3100 230 3120 ¹
257 3098 312 3133 Cf.
343 3099 431 3133 Can.
457 3099 490 3133 II
517 3100 560 3134 9⁵
590 3099 645 3134 12.
794 3098 807 3118 ²
833 3097 983 3132 Alberto
1002 3097 1045 3133 V.
1075 3097 1176 3133 duce.
