2044 3335
181 74 263 114 120
440 70 541 105 1531.
570 71 602 104 S.
624 70 837 104 Franciscus
863 70 1016 114 Borgias
1043 69 1196 104 Canisio.
1247 69 1360 105 Roma
1387 71 1441 105 15.
1461 70 1551 104 Nov.
1572 70 1674 107 1567.

297 190 391 232 Pax
425 196 494 232 etc.
559 189 732 231 Benche
772 190 816 231 in
849 190 948 243 ogni
982 190 1076 231 loco
1110 190 1208 232 dela
1241 189 1469 232 Prouincia
1502 189 1543 231 di
1575 189 1628 233 V.
1664 189 1713 232 R.
1748 189 1944 232 desidero

177 255 256 297 che
289 255 318 296 li
352 255 489 297 nostri
522 255 557 296 si
589 254 762 308 portino
794 254 838 295 in
870 254 934 296 tal
967 254 1093 296 modo
1126 255 1226 297 nell'
1246 254 1520 297 osseruantia
1553 254 1664 296 delle
1696 257 1845 297 nostre
1876 268 1944 297 re-

177 321 275 373 gole
317 323 361 362 et
402 319 629 373 disciplina
669 319 888 372 religiosa,
936 319 1014 361 che
1056 333 1140 361 non
1184 333 1334 362 manco
1378 334 1455 361 con
1488 320 1724 373 l’esempio
1757 333 1835 362 suo
1867 320 1945 361 che

177 399 256 427 con
287 385 330 426 la
362 384 658 439 predicatione
691 387 735 427 et
767 384 1007 427 ministerio
1042 385 1093 426 de
1126 385 1388 427 sacramenti
1421 384 1548 426 diano
1580 384 1849 427 edificatione
1872 384 1946 426 alli

176 450 388 504 prossimi,
423 449 734 504 specialmente
767 449 963 492 desidero
997 453 1151 503 questo
1184 450 1254 492 nel
1287 450 1467 503 collegio
1497 451 1647 492 nostro
1671 449 1723 492 de
1743 449 1944 504 Jspruch,

176 515 333 569 perche
373 514 601 557 trattando
643 528 721 556 con
760 515 800 556 le
833 529 1017 569 persone
1051 514 1129 556 che
1162 517 1403 565 trattano1‚
1447 516 1473 556 a
1504 515 1596 556 loro
1629 528 1735 568 pare
1766 515 1839 568 piu
1871 528 1945 556 ne-

178 580 366 622 cessario
399 583 552 633 questo
584 579 754 621 ricordo
788 580 867 622 che
900 580 955 622 ad
988 579 1102 630 altri,
1137 583 1242 634 pero
1266 581 1317 624 V.
1349 580 1399 622 R.
1433 594 1487 621 ne
1520 579 1678 621 habbia
1709 579 1947 633 particolar

177 659 294 695 cura,
340 647 385 687 et
425 644 562 687 anche
604 644 662 686 mi
704 645 813 687 auisi
855 659 975 687 come
1016 645 1059 687 la
1100 645 1232 687 fanno
1274 645 1394 695 tutti,
1437 645 1596 699 perche
1637 644 1678 686 io
1717 658 1802 686 non
1836 645 1945 686 deuo

177 724 355 752 mancar
396 710 437 751 di
472 712 597 752 tener
629 709 869 764 particolar
901 712 1028 752 conto
1062 724 1141 752 con
1174 710 1294 752 detto
1328 710 1531 763 Collegio‚
1577 710 1615 751 d'
1635 710 1746 752 altre
1780 723 1878 751 cose
1910 709 1946 751 si

177 775 370 817 scriuera
413 775 642 818 un'altra³
685 775 819 826 uolta‚
866 778 911 818 et
952 775 1009 816 mi
1041 776 1329 817 raccomando
1371 776 1505 818 molto
1538 775 1640 817 nelli
1672 774 1870 827 sacrificij
1904 776 1949 816 et

178 840 363 884 orationi
396 840 436 882 di
470 840 522 883 V.
558 840 608 883 R.
644 846 713 883 etc.
777 840 831 882 Di
864 841 1004 882 Roma
1036 840 1066 882 li
1104 842 1170 884 15.
1205 841 1247 882 di
1280 840 1540 883 Nouembre.
1578 841 1704 883 1567.

297 931 451 975 Borgias
477 932 509 966 8.
534 931 749 966 Novembris
769 932 860 966 1567
889 930 1031 966 Canisio
1057 931 1304 973 mandaverat,
1331 934 1372 966 ut
1398 932 1634 977 Oenipontem
1662 932 1950 977 proficisceretur

178 985 309 1029 ibique,
335 987 480 1030 praeter
507 985 578 1019 alia
603 985 759 1028 negotia,
786 986 820 1019 id
847 987 1001 1027 curaret,
1034 987 1075 1019 ut
1101 985 1233 1029 aliquis
1261 997 1306 1019 ex
1332 985 1514 1020 sodalibus
1540 986 1614 1020 illis
1640 1006 1685 1009 —
1711 986 1751 1020 P.
1778 986 1947 1020 Ioannem

180 1038 351 1084 Dyrsium
377 1038 604 1082 significasse
630 1039 775 1073 videtur
799 1058 845 1062 ——
871 1038 1019 1073 virtutis
1046 1038 1213 1083 exempla
1239 1039 1392 1073 caeteris
1418 1039 1625 1084 praeberet;
1661 1050 1701 1073 se
1728 1038 1871 1073 Canisio
1907 1050 1948 1073 ea

180 1092 222 1126 (16
248 1104 287 1126 re
313 1092 465 1126 seorsim
491 1092 720 1136 scripturum,
757 1095 797 1126 ut
831 1092 909 1137 ipse
935 1092 1128 1137 epistulam
1154 1091 1268 1126 sodali
1306 1091 1358 1126 illi
1383 1094 1585 1126 monstrare
1611 1095 1734 1137 posset
1763 1092 1812 1135 (v,
1839 1103 1948 1137 supra

177 1157 210 1190 p.
234 1145 328 1189 107).
379 1145 496 1179 Huius
522 1145 634 1189 igitur
659 1145 711 1180 rei
737 1145 855 1188 gratia
881 1145 1033 1189 Borgias
1060 1144 1262 1190 epistulam,
1291 1156 1397 1189 quam
1424 1145 1528 1179 modo
1553 1145 1667 1190 posui,
1695 1145 1738 1179 ad
1766 1145 1948 1180 Canisium

178 1198 285 1232 dedit.
335 1198 391 1232 Ex
426 1210 468 1232 ea
499 1198 566 1233 hoc
592 1210 733 1243 quoque
760 1199 1008 1242 cognoscitur:
1044 1199 1212 1242 Borgias,
1248 1209 1466 1242 quamquam
1502 1198 1708 1243 provinciae
1735 1198 1948 1233 Germaniae

177 1251 374 1296 superioris
409 1251 716 1286 administrandae
751 1263 874 1286 curam
910 1252 1008 1286 hisce
1044 1251 1170 1286 diebus
1205 1252 1241 1285 in
1279 1251 1318 1286 P.
1344 1251 1533 1285 Hoffaeum
1563 1252 1816 1293 transferebat,
1855 1252 1948 1286 oeni-

177 1306 333 1348 pontana
368 1307 490 1339 tamen
525 1305 671 1348 negotia
706 1305 750 1340 ab
785 1305 863 1350 ipso
891 1305 1033 1340 Canisio
1069 1304 1220 1339 tractari
1246 1304 1401 1339 volebat.
1453 1305 1551 1339 Idem
1587 1305 1705 1349 planis
1731 1305 1852 1344 verbis
1888 1316 1948 1338 ex-

178 1357 311 1402 pressit
336 1358 377 1393 P.
396 1359 574 1392 Polancus
591 1357 784 1392 Societatis
809 1358 1038 1401 secretarius,
1066 1370 1145 1392 cum
1165 1358 1336 1392 mandatu
1355 1357 1509 1401 Borgiae
1526 1357 1640 1392 Roma
1659 1358 1714 1392 25.
1733 1357 1948 1392 Novembris

181 1411 270 1445 1567
309 1410 349 1445 Ρ.
385 1411 534 1446 Nicolao
573 1411 707 1446 Lanoio
744 1412 874 1446 rectori
914 1412 1057 1455 collegii
1096 1411 1325 1457 oenipontani
1363 1411 1585 1446 *scribe1·et:
1628 1410 1885 1454 „Quantunche
1923 1410 1949 1444 il

180 1464 219 1498 P.
249 1464 390 1499 Canisio
417 1465 471 1499 sia
497 1465 685 1508 allegerito
712 1477 775 1510 per
801 1465 919 1509 questi
946 1465 1035 1500 mesi
1062 1465 1157 1499 della
1183 1464 1365 1499 esecution
1392 1464 1449 1498 del
1475 1476 1538 1498 suo
1565 1464 1693 1506 officio,
1720 1475 1759 1498 se
1785 1464 1811 1498 li
1837 1467 1855 1498 6
1882 1475 1948 1509 pur

179 1518 455 1552 raccomandato
481 1519 584 1552 tratti
610 1530 674 1563 per
698 1529 737 1552 se
763 1520 880 1552 stesso
907 1518 989 1563 quel
1016 1518 1081 1553 che
1101 1518 1348 1563 s’appertiene
1375 1517 1445 1552 alle
1463 1517 1691 1552 serenissime
1709 1517 1857 1561 Regino,
1884 1528 1947 1561 per

181 1569 372 1605 l’autorita
398 1570 463 1605 che
489 1571 668 1605 crediamo
694 1571 825 1606 habbia
852 1583 918 1606 con
944 1572 1019 1606 loro
1049 1571 1110 1615 (ex
1135 1583 1259 1616 apogr.
1286 1570 1399 1605 eiusd.
1426 1573 1556 1615 temp.;
1586 1569 1705 1605 Germ.
1733 1570 1776 1605 67
1804 1570 1828 1604 f.
1856 1569 1948 1614 87¹³).

177 1708 320 1745 1531.
397 1708 702 1746 SANCTUS
727 1709 1157 1747 FRANCISCUS
1182 1709 1494 1746 BORGIAS
1522 1711 1749 1756 praepositus
1768 1709 1949 1754 generalis

369 1763 561 1798 Societatis
588 1764 669 1798 Iesu
697 1763 900 1800 CANISIO.
954 1764 1197 1810 (Epistula
1231 1764 1413 1807 tertia.)

1342 1818 1454 1851 Roma
1483 1818 1537 1851 15.
1555 1816 1770 1851 Novembris
1798 1816 1900 1850 1567.

298 1881 353 1915 Ex
379 1880 587 1926 apographo
614 1881 726 1916 eiusd.
752 1884 884 1927 temp.;
917 1882 952 1916 in
980 1882 1152 1926 margine,
1180 1882 1303 1916 eadem
1331 1893 1457 1916 manu:
1488 1882 1675 1925 „Augusta
1701 1881 1741 1916 P.
1769 1882 1947 1917 Ganisio⁴‘.

181 1933 300 1968 Germ.
327 1935 371 1968 67
399 1934 423 1969 f.
452 1933 636 1970 82b—832.

299 2006 433 2038 Romae
452 2006 652 2049 curabitur,
679 2011 718 2039 ut
736 2007 775 2039 P.
796 2007 1028 2040 Schorichius
1050 2008 1090 2040 ῖη
1108 2007 1268 2050 epistulis
1283 2007 1478 2039 scribendis
1495 2011 1630 2039 rectum
1646 2006 1788 2040 modum
1805 2006 1950 2047 habeam·

182 2060 242 2091 cui
266 2062 304 2091 ut
321 2059 360 2092 P.
381 2059 556 2101 Hoffaeus
581 2064 745 2093 amanter
762 2061 907 2103 scribat,
935 2060 1132 2103 optandum
1150 2064 1208 2093 est.
1244 2060 1424 2103 Pontifex,
1451 2070 1667 2103 quamquam
1684 2060 1726 2092 de
1742 2060 1949 2102 moquntino

178 2112 243 2144 illa
273 2112 482 2145 Catechismi
507 2113 664 2146 Romani
689 2115 847 2147 versione
868 2125 936 2157 per
962 2114 1134 2156 Boryiam
1161 2115 1292 2147 certior
1315 2113 1435 2155 factus
1461 2117 1519 2156 est,
1552 2113 1663 2146 Brea-e
1688 2117 1802 2145 tamen
1830 2113 1949 2145 cardi-

182 2166 260 2198 nali
290 2165 482 2199 Truclzsess
506 2167 628 2209 mittet,
667 2177 735 2209 quo
762 2178 840 2200 eum
865 2167 1028 2210 monebit,
1057 2172 1093 2199 ut
1119 2167 1311 2200 versionem
1338 2166 1485 2209 Hoffaei
1510 2177 1532 2198 a
1563 2166 1708 2199 Cani-sio
1733 2167 1948 2208 recoffliitam

182 2221 254 2261 ipse
280 2229 415 2262 qaoque.
441 2223 635 2262 coynoscat,
671 2224 701 2252 et
726 2221 758 2253 si
781 2221 971 2262 placuerit,
1009 2220 1103 2263 typis
1128 2220 1395 2253 exscribendam
1422 2223 1529 2262 curet,
1564 2219 1782 2263 siqnificans,
1818 2229 1892 2251 eam
1919 2222 1949 2251 et

173 2272 358 2314 pontificis
384 2274 483 2305 iussu
506 2274 642 2314 factam
668 2277 698 2306 et
724 2274 767 2306 ab
793 2274 909 2306 eodem
928 2274 1163 2316 approbatam
1183 2284 1261 2306 esse.
1298 2273 1353 2305 Ita
1380 2274 1492 2305 versio
1523 2274 1592 2305 ista
1618 2273 1767 2306 alteram
1793 2273 1949 2305 auctori-

179 2329 248 2358 tate
274 2327 382 2359 vincet
408 2330 438 2358 et
461 2327 569 2368 facile
594 2331 781 2369 emptorem
806 2328 967 2361 inveniet.

303 2407 346 2450 Si
379 2409 402 2450 6
434 2407 632 2450 riceuuta
665 2408 809 2462 quella
835 2407 875 2450 di
899 2408 952 2450 V.
977 2408 1028 2450 R.
1063 2408 1141 2450 che
1172 2410 1372 2451 trattaua
1405 2407 1516 2449 delle
1537 2407 1694 2449 lettere
1717 2406 1786 2448 del
1809 2407 1949 2448 Padre

182 2472 368 2525 Georgio
392 2472 665 2515 Schoricchio
688 2473 867 2515 insieme
899 2473 1005 2515 conb
1037 2473 1080 2515 la
1113 2473 1238 2528 copia
1261 2473 1313 2515 de
1336 2473 1450 2515 altra
1471 2486 1550 2526 per
1570 2472 1600 2513 il
1623 2472 1670 2515 P.
1694 2472 1745 2514 D.
1770 2472 1904 2514 Paulo
1917 2472 1947 2522 2,

182 2540 225 2580 et
258 2539 343 2590 qua
374 2538 409 2579 si
443 2538 604 2580 uedera
637 2538 680 2580 di
712 2537 781 2580 far
812 2539 840 2579 l’
861 2538 1002 2581 officio
1036 2538 1334 2589 conueniente,
1370 2540 1414 2579 et
1447 2537 1488 2579 di
1519 2538 1563 2578 la
1594 2537 1623 2578 il
1656 2537 1703 2579 P.
1727 2537 1778 2579 D.
1813 2537 1948 2579 Paulo

182 2605 392 2644 conuerra
424 2603 454 2644 li
487 2602 629 2646 scriua
661 2604 1031 2646 amoreuolmente
1064 2617 1185 2645 come
1216 2603 1257 2645 io
1290 2603 1316 2644 l'
1337 2602 1476 2645 auisai
1509 2603 1533 2643 8
1572 2602 1615 2643 di
1652 2601 1716 2644 fa.
1782 2600 1950 2644 Parlai⁰

182 2681 239 2708 un
272 2667 317 2707 di
347 2667 389 2708 di
422 2669 577 2720 questa
609 2668 876 2711 settimana3
899 2669 940 2710 al
963 2669 1084 2722 Papa
1117 2668 1214 2710 dela
1245 2667 1533 2710 translatione
1566 2667 1635 2708 del
1658 2666 1947 2708 cathechismo

301 2757 327 2788 a)
348 2757 383 2781 Ιη
403 2766 450 2789 ap.
470 2759 603 2790 seqnitur
623 2766 702 2790 cose,
722 2759 811 2784 oblitt.
887 2758 917 2790 b)
940 2760 975 2784 In
995 2767 1042 2790 ap.
1062 2759 1196 2790 sequitur
1216 2757 1316 2791 quella
1337 2759 1380 2783 vel
1399 2758 1495 2783 simile
1518 2765 1550 2788 v„
1571 2757 1660 2782 oblat.
1734 2757 1761 2789 c)
1782 2758 1950 2789 Sequuntur

184 2806 224 2822 vv.
246 2798 354 2830 questa
375 2797 549 2830 settimana,
571 2800 660 2825 oblitt.

305 2906 314 2924 ¹
341 2904 597 2947 Significantur
635 2906 882 2941 Ferdinandus
908 2907 952 2940 ΙΙ.
989 2906 1165 2941 archidux
1204 2909 1240 2940 et
1274 2905 1404 2940 Tirolis
1436 2905 1619 2950 princeps,
1658 2904 1875 2948 Magdalena
1913 2906 1950 2938 et

182 2956 321 2991 Helena
346 2957 460 3002 ipsius
483 2969 634 2999 sorores,
662 2959 855 2994 consiliarii
880 2959 1103 3003 „regiminis“
1126 2962 1162 2993 et
1184 2959 1387 3002 „camerae“
1409 2958 1579 2992 Austriae
1605 2958 1811 3003 superioris,
1829 2957 1948 2992 aulici.

301 3010 314 3030 2
340 3010 379 3044 P.
407 3010 595 3045 Hoffaeum
622 3011 719 3046 dicit.
770 3012 822 3046 De
849 3012 905 3047 his
932 3012 1097 3057 epistulis
1122 3023 1156 3046 v.
1185 3023 1294 3057 supra
1320 3023 1353 3056 p.
1371 3011 1523 3046 95—96.

303 3063 315 3082 ³
341 3063 482 3097 9.-15,
507 3063 733 3098 Novembris.
