2044 3335
147 63 231 104 598
554 62 648 96 Mon.
675 62 742 96 967
770 62 848 96 sive
874 61 912 96 it.
933 61 1024 105 (20).
1066 62 1123 96 22.
1142 62 1356 98 Novembris
1386 64 1492 99 1568.

145 177 542 227 Ecclesiasticam1‚
577 178 653 220 sed
685 178 881 220 accidere
913 192 1041 232 posse
1063 181 1112 221 ut
1144 179 1212 220 uel
1243 179 1316 222 ille
1348 180 1506 223 idioma
1538 181 1802 235 poenitentis
1823 196 1910 224 non

145 245 328 292 teneret,
363 242 433 283 uel
465 242 639 285 abesset
669 257 694 284 a
728 243 922 297 collegio,
966 246 1011 286 et
1044 244 1214 285 demum
1247 259 1331 286 non
1363 249 1511 300 posset
1552 260 1709 288 uacare
1742 247 1910 289 confes-

146 307 335 348 sionibus
368 306 623 358 huiusmodi,
658 310 701 349 et
734 307 829 350 ideo
854 308 1108 360 dignaretur
1130 310 1367 351 concedere
1399 310 1654 353 facultatem
1677 313 1726 353 ut
1758 311 1799 352 in
1822 311 1909 353 sin-

146 372 258 424 gulis
281 371 474 425 collegijs
506 374 682 426 praeter
703 372 822 414 illum
846 387 990 423 unum,
1026 373 1135 415 alius
1157 374 1362 416 substitui
1383 379 1531 429 posset
1553 390 1648 417 cum
1673 378 1908 430 oporteret,

146 438 190 477 et
231 436 273 477 id
307 436 522 479 concessit
554 451 632 479 sua
664 438 876 481 sanctitas
909 438 1159 489 admonens,
1202 441 1251 480 ut
1283 439 1548 492 eligerentur
1579 454 1791 494 personae
1824 441 1910 483 dis-

146 504 292 543 cretae
326 504 370 543 et
410 503 459 544 ut
500 502 750 556 exigeretur
790 503 1016 557 promissio
1055 504 1267 546 iuratoria
1300 504 1352 546 de
1386 519 1469 546 non
1501 500 1797 560 perpetuando
1830 506 1910 548 tali

146 565 318 616 delicto,
344 566 445 619 quin
467 567 611 621 potius
629 570 676 609 ut
693 568 728 609 si
747 568 978 611 restituere
1001 571 1180 622 possent
1201 569 1371 611 illatum
1389 570 1593 612 damnum
1609 570 1652 612 id
1675 571 1870 614 facerent
1880 577 1906 622 ³,

145 631 418 684 poenitentes
450 632 716 675 huiusmodih
732 635 760 677 2.

263 696 426 746 Quarto
468 698 560 740 sine
600 699 874 741 restrictione
916 698 971 740 ad
1011 699 1123 741 hanc
1163 699 1232 741 uel
1273 699 1393 742 illam
1425 700 1706 751 Prouintiam,
1749 700 1825 743 sed
1865 701 1910 743 in

145 775 305 816 genere
337 764 627 817 supplicatum
661 766 739 814 est,
774 766 822 806 ut
854 763 1110 806 facultatem
1143 764 1305 807 nostris
1337 765 1606 816 concederet,
1641 780 1667 808 a
1689 767 1910 820 superiore

146 827 379 881 deputatiS,
414 828 469 870 ad
502 829 793 871 emendandos
825 828 958 870 libros
991 843 1138 871 eorum
1171 829 1243 882 qui
1277 830 1330 871 ad
1362 844 1440 871 nos
1472 831 1541 872 uel
1575 830 1617 871 in
1651 831 1809 873 scholis
1841 832 1910 873 uel

146 895 273 934 extra
314 893 413 935 illas
446 907 670 936 recurrere
703 895 857 944 solent,
902 895 1073 947 quando
1107 895 1312 937 authores
1354 895 1525 948 quidem
1566 895 1667 937 boni
1707 899 1820 947 sunt,
1863 900 1912 939 ut

145 958 441 1011 Augustinus,
489 959 782 1013 Hieronymus
819 962 915 1002 .etc.
959 959 1035 1001 sed
1079 959 1242 1001 habent
1285 960 1450 1003 scholia
1494 961 1562 1002 uel
1607 961 1911 1004 annotationes

146 1023 297 1073 malas,
341 1027 417 1066 aut
459 1038 554 1066 cum
588 1025 745 1067 author
777 1027 822 1067 et
862 1025 1097 1079 impressor
1129 1025 1232 1067 mali
1269 1028 1384 1076 sunt,
1428 1026 1503 1067 sed
1537 1032 1648 1068 nonc
1679 1026 1792 1077 libri,
1836 1029 1913 1069 aut

146 1102 242 1130 cum
276 1088 435 1130 ethnici
468 1092 570 1132 sunt
601 1090 806 1132 authores
839 1089 952 1132 sicut
984 1089 1123 1131 cicero
1157 1092 1239 1133 etc.
1273 1091 1349 1132 sed
1387 1090 1549 1133 habent
1580 1091 1744 1133 scholia
1776 1105 1911 1133 anno-

146 1153 336 1195 tationes
368 1154 439 1195 uel
476 1154 576 1207 quid
617 1154 859 1196 huiusmodi
891 1158 1069 1209 propter
1101 1155 1213 1208 quod
1246 1155 1451 1209 prohibiti
1483 1159 1596 1207 sunt,
1641 1157 1776 1198 donec
1809 1171 1910 1211 pur-

145 1219 332 1271 gentur3
353 1253 361 1261 .
385 1219 599 1262 concessit
621 1223 766 1262 autem
789 1220 976 1262 libenter
997 1220 1239 1262 huiusmodi
1262 1221 1518 1263 facultatem
1541 1221 1755 1276 purgandi
1777 1222 1910 1263 libros

145 1283 404 1337 praedictos,
448 1284 602 1328 deletis
640 1286 858 1327 erroribus
891 1288 936 1328 et
976 1285 1147 1327 nomine
1179 1285 1311 1328 etiam
1345 1286 1540 1329 authoris
1571 1286 1674 1328 mali
1715 1289 1791 1329 aut
1829 1287 1910 1328 im-

144 1350 358 1404 pressoris
371 1349 399 1393 d.

265 1414 421 1464 Quinto
455 1430 549 1457 cum
582 1418 898 1470 proponeretur
930 1416 1154 1471 episcopos
1186 1416 1229 1458 in
1262 1416 1368 1458 locis
1391 1416 1803 1470 septentrionalibus
1825 1430 1909 1457 non

146 1480 367 1522 commode
390 1495 516 1534 posse
539 1481 856 1524 absolutionem
878 1495 956 1535 per
977 1481 1142 1536 seipsos
1164 1481 1377 1535 impertiri
1399 1481 1595 1533 subditis,
1630 1482 1701 1535 qui
1722 1482 1765 1523 in
1784 1496 1910 1524 casus

139 1548 390 1588 reseruatos
432 1546 684 1589 incidissent
700 1548 728 1598 4,
773 1549 1005 1601 propterea
1047 1547 1160 1600 quod
1201 1547 1264 1588 illi
1306 1561 1389 1588 non
1431 1547 1689 1589 accederent
1728 1547 1783 1589 ad
1823 1546 1910 1601 epi-

140 1623 307 1664 scopos
343 1625 440 1653 cum
463 1611 720 1666 praesertim
746 1612 790 1653 in
811 1612 991 1654 remotis
1013 1611 1118 1653 loc-is
1142 1615 1291 1666 agunt,
1317 1612 1531 1654 concessit
1554 1626 1657 1665 ergo
1680 1626 1761 1654 sua
1783 1626 1910 1654 sanc—

141 1675 249 1718 titas
272 1678 319 1718 ut
351 1680 529 1730 possent
561 1677 804 1719 huiusmodi
837 1677 1025 1731 episcopi
1059 1677 1269 1731 deputare
1299 1677 1419 1727 alios,
1455 1678 1578 1730 quasi
1600 1677 1786 1719 vicarios
1809 1691 1910 1719 suos

262 1746 289 1772 a}
310 1747 374 1771 Duo
394 1754 437 1771 vv.
451 1754 510 1778 sqq.
524 1755 613 1772 manu
633 1747 754 1772 Polanci
773 1748 876 1772 addita
896 1750 973 1772 sunt.
1047 1745 1079 1778 b)
1099 1747 1168 1772 Vide
1189 1747 1283 1778 infra,
1302 1747 1371 1772 adn.
1386 1748 1410 1772 2.
1484 1748 1510 1778 c)
1532 1748 1700 1779 Sequuntur
1714 1755 1757 1772 vv.
1773 1753 1808 1772 ea
1823 1753 1910 1779 quae,

141 1786 230 1811 omitt.
288 1785 318 1817 d)
339 1788 400 1813 Pol.
421 1788 451 1812 in
472 1789 622 1820 marqine:
641 1787 772 1814 facultas
792 1788 942 1821 purgandi
962 1787 1058 1814 libros
1078 1787 1260 1821 prohibitos.

264 1884 274 1903 ¹
300 1882 353 1916 De
379 1883 445 1917 hoc
471 1885 619 1928 peccato
645 1895 709 1928 per
734 1883 875 1917 Bullam
903 1883 1042 1917 Coenae
1068 1883 1228 1928 pontifici
1254 1885 1439 1917 reservato
1466 1885 1502 1917 et
1528 1884 1571 1917 de
1596 1883 1772 1917 facultate
1799 1882 1911 1917 Sociis

143 1947 313 1970 concessa
339 1948 373 1969 v.
400 1947 510 1981 supra
536 1949 569 1981 p.
592 1937 668 1971 194.
719 1937 759 1970 In
790 1937 1067 1981 Conqreqatione
1092 1939 1213 1970 tamen
1240 1936 1517 1970 Procuratorum
1545 1936 1735 1971 Societatis
1761 1947 1793 1970 a.
1821 1936 1908 1970 1571

142 1988 276 2023 Romae
314 1989 437 2023 habita
471 2001 492 2024 a
519 1989 552 2024 S.
580 1990 770 2024 Francisco
807 1991 937 2034 Borgia
974 1994 1217 2035 *responsum
1253 1991 1326 2024 est:
1369 1989 1553 2032 „Consulti
1587 1990 1760 2024 Doctores
1798 1990 1911 2024 nostri

142 2043 412 2087 responderunt,
449 2044 542 2087 quod
570 2044 674 2078 Bulla
701 2043 840 2078 Coenae
868 2045 1001 2078 Romae
1036 2043 1230 2088 publicata,
1265 2044 1374 2077 etiam
1401 2043 1486 2077 alibi
1517 2043 1662 2087 obliget,
1697 2043 1761 2077 sed
1789 2044 1910 2077 tamen

143 2096 311 2130 excusari
336 2097 372 2130 in
398 2097 562 2141 partibus
588 2097 779 2141 [remotisi2
807 2096 1187 2141 septentrionalibus?]
1224 2096 1356 2131 multos
1382 2097 1425 2131 ob
1456 2097 1708 2140 ignorantiam,
1741 2096 1826 2131 licet
1852 2096 1911 2130 lex

142 2161 207 2184 nos
233 2149 388 2193 obliget⁴⁴
420 2150 482 2194 (ex
508 2162 629 2195 apogr.
657 2162 750 2184 saec.
777 2150 873 2184 XVI.
901 2150 1054 2195 scripto;
1083 2150 1166 2185 Cod.
1198 2150 1245 2193 „O
1275 2151 1311 2184 1⁸
1343 2162 1376 2195 p.
1395 2150 1518 2194 4—5).

264 2203 277 2223 ²
303 2204 481 2238 Polancus
506 2203 588 2238 huic
614 2204 780 2238 facultati
807 2204 842 2237 in
869 2205 1031 2247 margine
1057 2203 1147 2238 haec
1173 2215 1238 2237 sua
1264 2215 1372 2237 manu
1391 2203 1626 2237 *adnotavitz
1657 2203 1720 2245 „de
1738 2202 1911 2237 facultate

143 2256 352 2291 absoluendi
379 2257 422 2291 ob
449 2257 621 2292 violatam
647 2257 850 2292 libertatem
878 2257 1163 2292 ecclesiasticam
1183 2283 1189 2291 .
1209 2257 1375 2291 videatur
1401 2257 1576 2301 quomodo
1610 2256 1659 2290 sit
1692 2256 1760 2290 hoc
1793 2256 1911 2290 obser-

142 2310 337 2344 uandum“.
387 2310 543 2345 Difficile
570 2312 646 2345 erat
672 2322 759 2345 sane
785 2311 1026 2351 confessariis,
1064 2310 1238 2344 eiusmodi
1271 2310 1520 2344 iusiurandum
1555 2310 1710 2353 exigere.
1762 2309 1845 2343 Ideo
1875 2309 1912 2342 in

144 2363 160 2381 *
174 2363 477 2408 ‚,Facultat2·bus“‚
498 2375 587 2408 quas
609 2364 947 2409 „septentrionales¹‘
970 2364 1156 2403 vocabant,
1175 2363 1265 2397 haec
1283 2365 1387 2398 sunt:
1418 2363 1524 2406 „Pius
1543 2363 1587 2397 V.
1606 2363 1638 2396 2.
1654 2363 1789 2407 Aprilis
1810 2362 1911 2396 1571.

145 2417 380 2462 Praepositus
416 2417 603 2452 Generalis
641 2418 677 2451 in
715 2419 844 2461 quavis
882 2417 1072 2452 Prouincia
1107 2417 1321 2452 Germaniae
1363 2420 1483 2462 potest
1518 2417 1707 2460 designare
1745 2417 1834 2450 duos
1876 2416 1912 2449 in

144 2470 298 2513 singulis
325 2471 487 2515 collegiis
513 2472 557 2506 ad
584 2483 644 2506 eos
671 2471 918 2513 absoluendos,
945 2472 1006 2515 qui
1033 2472 1076 2505 ob
1102 2471 1273 2505 uiolatam
1300 2470 1593 2505 Jurisdictionem
1620 2469 1911 2504 Ecclesiasticam

144 2523 180 2558 in
206 2523 623 2559 Excommunicationem
650 2525 776 2559 Bullae
804 2525 942 2559 Coenae
968 2524 1108 2559 Domini
1136 2524 1348 2565 inciderunt,
1375 2524 1458 2557 dum
1484 2524 1587 2557 modo
1620 2523 1672 2557 illi
1698 2523 1814 2568 parati
1840 2523 1913 2556 sint

145 2577 189 2611 ad
215 2577 523 2619 satisfaciendum,
559 2578 730 2613 videlicet
755 2580 796 2612 vt
822 2579 882 2622 qui
917 2578 1085 2612 damnum
1121 2578 1227 2619 dedit,
1262 2578 1433 2612 restItuat
1467 2577 1498 2611 si
1533 2577 1669 2621 potest“
1703 2576 1763 2619 (ex
1789 2587 1911 2620 apogr.

145 2641 239 2665 saec.
268 2630 378 2671 XV1.;
408 2631 492 2665 Cod.
524 2631 570 2673 „C
600 2632 638 2665 1“
669 2643 701 2676 p.
729 2631 828 2674 482).

266 2686 277 2704 ³
303 2684 355 2718 De
381 2685 448 2718 hac
473 2696 511 2718 re
536 2697 571 2719 v.
598 2696 706 2730 supra
732 2697 765 2729 p.
784 2684 968 2719 267—271
998 2684 1078 2718 273.

266 2740 277 2756 ⁴
308 2738 503 2771 Concilium
536 2739 786 2772 Tridentimcm
811 2738 1068 2771 constituerat:
1105 2736 1250 2779 ⁷,Liceat
1274 2736 1461 2781 Episcopis
1490 2763 1496 2769 .
1518 2762 1551 2769 ..
1580 2735 1615 2768 in
1641 2734 1912 2779 quibuscunque

147 2789 292 2824 casibus
327 2790 489 2831 occultis,
525 2791 633 2824 etiam
669 2790 751 2825 Sedi
777 2790 1007 2835 Apostolicae
1042 2790 1258 2831 reservatis,
1294 2789 1542 2833 delinquentes
1578 2799 1810 2832 quoscunque
1844 2786 1913 2821 sibi

146 2841 307 2876 subditos
334 2843 369 2876 in
396 2843 548 2878 dioecesi
575 2855 640 2877 sua
666 2855 730 2888 per
754 2855 793 2877 se
818 2844 914 2889 ipsos
940 2845 1003 2877 aut
1028 2843 1202 2877 vicarium
1230 2843 1274 2877 ad
1306 2842 1341 2876 id
1367 2841 1574 2886 specialiter
1599 2840 1842 2885 deputandum
1876 2839 1913 2872 in

147 2893 224 2927 foro
251 2896 488 2930 conscientiae
514 2897 629 2940 gratis
655 2896 853 2938 absolvere,
880 2897 1047 2941 imposita
1065 2896 1284 2941 poenitentia
1309 2895 1470 2929 salutari.
1507 2894 1603 2928 Idem
1631 2895 1666 2927 et
1691 2893 1726 2926 in
1752 2892 1912 2926 haeresis

148 2946 294 2980 crimine
321 2949 355 2981 in
382 2949 503 2983 eodem
531 2950 608 2983 foro
635 2950 873 2984 conscientiae
900 2951 952 2984 eis
976 2952 1129 2991 tantum,
1156 2961 1225 2983 non
1253 2960 1373 2983 eorum
1399 2948 1556 2989 vicariis,
1583 2947 1632 2981 sit
1655 2946 1911 2992 permissum“:

148 2997 242 3032 Sess.
271 3000 325 3041 24,
352 3000 394 3033 de
420 3002 485 3035 ref.
513 3014 541 3037 c.
569 3003 600 3037 6.
651 3003 818 3037 Fortasse
853 3002 991 3037 similes
1025 3003 1252 3037 condiciones
1283 3002 1361 3036 sive
1387 3000 1650 3035 moderationes
1676 2998 1912 3033 facultatibus

150 3061 290 3095 quoque
317 3053 525 3087 absolvendi
551 3066 572 3088 a
599 3056 742 3089 casibus
769 3055 895 3089 Bullae
922 3056 1062 3090 Coenae
1088 3055 1339 3099 iungebantur.
