2044 3335
134 136 189 176 46
645 131 745 165 1494.
774 130 940 165 Canisius
966 129 1000 164 S.
1020 129 1210 163 Francisco
1237 128 1401 172 Borgiae.

132 253 176 294 in
208 253 289 294 hoc
315 250 552 305 Gymnasio
585 263 736 304 parum
770 246 1085 302 ualetur[am]‘³
1110 245 1171 301 [P]
1203 249 1253 289 ut
1275 247 1447 289 Bullam
1476 246 1665 288 maxime
1697 245 1900 300 publicet,

133 317 214 358 nisi
254 330 347 358 rem
378 317 536 368 urgeat
568 314 709 367 magis
736 313 942 367 Princeps
966 310 1271 366 Baua[riae‚]1
1303 311 1424 353 cuius
1456 311 1626 365 quidem
1660 309 1900 364 Consiliarij

133 381 263 424 alieni
306 381 536 423 uideantur
577 380 631 421 ab
669 379 884 431 exigendo
916 377 1175 427 iuramento,
1219 377 1333 429 quod
1365 376 1493 418 Bulla
1524 375 1707 429 requirit
1739 390 1765 418 a
1797 375 1903 432 Pro-⁴

133 447 372 489 sessoribus
405 447 449 487 et
481 444 799 499 promouendis.
849 443 1034 494 Timent,
1069 442 1149 484 hac
1181 442 1351 484 ratione
1384 442 1633 484 libertatem
1665 439 1904 494 Religionis

133 513 176 554 in
209 525 413 566 processu
439 509 666 563 ε1010011011
699 510 998 550 confirmatam
1031 507 1224 558 uiolari2,
1260 509 1304 549 et
1337 507 1493 548 offendi
1525 520 1654 561 posse
1682 504 1904 559 Principes

134 578 420 620 Lutheranos.
485 575 593 616 Tum
639 573 883 628 Iurisperiti
931 586 1063 625 aegre
1110 572 1279 614 ferrent
1321 571 1402 613 hoc
1446 570 1527 613 sibi
1571 571 1738 612 lucrum
1783 569 1904 623 eripi,

135 642 249 695 quod
281 640 492 694 colligunt
523 653 578 681 ex
610 638 881 692 promotione
913 637 1098 687 illorum,
1132 636 1204 690 qui
1227 636 1458 689 aliquando
1481 650 1558 690 per
1580 635 1724 677 omnia
1745 633 1904 677 Catho-

133 707 203 748 lici
244 720 329 748 non
370 708 483 747 sunt.
548 703 665 746 Satis
706 703 817 745 enim
861 703 955 744 fore
996 705 1167 756 putant,
1212 700 1337 743 illosb
1370 715 1396 743 a
1428 701 1698 755 promotione
1737 699 1902 753 repelli,

135 771 206 825 qui
246 772 392 825 palam
434 772 478 812 et
519 768 775 811 scandalose
806 767 1016 810 haeretici
1049 781 1145 809 esse
1177 764 1500 820 noscun[tu]r3.
1563 765 1755 815 Addunt,
1794 765 1906 806 hanc

135 837 305 879 Bullam
348 848 560 888 nusquam
603 833 646 875 in
689 833 944 875 Germanico
979 831 1215 886 Gymnasio
1256 833 1481 885 receptam
1523 845 1631 882 esse,
1674 832 1719 872 et
1759 843 1907 871 rumor

135 902 283 956 spargi
316 901 471 954 coepit,
507 913 601 941 eam
635 898 678 940 in
708 898 865 940 scholis
889 898 1145 951 quibusdam
1168 896 1341 939 Jtalicis
1363 896 1607 938 relaxatam
1631 909 1738 938 esse.
1782 894 1907 936 Vnde

137 980 233 1007 cum
275 966 411 1007 nostri
447 965 489 1006 in
523 964 604 1006 hoc
637 963 874 1017 Gymnasio
908 963 1141 1017 diligenter
1173 964 1394 1014 urgerent,
1437 965 1485 1004 ut
1516 961 1806 1003 iuramentum
1839 973 1908 1001 se-

138 1031 321 1072 cundum
346 1030 498 1072 Bullae
520 1032 716 1071 tenorem
742 1029 993 1082 exigeretur
1016 1042 1041 1070 a
1069 1027 1339 1080 quibusdam,
1373 1027 1482 1069 adeo
1504 1040 1589 1068 non
1612 1025 1904 1080 profecerunt,

138 1100 187 1139 ut
219 1095 350 1138 etiam
384 1108 497 1136 noua
528 1095 626 1147 lege
659 1096 834 1136 cautum
868 1093 938 1144 sit,
971 1093 1015 1134 in
1047 1093 1165 1134 nulla
1188 1092 1399 1134 facultate
1421 1091 1728 1146 postulandum
1753 1104 1778 1132 a
1801 1103 1906 1142 quo-

141 1175 269 1215 quam
302 1159 594 1215 promouendo
629 1159 788 1200 dictum
822 1159 1127 1208 iuramentum,
1167 1157 1357 1210 quandiu
1389 1170 1415 1198 a
1448 1156 1748 1211 Superioribus
1780 1154 1908 1196 Bulla

141 1241 225 1268 non
266 1225 560 1267 insinuaretur
601 1226 645 1266 et
678 1224 766 1271 hoc
805 1224 899 1265 loco
932 1223 1238 1278 publicaretur.
1303 1222 1424 1264 Haec
1454 1222 1587 1264 latius
1619 1220 1815 1275 repetiui,
1858 1221 1908 1261 ut

141 1292 289 1334 uideat
323 1291 367 1333 P.
395 1290 490 1331 Tua
521 1289 684 1343 negotij
719 1289 845 1331 huius
878 1288 1202 1330 difficultatem:
1237 1287 1402 1337 deinde,
1435 1289 1484 1329 ut
1515 1286 1677 1328 nostris
1709 1285 1909 1327 consulat

139 1355 456 1411 professoribus
478 1354 723 1407 Theologis‚
758 1368 812 1396 an
846 1354 959 1395 bona
990 1353 1052 1395 illi
1079 1353 1343 1397 conscientia
1364 1352 1478 1395 inter
1501 1351 1609 1394 alios
1632 1351 1908 1392 Professores

139 1421 321 1476 publicis
353 1419 636 1474 promotionis
669 1422 712 1461 et
745 1419 969 1462 electionis
1002 1419 1172 1461 actibus
1205 1418 1373 1472 possint
1410 1417 1635 1467 interesse,
1679 1416 1750 1457 ubi
1781 1415 1908 1456 Bulla

141 1487 248 1529 haec
268 1485 489 1528 Pontificis
515 1499 600 1526 non
623 1486 892 1535 obseruatus,
918 1487 962 1526 et
979 1485 1168 1526 fortasse
1186 1483 1423 1538 periculum
1448 1479 1907 1524 excommunicationis

141 1551 276 1594 metui
320 1551 499 1605 possit4.
564 1551 622 1593 Et
666 1564 818 1603 parum
863 1563 968 1591 sane
999 1550 1199 1600 referret,
1242 1548 1328 1590 imo
1370 1548 1532 1590 nostris
1572 1546 1779 1588 inuidiam
1820 1545 1907 1587 sin-

142 1618 337 1670 gularem
380 1621 574 1668 augeret,
617 1615 679 1656 sic
715 1615 885 1668 quoties
918 1629 1025 1668 opus
1058 1615 1153 1664 erit,
1199 1614 1278 1655 soli
1311 1612 1531 1666 excipient
1562 1612 1725 1654 nostri‘1
1757 1612 1910 1653 contra

142 1682 377 1724 electiones
418 1684 462 1723 et
502 1680 810 1735 promotiones,
852 1681 896 1721 in
931 1680 1084 1733 quibus
1116 1679 1368 1721 mandatum
1402 1677 1625 1720 Pontificis
1657 1676 1908 1730 negligitur.

144 1748 307 1789 Putant
348 1746 497 1797 nostri,
541 1759 750 1800 expressa
782 1745 1098 1800 protestatione
1130 1745 1174 1786 in
1205 1743 1448 1786 huiusmodi
1482 1743 1652 1784 casibus
1685 1756 1792 1796 opus
1824 1756 1909 1783 non

144 1827 252 1859 esse,
286 1826 425 1864 neque
457 1811 537 1852 hoc
571 1810 688 1865 exigi
720 1825 746 1852 a
779 1811 988 1853 Pontifice
1022 1810 1103 1853 etsi
1136 1811 1415 1851 uehementer
1448 1808 1637 1862 cupiant,
1673 1807 1784 1849 hanc
1816 1806 1908 1848 fieri

144 1878 198 1920 ab
231 1876 428 1919 omnibus
459 1876 772 1930 professionem
805 1876 849 1917 in
882 1875 1075 1928 qualibet
1106 1875 1318 1917 facultate
1331 1875 1359 1916 5.
1409 1874 1503 1926 Ego
1536 1873 1641 1914 illud
1673 1872 1909 1914 maximum

263 1970 290 2001 a)
313 1970 377 2000 Sic;
395 1970 521 1994 seribere
542 1970 682 1999 voluerat,
700 1972 791 2000 puto:
810 1967 981 1994 ualituram.
1074 1967 1103 1999 b)
1126 1969 1159 1991 In
1181 1968 1260 1991 arch.
1281 1975 1355 1991 corr.
1377 1974 1413 1991 ez·
1431 1964 1561 1991 illorum.
1663 1968 1688 1997 c)
1709 1966 1847 1997 Sequitur
1866 1971 1909 1997 se,

144 2012 233 2036 oblitt.
310 2009 340 2042 d)
362 2012 422 2035 Hm*
444 2019 465 2034 ι’.
486 2019 501 2034 ιι
525 2013 553 2035 C.
574 2018 667 2041 supra
690 2018 802 2034 sarsum
821 2011 964 2041 scriptum
984 2013 1034 2034 est.

268 2111 563 2154 ¹Ingolstadiuni
598 2111 634 2145 in
670 2111 776 2145 rebus
812 2110 979 2144 civilibus
1006 2109 1154 2143 Alberto
1180 2109 1224 2142 V.
1251 2108 1429 2142 Bavariae
1465 2108 1545 2142 duci
1581 2107 1782 2142 subiectum
1813 2108 1908 2149 erat;

142 2165 417 2199 universitatem
444 2164 648 2198 Ludovicus
675 2165 777 2198 dives
804 2164 979 2197 Bavariae
1006 2163 1078 2196 dux
1104 2174 1136 2196 a.
1158 2162 1248 2196 1472
1274 2162 1501 2196 fundaverat.

263 2218 275 2238 2
307 2219 541 2260 „Recessum“
572 2218 796 2251 comitiorum
830 2217 971 2261 imperii
1008 2217 1196 2259 Augustae
1232 2227 1263 2249 a.
1293 2216 1382 2249 1555
1418 2215 1622 2248 habitorum
1657 2214 1735 2247 sive
1765 2225 1909 2258 „pacem

142 2272 326 2314 religionis
352 2272 627 2314 augustana1n“,
666 2283 773 2315 quam
799 2282 983 2312 vocamus,
1010 2269 1211 2313 significat3
1239 2279 1310 2312 qua
1337 2268 1420 2312 quid
1448 2279 1490 2302 ea
1516 2268 1559 2301 de
1584 2279 1623 2301 re
1649 2268 1826 2301 sancitum
1852 2267 1910 2308 sit,

142 2337 177 2359 v.
207 2326 294 2359 Can.
316 2324 346 2357 V
373 2325 572 2358 245—246.

262 2379 274 2397 3
310 2378 363 2412 Cf.
395 2379 480 2412 Can.
507 2378 557 2411 IV
595 2377 672 2411 585.
733 2378 788 2411 Ita
826 2377 936 2411 etiam
977 2375 1078 2410 ducis
1116 2375 1310 2410 consiliarii
1348 2374 1521 2409 statuisse
1561 2374 1726 2408 videntur
1766 2374 1910 2416 (Prantl

88 2434 91 2436 '
142 2431 165 2464 l.
193 2442 222 2464 c.
250 2431 265 2464 1
293 2432 393 2471 270).

266 2486 277 2503 ⁴
306 2485 395 2517 Pius
420 2485 484 2518 IV.
512 2483 546 2517 in
576 2483 679 2517 Bulla
706 2483 819 2517 Roma
848 2483 901 2518 13.
920 2481 1135 2516 Novembris
1157 2482 1247 2516 1564
1274 2481 1367 2522 data,
1399 2480 1788 2522 „excommunicatione
1814 2479 1909 2513 latae

142 2537 362 2570 sententia&
392 2537 544 2580 aliisque
580 2538 704 2581 poenis
738 2536 942 2581 propositis,
977 2536 1225 2575 constituerat,
1261 2546 1305 2568 ne
1338 2546 1443 2578 quem
1478 2534 1700 2578 professores
1735 2532 1909 2575 eligerent

144 2593 318 2623 rectorem
356 2590 678 2630 cancellariumve,
714 2602 805 2623 neve
841 2590 922 2633 quis
957 2589 1107 2631 gradum
1144 2588 1387 2622 academicum
1414 2587 1601 2631 reciperet,
1636 2586 1704 2619 nisi
1740 2587 1798 2629 qui
1827 2589 1910 2619 ante

145 2643 356 2676 electionem
383 2643 441 2676 vel
468 2643 722 2676 admissionem
748 2643 807 2676 vel
833 2643 1089 2687 promotionem
1116 2642 1224 2675 fidem
1251 2641 1464 2675 catholicam
1491 2639 1611 2673 verbis
1638 2641 1673 2673 in
1699 2639 1778 2683 ipsa
1804 2639 1909 2673 Bulla

146 2696 381 2739 praescriptis
412 2696 548 2740 „palam
578 2698 613 2729 et
638 2696 879 2729 sollemniter“
910 2696 1093 2740 professus
1120 2698 1235 2735 esset;
1262 2693 1370 2728 simul
1396 2694 1637 2738 praeceperat,
1670 2695 1710 2726 ut
1739 2693 1912 2736 „desuper

143 2750 422 2782 instrumentum
450 2749 631 2792 publicum
657 2749 928 2789 conficeretur‘,
954 2751 990 2782 et
1016 2751 1056 2782 ut
1082 2747 1316 2792 professionis
1342 2748 1410 2780 rite
1436 2747 1554 2780 factae
1580 2748 1750 2780 accurata
1777 2746 1909 2779 mentio

144 2803 178 2834 in
206 2801 439 2844 promotionis
466 2801 597 2835 litteris
623 2802 700 2835 sive
728 2802 922 2846 diplomate
940 2802 1043 2835 fieret
1072 2801 1297 2844 (Bullarcum
1315 2800 1513 2834 Romanum
1532 2798 1611 2840 Vll,
1637 2798 1786 2843 Neapoli
1808 2799 1908 2838 1882,

147 2854 364 2896 323-327).

262 2908 275 2926 ⁵
302 2907 341 2940 P.
369 2907 554 2940 Martinus·
579 2909 819 2941 Leubenstam
854 2910 972 2941 rector
1004 2906 1300 2950 ingolstadiensis
1333 2905 1553 2949 lngolstadio
1583 2904 1639 2939 30.
1667 2904 1789 2938 Martii
1818 2904 1906 2938 1567

144 2960 178 2994 S.
196 2960 389 2993 Francisco
410 2960 560 3003 Borgiae
578 2968 596 2973 “
607 2960 775 3004 scripsit:
802 2961 838 2995 Si
857 2961 1079 3005 professores
1098 2960 1289 2994 Societatis
1308 2959 1589 3004 promotionibus
1606 2970 1675 2992 non
1698 2958 1908 2997 intererunt,

148 3024 290 3056 „omnes
316 3013 393 3046 sine
420 3013 571 3054 delectu,
599 3013 706 3047 sicuti
732 3014 842 3058 prius,
880 3014 975 3047 docti
1001 3016 1037 3047 et
1062 3013 1196 3047 indocti
1223 3012 1398 3047 Catholici
1425 3014 1461 3045 et
1486 3011 1667 3051 haeretici,
1695 3011 1806 3044 libere
1832 3022 1908 3055 pro-

144 3067 392 3106 mouebuntur,
429 3066 521 3109 quod
557 3078 625 3100 non
662 3066 775 3100 solum
811 3067 847 3100 in
872 3066 1030 3100 Bauaria
1056 3067 1139 3100 fidei
1166 3065 1362 3100 destructio
1394 3065 1479 3106 erit,
1514 3065 1577 3099 sed
1613 3065 1720 3098 etiam
1755 3074 1908 3106 magnae

145 3120 259 3165 partis
287 3119 510 3161 Germaniae,
549 3119 578 3153 si
615 3120 695 3163 quis
721 3120 814 3153 enim
846 3122 902 3154 est
927 3122 1111 3164 promotus
1138 3120 1172 3153 in
1200 3119 1385 3154 Catholica
1414 3118 1482 3152 hac
1508 3118 1701 3159 academia,
1736 3116 1908 3151 facillime
