2044 3335
638 91 734 126 Mon.
768 91 856 127 1042
883 92 961 126 sive
987 92 1056 126 litt.
1079 92 1167 135 (37).
1214 91 1314 127 1570.
1772 92 1855 133 695

92 207 256 242 Matthoec·
281 208 540 250 Sz'ebeneycher,
565 207 568 248 Ι
592 209 699 242 Anno
728 209 863 242 Salutis
888 209 1079 242 Humanae,
1104 207 1107 251 Ι
1133 208 1254 242 1570.“
1311 208 1371 242 16Ο
1399 207 1473 251 (vel
1504 207 1541 241 8⁰
1566 206 1688 250 min.);
1725 206 1760 240 ff.
1787 217 1858 240 non

92 261 183 304 sign.
203 261 258 301 60,
286 260 405 294 addito
432 259 526 294 titul.
549 260 596 303 (A
614 260 713 294 I—H
736 261 816 303 IV);
843 262 867 295 f.
889 262 919 294 A
938 261 971 295 II
999 261 1132 296 Canisii
1159 261 1346 306 praefatio,
1374 261 1457 295 data
1483 261 1671 304 Augustae
1697 271 1743 293 m.
1762 258 1858 292 Maio

94 314 203 353 1561;
231 313 255 347 f.
283 314 313 347 A
332 313 478 347 IIIa—A
498 313 564 347 IVb
591 314 747 348 edictum
774 314 988 348 Ferdinandi
1007 315 1045 355 1.,
1076 315 1196 349 datum
1228 314 1281 348 10.
1301 314 1385 348 Dec.
1408 314 1517 354 1560;
1554 314 1578 348 f.
1598 315 1629 347 A
1647 311 1773 347 Va—F}
1789 311 1856 346 IIIb

91 366 331 402 catechismus
367 378 446 400 cum
486 367 735 409 „Testimoniis
772 367 978 412 Scripturae
1012 367 1176 402 Sacrae‘.
1228 368 1434 411 Sequuntur
1468 368 1587 401 Horae
1623 369 1658 401 et
1689 365 1858 408 „Medita-

91 421 206 454 tiones
232 419 481 464 quotidianae“
511 420 554 454 de
580 420 775 454 virtutibus
802 420 948 455 Christi.

98 478 100 481 '
210 479 355 513 Librum
382 479 455 512 vidi
483 479 677 513 Cracoviae
705 480 740 513 in
767 480 891 514 Museo
918 479 1091 524 principis
1111 478 1353 524 Czartoryskiy
1381 480 1473 522 sign.
1493 479 1621 513 XXIX.
1642 478 1676 512 S.
1697 478 1750 511 79.
1773 463 1832 526 42—22
1849 504 1857 512 .

94 539 347 581 Sommervoqel
373 549 453 571 eum
479 549 548 571 non
574 538 704 582 posuit.

94 651 231 688 1042
259 654 336 687 sive
363 651 473 688 litt.
494 652 630 698 (37).
698 651 790 688 1570.

212 713 352 746 Canisiz'
378 714 540 757 „Para-ns
567 710 825 746 Cateehisnms‘·'
854 723 873 745 α
904 713 942 746 Ρ.
970 712 1096 745 Iacobo
1124 712 1246 754 Wujek·
1273 712 1309 746 S.
1338 713 1373 745 J.
1394 712 1558 755 polonice
1583 723 1704 745 versus
1740 713 1860 745 editm·

95 766 296 799 Cracow'ae.
1034 764 1037 768 '

210 817 342 853 Canisii
363 818 539 860 „Parvum
559 817 823 852 Catechismum
841 817 1126 852 Catholicorum“
1145 816 1340 851 Cracoviae
1360 817 1453 862 apud
1472 817 1696 851 Matthaeum
1717 817 1859 851 Sieben-

91 871 223 916 eycher
249 871 318 905 iam
345 883 377 906 a.
405 872 636 906 1560-1567
664 871 880 915 aliquotiens
906 871 1018 904 latine
1044 870 1178 905 editum
1208 871 1312 913 (Can.
1333 870 1365 903 V
1384 871 1453 905 800
1479 871 1563 913 823)
1593 871 1723 905 ibidem
1750 870 1860 904 edidit

90 924 250 968 polonice
277 936 297 958 a
320 936 358 959 se
378 936 522 958 versum
548 924 698 959 Iacobus
717 924 853 969 Wujek
883 924 1034 969 (Vujek)
1064 924 1141 958 sive
1160 924 1433 966 Vangrovecius
1454 924 1490 967 (†
1512 924 1629 967 1597),
1658 936 1697 958 ca
1716 936 1747 958 a.
1769 924 1859 958 1540

89 977 326 1021 Vangroveco
355 978 609 1021 (Vngrowiec,
637 978 895 1021 VVongrowitz,
931 988 1025 1011 nunc
1052 977 1221 1022 oppidum
1248 976 1453 1022 provinciae
1484 977 1733 1022 posnaniensis
1759 977 1860 1021 regni

89 1030 279 1074 borussici)
308 1032 416 1070 ortus,
445 1031 504 1074 qui
524 1042 555 1064 a.
578 1031 668 1065 1565
690 1031 845 1073 (1567‘3)
873 1030 1008 1064 Romae
1027 1030 1241 1064 Societatem
1260 1031 1456 1073 ingressus,
1484 1032 1608 1075 postea
1627 1030 1859 1073 collegiorum

89 1085 348 1128 posnaniensis,
376 1083 560 1125 vilnensis‚
589 1083 881 1129 Claudiopolitani
907 1086 1025 1118 rector
1042 1086 1078 1117 et
1096 1083 1263 1117 Poloniae
1283 1084 1597 1128 viceprovincialis
1616 1083 1685 1118 fuit
1706 1086 1741 1118 et
1759 1083 1860 1118 libris

89 1137 256 1171 asceticis
282 1137 549 1182 polemicisque,
577 1137 733 1171 maxime
760 1140 880 1171 autem
909 1137 1047 1171 duabus
1075 1136 1276 1178 „Postillis“
1307 1139 1341 1170 et
1367 1137 1478 1171 totius
1505 1149 1629 1171 sacrae
1656 1137 1861 1182 Scripturae

89 1191 252 1225 versione
279 1190 443 1236 polonica
469 1191 684 1235 conscriptis
711 1190 753 1224 de
772 1193 847 1225 tota
866 1190 1015 1224 Polonia
1039 1190 1183 1234 egregie
1202 1190 1352 1224 meritus
1373 1193 1427 1224 est
1448 1191 1513 1233 (Io.
1533 1192 1743 1225 II'ielewiclcc'
1760 1191 1794 1225 S.
1816 1190 1860 1232 J.,

90 1244 261 1278 Historici
296 1244 399 1278 diarii
435 1244 560 1278 domus
595 1244 778 1288 professae
807 1244 840 1278 S.
868 1245 900 1278 J.
929 1243 1178 1278 cracoviensis
1211 1244 1293 1278 anni
1320 1244 1451 1287 viginti
1487 1243 1700 1289 [Scriptores
1728 1244 1861 1278 Rerum

90 1298 338 1332 Polonicarum
365 1296 459 1342 VIl]‚
488 1297 682 1332 Oracoviae
711 1298 812 1338 1881,
840 1297 1039 1332 237—239,
1078 1298 1128 1331 St.
1156 1298 1299 1342 Ζαῖςελτί
1325 1297 1358 1331 S.
1388 1298 1433 1339 J.,
1461 1297 1598 1332 Jezuici
1624 1310 1656 1331 w
1682 1297 1807 1332 Polsce
1834 1297 1860 1337 I,

90 1351 209 1386 Lwow
238 1352 338 1392 1900,
366 1351 563 1386 710—717.
620 1352 883 1394 Sommerroqel,
920 1350 1010 1386 Bibl.
1039 1350 1123 1384 VIII
1153 1351 1417 1394 1227—1‘242).
1468 1351 1503 1385 Is
1538 1351 1649 1394 igitur
1675 1351 1786 1385 edidit
1820 1350 1858 1384 li-

90 1405 221 1439 bellum
249 1405 301 1439 sic
328 1404 561 1449 inscriptum:

216 1465 454 1516 „Maluczki
487 1465 754 1519 Katechyzm
789 1465 995 1507 Kosciola
1027 1465 1382 1519 powszechnego,
1425 1464 1522 1506 albo
1556 1465 1701 1507 nauka
1739 1465 1861 1506 krze-

89 1531 335 1585 Sciai'iskiey‘
365 1530 622 1585 poboZnosci
665 1545 789 1585 przez
832 1531 882 1573 D.
917 1531 1066 1572 Piotra
1104 1530 1362 1572 Kanisiusza
1394 1530 1617 1583 Theologa
1658 1530 1860 1572 zebrania

89 1597 137 1640 P.
171 1597 456 1650 Jezusowego
490 1596 704 1650 napisany
737 1610 762 1638 a
795 1598 914 1637 teraz
948 1609 1072 1637 nowo
1104 1610 1161 1637 na
1192 1596 1362 1650 polskie
1394 1596 1666 1649 przeloZony.
1728 1596 1862 1648 Przy-

89 1663 199 1704 dane
223 1675 272 1716 sa
295 1675 351 1703 na
373 1662 513 1703 koncu
535 1662 735 1703 niektore
757 1661 996 1715 modlitwy.
1036 1661 1139 1702 Cum
1163 1661 1307 1714 gratia
1331 1664 1374 1703 et
1396 1660 1625 1715 privilegio
1647 1661 1688 1703 S.
1705 1661 1755 1703 R.
1773 1660 1856 1703 M.“

89 1728 137 1769 In
179 1728 264 1768 fine
306 1727 424 1768 libri:
465 1740 529 1776 „W
562 1726 797 1768 Krakowie
839 1727 1106 1768 drukowano
1149 1740 1175 1768 u
1217 1725 1472 1768 Matheusza
1514 1725 1861 1780 Siebeneychera

88 1793 199 1834 roku
232 1792 476 1834 MDLXX.‘·

208 1856 246 1890 Id
281 1859 354 1890 est:
390 1856 532 1890 Parvus
558 1855 807 1890 Catechismus
839 1855 1011 1890 ecclesiae
1038 1855 1236 1889 catholicae
1263 1855 1340 1889 sive
1368 1855 1617 1889 Institutiones
1643 1854 1861 1888 christianae

88 1909 234 1954 pietatis
261 1921 281 1943 a
307 1909 349 1944 D.
373 1909 480 1944 Petro
508 1909 650 1943 Canisio
677 1908 844 1952 theologo
872 1909 1161 1952 congregationis
1189 1908 1321 1942 domini
1348 1909 1429 1943 Iesu
1455 1908 1679 1953 conscriptae
1706 1910 1742 1941 et
1768 1919 1861 1941 nunc

88 1965 252 1997 recenter
285 1963 322 1996 in
355 1963 514 2007 linguam
548 1962 748 2007 polonicam
775 1974 913 1996 versae.
965 1962 1118 1996 Additae
1151 1965 1235 1996 sunt
1269 1963 1305 1996 in
1340 1962 1408 1996 fine
1445 1962 1670 2007 precationes
1705 1961 1858 2005 aliquae.

90 2016 178 2050 Cum
209 2016 327 2059 gratia
354 2018 421 2050 etc.
474 2015 668 2050 Cracoviae
696 2027 851 2050 excusae
878 2016 971 2060 apud
998 2015 1222 2050 Matthaeum
1250 2015 1514 2061 Siebeneycher
1540 2027 1571 2050 a.
1603 2016 1702 2050 1570.

210 2070 278 2104 16⁰.
303 2068 461 2104 Libellus
480 2070 664 2104 dedicatus
683 2073 738 2104 est
757 2071 881 2103 Annae
900 2069 1124 2113 Jagelloniae
1146 2069 1381 2112 (Sigismundi
1402 2069 1558 2113 Augusti
1577 2068 1747 2103 Poloniae
1765 2068 1861 2112 regis

87 2123 199 2157 sorori
236 2123 278 2157 de
313 2122 489 2157 catholica
520 2122 692 2166 religione
719 2124 753 2156 in
780 2122 928 2157 Polonia
954 2124 1087 2168 optime
1113 2123 1263 2157 meritae
1290 2122 1529 2167 [Laderchius
1554 2123 1576 2157 l.
1601 2134 1630 2156 c.
1657 2123 1693 2156 in
1719 2133 1749 2156 a.
1772 2121 1861 2156 1568

87 2188 121 2210 11.
152 2176 244 2219 150],
280 2187 371 2219 quae
406 2179 530 2220 postea
566 2188 656 2210 uxor
690 2176 760 2210 fuit
795 2176 968 2221 Stephani
994 2176 1156 2210 Bathorii
1192 2176 1342 2221 palatini
1369 2175 1663 2210 Transsilvaniae
1699 2178 1734 2209 et
1766 2175 1862 2218 regis

88 2228 285 2273 Poloniae).
337 2229 513 2264 Editionis
548 2230 694 2263 titulum
720 2231 756 2263 et
790 2230 1050 2264 dedicationem
1076 2230 1251 2274 descripsi
1279 2242 1323 2264 ex
1350 2231 1396 2263 K.
1423 2230 1637 2273 Estreicher‚
1672 2228 1862 2263 Polnische

88 2282 356 2327 Bibliographie
378 2283 455 2325 (111.
470 2282 677 2325 Abteilung,
697 2282 797 2317 Band
812 2282 892 2326 III).
923 2283 1169 2317 Jahrhundert
1187 2283 1265 2317 XV.
1281 2283 1336 2317 bis
1350 2283 1492 2323 XVIH„
1512 2282 1661 2316 Krakau
1682 2282 1782 2324 1896,
1798 2283 1864 2321 44;

87 2338 148 2381 qui
175 2336 379 2380 significare
398 2336 551 2377 videtur,
579 2336 660 2370 libri
687 2336 891 2381 exemplum
916 2339 1061 2371 exstare
1088 2337 1123 2370 in
1147 2336 1390 2379 „Bibliotheca
1409 2335 1672 2370 Kornickiana“
1697 2335 1862 2379 (Ko‘rnik.

87 2401 180 2424 nunc
207 2389 376 2434 oppidum
411 2389 644 2430 borussicum,
680 2389 895 2434 provinciae
923 2390 1187 2434 posnaniensis)
1226 2401 1340 2434 eoque
1366 2401 1471 2424 usum
1506 2400 1584 2423 esse
1611 2390 1862 2423 Alexandrum

87 2444 328 2486 Maciejowslci
353 2443 389 2476 in
407 2442 676 2486 Bibliographia
702 2443 865 2488 polonica
886 2443 1082 2477 Cracoviae
1101 2455 1131 2477 a.
1155 2443 1244 2477 1853
1271 2443 1387 2477 tribus
1405 2442 1647 2477 voluminibus
1675 2442 1770 2476 edita
1800 2442 1861 2485 (cf.

89 2498 343 2540 Sommervoyel
369 2496 392 2530 1.
419 2508 448 2530 c.
478 2497 491 2529 I
517 2495 619 2540 xm),
650 2496 701 2530 III
736 2496 816 2530 436.
867 2496 971 2530 Anno
998 2508 1086 2531 vero
1115 2497 1203 2531 1911
1234 2497 1274 2530 R.
1302 2497 1342 2531 P.
1370 2498 1522 2530 Ioannes
1549 2495 1728 2540 Squiski
1754 2495 1788 2529 S.
1816 2496 1862 2537 J„

86 2561 167 2584 cum
194 2550 324 2584 librum
350 2549 450 2583 illum
477 2553 676 2593 quaereret,
704 2549 834 2584 certior
860 2550 979 2584 factus
999 2552 1063 2591 est,
1095 2562 1174 2584 eum
1201 2550 1236 2584 in
1261 2550 1478 2584 bibliotheca
1496 2549 1734 2583 kornickiana
1755 2548 1863 2593 (quae

86 2616 180 2637 nunc
207 2603 347 2638 comitis
374 2603 564 2648 Zamoyski
592 2604 661 2647 est)
691 2603 762 2637 iam
789 2615 858 2637 non
886 2606 1040 2644 exstare,
1068 2604 1177 2637 11111110
1204 2615 1248 2637 110
1275 2615 1366 2637 anno
1393 2603 1536 2647 quidem
1566 2602 1668 2644 1896,
1695 2614 1764 2647 quo
1784 2603 1863 2638 Est-

86 2657 226 2691 reicher
252 2656 558 2702 Bibliographiam
595 2657 716 2697 edidit,
751 2657 883 2691 ibidem
918 2657 1041 2698 fuisse,
1077 2668 1193 2701 neque
1222 2659 1444 2702 compertum
1471 2668 1560 2698 esse,
1598 2668 1666 2700 quo
1702 2656 1863 2701 perlatus

87 2713 193 2745 esset.
231 2710 285 2744 Ne
311 2710 422 2744 ullum
450 2710 594 2754 quidem
621 2710 717 2744 aliud
743 2710 824 2744 libri
852 2710 1057 2755 exemplum
1084 2722 1201 2755 usque
1221 2711 1336 2744 adhuc
1355 2713 1538 2755 repertum
1557 2712 1622 2744 est.
1661 2709 1864 2745 Editionem

87 2764 205 2808 posuit
233 2765 487 2808 Sommervoyel
512 2764 535 2797 l.
563 2776 592 2798 c.
611 2763 698 2797 VIII
727 2764 830 2798 1229.

205 2817 345 2857 Nescio,
381 2819 502 2850 utrum
537 2817 627 2851 haec
655 2817 772 2851 versio
801 2817 925 2859 (manu
951 2817 1103 2862 scripta)
1144 2829 1188 2851 an
1215 2817 1285 2851 alia
1312 2817 1521 2852 catechismi
1549 2817 1723 2851 canisiani
1745 2818 1863 2851 versio

87 2882 131 2904 an
159 2870 376 2905 Catechismi
414 2870 565 2904 Romani
601 2871 719 2904 versio
755 2870 917 2915 polonica
955 2870 1016 2914 (cf.
1048 2872 1136 2905 Can.
1163 2871 1195 2904 V
1222 2870 1323 2914 3412)
1359 2870 1585 2914 significetur
1620 2882 1640 2905 a
1666 2872 1864 2904 Weniceslao

85 2925 211 2968 Fabio,
240 2923 383 2958 Grodna
411 2924 577 2958 10.1111111
608 2923 698 2958 1568
725 2924 900 2958 cardinali
927 2923 1108 2958 Stanislao
1128 2924 1236 2958 Hosio
1264 2924 1306 2958 de
1334 2923 1562 2968 Sigismundo
1587 2925 1752 2968 Augusto
1779 2936 1864 2968 rege

86 2977 311 3011 *scribentez
351 2977 655 3022 „Catechysmum
682 2977 900 3019 Polonicum,
938 2988 1043 3021 quem
1072 2977 1330 3012 Jllustrissima
1357 2977 1399 3012 D.
1426 2978 1470 3012 V.
1496 2977 1584 3012 mihi
1610 2978 1716 3020 misit,
1751 2989 1865 3022 nuper

86 3030 120 3064 S.
149 3031 331 3064 Maiestati
358 3042 421 3065 sue
452 3031 543 3070 dedi,
581 3031 830 3074 Jnterrogabo,
868 3030 1043 3075 quomodo
1070 3031 1212 3076 placeat
1238 3031 1378 3065 versi&
1404 3031 1466 3074 (ex
1501 3030 1735 3077 autographo,
1771 3031 1864 3076 quod

86 3087 142 3118 est
169 3084 362 3118 cracoviae
389 3084 424 3117 in
451 3084 576 3118 Museo
603 3083 774 3128 principis
802 3083 1045 3128 Czartoryski,
1074 3084 1158 3118 Cod.
1188 3084 1277 3119 1609
1306 3096 1338 3129 p.
1366 3084 1463 3128 253).
