<?xml version="1.0" encoding="UTF-8"?>
<!DOCTYPE html PUBLIC "-//W3C//DTD XHTML 1.0 Transitional//EN"
    "http://www.w3.org/TR/xhtml1/DTD/xhtml1-transitional.dtd">
<html xmlns="http://www.w3.org/1999/xhtml" xml:lang="en" lang="en">
 <head>
  <title>
</title>
<meta http-equiv="Content-Type" content="text/html;charset=utf-8" />
  <meta name='ocr-system' content='tesseract 3.04.00' />
  <meta name='ocr-capabilities' content='ocr_page ocr_carea ocr_par ocr_line ocrx_word'/>
</head>
<body>
  <div class='ocr_page' id='page_1' title='image "beatipetricanisi06cani_0330.png"; bbox 0 0 2044 3335; ppageno 0'>
   <div class='ocr_carea' id='block_1_1' title="bbox 182 93 1452 136">
    <p class='ocr_par' dir='ltr' id='par_1_1' title="bbox 182 93 1452 136">
     <span class='ocr_line' id='line_1_1' title="bbox 182 93 1452 136; baseline 0.004 -11"><span class='ocrx_word' id='word_1_1' title='bbox 182 95 264 136; x_wconf 81' lang='lat'>256</span> <span class='ocrx_word' id='word_1_2' title='bbox 678 95 777 129; x_wconf 83' lang='lat'>1614.</span> <span class='ocrx_word' id='word_1_3' title='bbox 806 94 843 128; x_wconf 87' lang='grc' dir='ltr'>Ρ.</span> <span class='ocrx_word' id='word_1_4' title='bbox 872 94 1022 128; x_wconf 87' lang='lat' dir='ltr'>Ioannes</span> <span class='ocrx_word' id='word_1_5' title='bbox 1050 94 1092 128; x_wconf 90' lang='lat' dir='ltr'>de</span> <span class='ocrx_word' id='word_1_6' title='bbox 1119 93 1272 129; x_wconf 88' lang='lat' dir='ltr'>Polanco</span> <span class='ocrx_word' id='word_1_7' title='bbox 1300 94 1452 131; x_wconf 85' lang='lat' dir='ltr'>Canisio.</span> 
     </span>
    </p>
   </div>
   <div class='ocr_carea' id='block_1_2' title="bbox 176 209 1938 576">
    <p class='ocr_par' dir='ltr' id='par_1_2' title="bbox 176 209 1938 576">
     <span class='ocr_line' id='line_1_2' title="bbox 179 209 1937 256; baseline 0.004 -14"><span class='ocrx_word' id='word_1_8' title='bbox 179 220 319 253; x_wconf 84' lang='lat' dir='ltr'>semper</span> <span class='ocrx_word' id='word_1_9' title='bbox 354 210 389 243; x_wconf 92' lang='lat' dir='ltr'>in</span> <span class='ocrx_word' id='word_1_10' title='bbox 416 209 533 243; x_wconf 83' lang='lat' dir='ltr'>extasi</span> <span class='ocrx_word' id='word_1_11' title='bbox 561 211 761 243; x_wconf 85' lang='lat' dir='ltr'>contectam</span> <span class='ocrx_word' id='word_1_12' title='bbox 791 209 936 253; x_wconf 88' lang='lat' dir='ltr'>aiebat.)</span> <span class='ocrx_word' id='word_1_13' title='bbox 974 212 1055 254; x_wconf 90' lang='lat' dir='ltr'>post</span> <span class='ocrx_word' id='word_1_14' title='bbox 1082 210 1316 255; x_wconf 86' lang='lat' dir='ltr'>paroxismos,</span> <span class='ocrx_word' id='word_1_15' title='bbox 1353 223 1442 256; x_wconf 89' lang='lat' dir='ltr'>quos</span> <span class='ocrx_word' id='word_1_16' title='bbox 1468 213 1586 248; x_wconf 87' lang='lat' dir='ltr'>Herus</span> <span class='ocrx_word' id='word_1_17' title='bbox 1621 214 1665 247; x_wconf 91' lang='lat' dir='ltr'>ad</span> <span class='ocrx_word' id='word_1_18' title='bbox 1699 214 1853 248; x_wconf 89' lang='lat' dir='ltr'>lubitum</span> <span class='ocrx_word' id='word_1_19' title='bbox 1887 215 1937 249; x_wconf 89' lang='lat' dir='ltr'>in-</span> 
     </span>
     <span class='ocr_line' id='line_1_3' title="bbox 179 261 1938 311; baseline 0.004 -16"><span class='ocrx_word' id='word_1_20' title='bbox 179 261 308 296; x_wconf 83' lang='lat' dir='ltr'>ducere</span> <span class='ocrx_word' id='word_1_21' title='bbox 334 265 485 307; x_wconf 79' lang='lat' dir='ltr'>poterat,</span> <span class='ocrx_word' id='word_1_22' title='bbox 513 262 718 296; x_wconf 73' lang='lat' dir='ltr'>recitasset:</span> <span class='ocrx_word' id='word_1_23' title='bbox 746 263 890 296; x_wconf 88' lang='lat' dir='ltr'>tandem</span> <span class='ocrx_word' id='word_1_24' title='bbox 918 263 1038 308; x_wconf 84' lang='lat' dir='ltr'>nimijs</span> <span class='ocrx_word' id='word_1_25' title='bbox 1063 265 1259 298; x_wconf 87' lang='lat' dir='ltr'>astantium</span> <span class='ocrx_word' id='word_1_26' title='bbox 1279 266 1525 309; x_wconf 83' lang='lat' dir='ltr'>questionibus</span> <span class='ocrx_word' id='word_1_27' title='bbox 1551 278 1659 311; x_wconf 90' lang='lat' dir='ltr'>super</span> <span class='ocrx_word' id='word_1_28' title='bbox 1682 267 1815 302; x_wconf 87' lang='lat' dir='ltr'>talibus</span> <span class='ocrx_word' id='word_1_29' title='bbox 1832 268 1938 303; x_wconf 88' lang='lat' dir='ltr'>rebus</span> 
     </span>
     <span class='ocr_line' id='line_1_4' title="bbox 178 314 1937 364; baseline 0.004 -16"><span class='ocrx_word' id='word_1_30' title='bbox 178 314 378 358; x_wconf 84' lang='lat' dir='ltr'>defatigata</span> <span class='ocrx_word' id='word_1_31' title='bbox 405 318 440 348; x_wconf 87' lang='lat' dir='ltr'>et</span> <span class='ocrx_word' id='word_1_32' title='bbox 466 316 603 355; x_wconf 84' lang='lat' dir='ltr'>obtusa,</span> <span class='ocrx_word' id='word_1_33' title='bbox 639 316 741 360; x_wconf 85' lang='lat' dir='ltr'>plura</span> <span class='ocrx_word' id='word_1_34' title='bbox 768 316 904 359; x_wconf 81' lang='lat' dir='ltr'>fingere</span> <span class='ocrx_word' id='word_1_35' title='bbox 932 316 989 350; x_wconf 91' lang='lat' dir='ltr'>vel</span> <span class='ocrx_word' id='word_1_36' title='bbox 1016 317 1140 351; x_wconf 87' lang='lat' dir='ltr'>edocta</span> <span class='ocrx_word' id='word_1_37' title='bbox 1167 317 1292 359; x_wconf 85' lang='lat' dir='ltr'>noluit,</span> <span class='ocrx_word' id='word_1_38' title='bbox 1319 319 1376 352; x_wconf 86' lang='lat' dir='ltr'>vel</span> <span class='ocrx_word' id='word_1_39' title='bbox 1404 331 1471 353; x_wconf 91' lang='lat' dir='ltr'>non</span> <span class='ocrx_word' id='word_1_40' title='bbox 1498 319 1634 364; x_wconf 90' lang='lat' dir='ltr'>potuit:</span> <span class='ocrx_word' id='word_1_41' title='bbox 1671 318 1787 360; x_wconf 82' lang='lat' dir='ltr'>Quare</span> <span class='ocrx_word' id='word_1_42' title='bbox 1813 321 1937 355; x_wconf 84' lang='lat' dir='ltr'>statim</span> 
     </span>
     <span class='ocr_line' id='line_1_5' title="bbox 177 368 1938 417; baseline 0.004 -17"><span class='ocrx_word' id='word_1_43' title='bbox 177 368 417 411; x_wconf 79' lang='lat' dir='ltr'>superstitiosi</span> <span class='ocrx_word' id='word_1_44' title='bbox 446 369 479 401; x_wconf 87' lang='lat' dir='ltr'>in</span> <span class='ocrx_word' id='word_1_45' title='bbox 507 369 789 410; x_wconf 70' lang='lat' dir='ltr'>cacmlemonem,</span> <span class='ocrx_word' id='word_1_46' title='bbox 826 370 885 413; x_wconf 92' lang='lat' dir='ltr'>qui</span> <span class='ocrx_word' id='word_1_47' title='bbox 913 370 1053 404; x_wconf 89' lang='lat' dir='ltr'>scilicet</span> <span class='ocrx_word' id='word_1_48' title='bbox 1078 370 1315 415; x_wconf 80' lang='lat' dir='ltr'>praeluberet‚</span> <span class='ocrx_word' id='word_1_49' title='bbox 1350 384 1393 405; x_wconf 90' lang='lat' dir='ltr'>ne</span> <span class='ocrx_word' id='word_1_50' title='bbox 1427 372 1580 417; x_wconf 88' lang='lat' dir='ltr'>amplius</span> <span class='ocrx_word' id='word_1_51' title='bbox 1607 372 1765 406; x_wconf 87' lang='lat' dir='ltr'>archana</span> <span class='ocrx_word' id='word_1_52' title='bbox 1790 373 1866 414; x_wconf 87' lang='lat' dir='ltr'>Dei,</span> <span class='ocrx_word' id='word_1_53' title='bbox 1902 376 1938 408; x_wconf 85' lang='lat' dir='ltr'>et</span> 
     </span>
     <span class='ocr_line' id='line_1_6' title="bbox 178 421 1938 471; baseline 0.004 -17"><span class='ocrx_word' id='word_1_54' title='bbox 178 431 269 464; x_wconf 88' lang='lat' dir='ltr'>quae</span> <span class='ocrx_word' id='word_1_55' title='bbox 304 421 346 455; x_wconf 87' lang='lat' dir='ltr'>ad</span> <span class='ocrx_word' id='word_1_56' title='bbox 382 422 653 466; x_wconf 80' lang='lat' dir='ltr'>promerendam</span> <span class='ocrx_word' id='word_1_57' title='bbox 689 422 800 456; x_wconf 87' lang='lat' dir='ltr'>uitam</span> <span class='ocrx_word' id='word_1_58' title='bbox 837 425 1018 456; x_wconf 74' lang='lat' dir='ltr'>aeternam</span> <span class='ocrx_word' id='word_1_59' title='bbox 1045 424 1266 468; x_wconf 86' lang='lat' dir='ltr'>pertinerent</span> <span class='ocrx_word' id='word_1_60' title='bbox 1291 424 1505 469; x_wconf 76' lang='lat' dir='ltr'>loqueretur,</span> <span class='ocrx_word' id='word_1_61' title='bbox 1542 437 1687 460; x_wconf 83' lang='lat' dir='ltr'>causam</span> <span class='ocrx_word' id='word_1_62' title='bbox 1722 425 1938 471; x_wconf 84' lang='lat' dir='ltr'>reijcientes,</span> 
     </span>
     <span class='ocr_line' id='line_1_7' title="bbox 176 474 1934 523; baseline 0.005 -17"><span class='ocrx_word' id='word_1_63' title='bbox 176 476 346 507; x_wconf 87' lang='lat' dir='ltr'>curarunt</span> <span class='ocrx_word' id='word_1_64' title='bbox 381 476 420 508; x_wconf 89' lang='lat' dir='ltr'>ut</span> <span class='ocrx_word' id='word_1_65' title='bbox 446 474 488 508; x_wconf 83' lang='lat'>21</span> <span class='ocrx_word' id='word_1_66' title='bbox 528 474 613 508; x_wconf 88' lang='lat' dir='ltr'>dicti</span> <span class='ocrx_word' id='word_1_67' title='bbox 641 475 761 520; x_wconf 86' lang='lat' dir='ltr'>Martij</span> <span class='ocrx_word' id='word_1_68' title='bbox 798 475 853 510; x_wconf 90' lang='lat' dir='ltr'>die</span> <span class='ocrx_word' id='word_1_69' title='bbox 888 477 1035 510; x_wconf 83' lang='lat' dir='ltr'>tertium</span> <span class='ocrx_word' id='word_1_70' title='bbox 1061 477 1193 510; x_wconf 87' lang='lat' dir='ltr'>misera</span> <span class='ocrx_word' id='word_1_71' title='bbox 1229 489 1270 511; x_wconf 90' lang='lat' dir='ltr'>ea</span> <span class='ocrx_word' id='word_1_72' title='bbox 1295 478 1415 522; x_wconf 90' lang='lat' dir='ltr'>puella</span> <span class='ocrx_word' id='word_1_73' title='bbox 1450 490 1513 523; x_wconf 88' lang='lat' dir='ltr'>per</span> <span class='ocrx_word' id='word_1_74' title='bbox 1548 479 1580 513; x_wconf 92' lang='lat' dir='ltr'>d:</span> <span class='ocrx_word' id='word_1_75' title='bbox 1617 478 1934 514; x_wconf 85' lang='lat' dir='ltr'>Scheibenhartum</span> 
     </span>
     <span class='ocr_line' id='line_1_8' title="bbox 177 526 1935 576; baseline 0.004 -17"><span class='ocrx_word' id='word_1_76' title='bbox 177 526 361 560; x_wconf 85' lang='lat' dir='ltr'>coniurata</span> <span class='ocrx_word' id='word_1_77' title='bbox 388 529 436 561; x_wconf 88' lang='lat' dir='ltr'>sit</span> <span class='ocrx_word' id='word_1_78' title='bbox 452 529 470 569; x_wconf 87' lang='lat'>¹,</span> <span class='ocrx_word' id='word_1_79' title='bbox 507 527 692 572; x_wconf 87' lang='lat' dir='ltr'>ipsiusque</span> <span class='ocrx_word' id='word_1_80' title='bbox 728 529 939 563; x_wconf 80' lang='lat' dir='ltr'>exorcismis</span> <span class='ocrx_word' id='word_1_81' title='bbox 974 529 1018 564; x_wconf 89' lang='lat' dir='ltr'>ab</span> <span class='ocrx_word' id='word_1_82' title='bbox 1050 530 1231 564; x_wconf 87' lang='lat' dir='ltr'>immundo</span> <span class='ocrx_word' id='word_1_83' title='bbox 1264 543 1304 565; x_wconf 91' lang='lat' dir='ltr'>eo</span> <span class='ocrx_word' id='word_1_84' title='bbox 1330 531 1461 576; x_wconf 85' lang='lat' dir='ltr'>spiritu</span> <span class='ocrx_word' id='word_1_85' title='bbox 1487 531 1637 565; x_wconf 86' lang='lat' dir='ltr'>liberata</span> <span class='ocrx_word' id='word_1_86' title='bbox 1664 532 1832 566; x_wconf 83' lang='lat' dir='ltr'>credatur</span> <span class='ocrx_word' id='word_1_87' title='bbox 1858 545 1935 567; x_wconf 89' lang='lat' dir='ltr'>uer-</span> 
     </span>
    </p>
   </div>
   <div class='ocr_carea' id='block_1_3' title="bbox 176 580 1936 680">
    <p class='ocr_par' dir='ltr' id='par_1_3' title="bbox 176 580 1936 680">
     <span class='ocr_line' id='line_1_9' title="bbox 176 580 1936 629; baseline 0.005 -17"><span class='ocrx_word' id='word_1_88' title='bbox 176 590 254 612; x_wconf 89' lang='lat' dir='ltr'>sum</span> <span class='ocrx_word' id='word_1_89' title='bbox 290 580 442 624; x_wconf 89' lang='lat' dir='ltr'>primum</span> <span class='ocrx_word' id='word_1_90' title='bbox 480 581 608 625; x_wconf 80' lang='lat' dir='ltr'>psalmi</span> <span class='ocrx_word' id='word_1_91' title='bbox 646 582 689 615; x_wconf 82' lang='lat'>67</span> <span class='ocrx_word' id='word_1_92' title='bbox 723 581 774 615; x_wconf 89' lang='lat' dir='ltr'>illi</span> <span class='ocrx_word' id='word_1_93' title='bbox 811 583 844 615; x_wconf 89' lang='lat' dir='ltr'>in</span> <span class='ocrx_word' id='word_1_94' title='bbox 880 594 1002 616; x_wconf 88' lang='lat' dir='ltr'>aurem</span> <span class='ocrx_word' id='word_1_95' title='bbox 1039 583 1236 617; x_wconf 77' lang='lat' dir='ltr'>dieend0⁴⁴²</span> <span class='ocrx_word' id='word_1_96' title='bbox 1266 584 1326 627; x_wconf 84' lang='lat' dir='ltr'>(ex</span> <span class='ocrx_word' id='word_1_97' title='bbox 1352 584 1546 618; x_wconf 85' lang='lat' dir='ltr'>Annalium</span> <span class='ocrx_word' id='word_1_98' title='bbox 1581 585 1744 629; x_wconf 77' lang='lat' dir='ltr'>exemplo</span> <span class='ocrx_word' id='word_1_99' title='bbox 1770 585 1936 620; x_wconf 85' lang='lat' dir='ltr'>vaticano</span> 
     </span>
     <span class='ocr_line' id='line_1_10' title="bbox 176 631 1155 680; baseline 0.005 -15"><span class='ocrx_word' id='word_1_100' title='bbox 176 631 235 675; x_wconf 86' lang='lat' dir='ltr'>[cf.</span> <span class='ocrx_word' id='word_1_101' title='bbox 258 633 344 667; x_wconf 77' lang='lat' dir='ltr'>Can.</span> <span class='ocrx_word' id='word_1_102' title='bbox 365 633 414 667; x_wconf 92' lang='lat' dir='ltr'>IV</span> <span class='ocrx_word' id='word_1_103' title='bbox 432 633 527 678; x_wconf 79' lang='lat'>807]‚</span> <span class='ocrx_word' id='word_1_104' title='bbox 556 634 639 669; x_wconf 88' lang='lat' dir='ltr'>Cod.</span> <span class='ocrx_word' id='word_1_105' title='bbox 670 635 767 677; x_wconf 85' lang='lat' dir='ltr'>„Pal.</span> <span class='ocrx_word' id='word_1_106' title='bbox 796 635 856 669; x_wconf 84' lang='lat' dir='ltr'>lat.</span> <span class='ocrx_word' id='word_1_107' title='bbox 885 636 974 670; x_wconf 64' lang='grc' dir='ltr'>913*ι</span> <span class='ocrx_word' id='word_1_108' title='bbox 1005 648 1037 680; x_wconf 92' lang='lat' dir='ltr'>p.</span> <span class='ocrx_word' id='word_1_109' title='bbox 1058 636 1155 680; x_wconf 79' lang='lat'>677).</span> 
     </span>
    </p>
   </div>
   <div class='ocr_carea' id='block_1_4' title="bbox 169 705 1937 960">
    <p class='ocr_par' dir='ltr' id='par_1_4' title="bbox 169 705 1937 960">
     <span class='ocr_line' id='line_1_11' title="bbox 299 705 1937 752; baseline 0.003 -15"><span class='ocrx_word' id='word_1_110' title='bbox 299 705 394 746; x_wconf 74' lang='lat' dir='ltr'>Quae</span> <span class='ocrx_word' id='word_1_111' title='bbox 421 706 460 738; x_wconf 91' lang='lat' dir='ltr'>P.</span> <span class='ocrx_word' id='word_1_112' title='bbox 488 706 639 748; x_wconf 80' lang='lat' dir='ltr'>Hoffaeo</span> <span class='ocrx_word' id='word_1_113' title='bbox 666 708 944 750; x_wconf 72' lang='lat' dir='ltr'>committuntur,</span> <span class='ocrx_word' id='word_1_114' title='bbox 983 708 1151 741; x_wconf 75' lang='lat' dir='ltr'>Cunisius</span> <span class='ocrx_word' id='word_1_115' title='bbox 1175 709 1226 741; x_wconf 77' lang='lat' dir='ltr'>vel</span> <span class='ocrx_word' id='word_1_116' title='bbox 1250 709 1384 751; x_wconf 67' lang='lat' dir='ltr'>inteyre</span> <span class='ocrx_word' id='word_1_117' title='bbox 1417 709 1467 741; x_wconf 72' lang='lat' dir='ltr'>vel</span> <span class='ocrx_word' id='word_1_118' title='bbox 1502 720 1544 741; x_wconf 65' lang='lat' dir='ltr'>ea:</span> <span class='ocrx_word' id='word_1_119' title='bbox 1574 713 1680 751; x_wconf 75' lang='lat' dir='ltr'>parte</span> <span class='ocrx_word' id='word_1_120' title='bbox 1710 713 1937 752; x_wconf 54' lang='lat' dir='ltr'>emmaum,-</span> 
     </span>
     <span class='ocr_line' id='line_1_12' title="bbox 175 757 1936 805; baseline 0.003 -16"><span class='ocrx_word' id='word_1_121' title='bbox 175 757 360 798; x_wconf 73' lang='lat' dir='ltr'>epz&#39;stulczm</span> <span class='ocrx_word' id='word_1_122' title='bbox 386 759 566 791; x_wconf 60' lang='lat' dir='ltr'>Bae-ariae</span> <span class='ocrx_word' id='word_1_123' title='bbox 591 760 675 792; x_wconf 73' lang='lat' dir='ltr'>duci</span> <span class='ocrx_word' id='word_1_124' title='bbox 700 761 911 793; x_wconf 69' lang='lat' dir='ltr'>destinatam</span> <span class='ocrx_word' id='word_1_125' title='bbox 938 761 1022 803; x_wconf 66' lang='lat' dir='ltr'>Zeyet</span> <span class='ocrx_word' id='word_1_126' title='bbox 1056 765 1086 793; x_wconf 80' lang='lat' dir='ltr'>et</span> <span class='ocrx_word' id='word_1_127' title='bbox 1118 762 1203 794; x_wconf 73' lang='lat' dir='ltr'>duci</span> <span class='ocrx_word' id='word_1_128' title='bbox 1226 763 1358 803; x_wconf 70' lang='lat' dir='ltr'>miltet;</span> <span class='ocrx_word' id='word_1_129' title='bbox 1393 773 1500 805; x_wconf 77' lang='lat' dir='ltr'>neque</span> <span class='ocrx_word' id='word_1_130' title='bbox 1534 762 1677 805; x_wconf 66' lang='lat' dir='ltr'>timebit,</span> <span class='ocrx_word' id='word_1_131' title='bbox 1715 773 1756 794; x_wconf 81' lang='lat' dir='ltr'>ne</span> <span class='ocrx_word' id='word_1_132' title='bbox 1783 763 1936 795; x_wconf 76' lang='lat' dir='ltr'>Societas</span> 
     </span>
     <span class='ocr_line' id='line_1_13' title="bbox 173 811 1936 858; baseline 0.003 -16"><span class='ocrx_word' id='word_1_133' title='bbox 173 811 295 852; x_wconf 74' lang='lat' dir='ltr'>stipem</span> <span class='ocrx_word' id='word_1_134' title='bbox 318 813 466 853; x_wconf 77' lang='lat' dir='ltr'>petendo</span> <span class='ocrx_word' id='word_1_135' title='bbox 501 813 660 845; x_wconf 73' lang='lat' dir='ltr'>libertate</span> <span class='ocrx_word' id='word_1_136' title='bbox 694 815 891 846; x_wconf 70' lang='lat' dir='ltr'>necessaria</span> <span class='ocrx_word' id='word_1_137' title='bbox 917 816 1092 856; x_wconf 57' lang='lat' dir='ltr'>pra-elur.</span> <span class='ocrx_word' id='word_1_138' title='bbox 1145 815 1196 847; x_wconf 87' lang='lat' dir='ltr'>De</span> <span class='ocrx_word' id='word_1_139' title='bbox 1231 817 1435 848; x_wconf 72' lang='lat' dir='ltr'>exorcismis</span> <span class='ocrx_word' id='word_1_140' title='bbox 1470 819 1569 848; x_wconf 78' lang='lat' dir='ltr'>caute</span> <span class='ocrx_word' id='word_1_141' title='bbox 1606 820 1709 858; x_wconf 77' lang='lat' dir='ltr'>atque</span> <span class='ocrx_word' id='word_1_142' title='bbox 1738 816 1936 857; x_wconf 74' lang='lat' dir='ltr'>prudenter</span> 
     </span>
     <span class='ocr_line' id='line_1_14' title="bbox 174 864 1935 911; baseline 0.003 -17"><span class='ocrx_word' id='word_1_143' title='bbox 174 864 261 896; x_wconf 64' lang='lat' dir='ltr'>dicet</span> <span class='ocrx_word' id='word_1_144' title='bbox 295 869 448 908; x_wconf 73' lang='lat' dir='ltr'>ayetque,</span> <span class='ocrx_word' id='word_1_145' title='bbox 485 867 695 899; x_wconf 76' lang='lat' dir='ltr'>consulendo</span> <span class='ocrx_word' id='word_1_146' title='bbox 730 868 887 900; x_wconf 75' lang='lat' dir='ltr'>doctores</span> <span class='ocrx_word' id='word_1_147' title='bbox 920 867 1122 910; x_wconf 69' lang='lat' dir='ltr'>tlzeoloyiae.</span> <span class='ocrx_word' id='word_1_148' title='bbox 1170 868 1229 900; x_wconf 75' lang='lat' dir='ltr'>Ex</span> <span class='ocrx_word' id='word_1_149' title='bbox 1254 868 1292 901; x_wconf 93' lang='lat' dir='ltr'>P.</span> <span class='ocrx_word' id='word_1_150' title='bbox 1320 868 1473 910; x_wconf 77' lang='lat' dir='ltr'>Roseffio</span> <span class='ocrx_word' id='word_1_151' title='bbox 1506 872 1694 911; x_wconf 65' lang='lat' dir='ltr'>eoquoscet,</span> <span class='ocrx_word' id='word_1_152' title='bbox 1729 879 1815 900; x_wconf 81' lang='lat' dir='ltr'>num</span> <span class='ocrx_word' id='word_1_153' title='bbox 1850 869 1935 911; x_wconf 80' lang='lat' dir='ltr'>quid</span> 
     </span>
     <span class='ocr_line' id='line_1_15' title="bbox 169 919 1184 960; baseline 0.005 -12"><span class='ocrx_word' id='word_1_154' title='bbox 169 927 362 958; x_wconf 74' lang='lat' dir='ltr'>perperam</span> <span class='ocrx_word' id='word_1_155' title='bbox 385 919 520 960; x_wconf 79' lang='lat' dir='ltr'>factum</span> <span class='ocrx_word' id='word_1_156' title='bbox 548 920 598 951; x_wconf 74' lang='lat' dir='ltr'>vel</span> <span class='ocrx_word' id='word_1_157' title='bbox 623 920 754 952; x_wconf 77' lang='lat' dir='ltr'>dictum</span> <span class='ocrx_word' id='word_1_158' title='bbox 779 922 824 953; x_wconf 74' lang='lat' dir='ltr'>sit</span> <span class='ocrx_word' id='word_1_159' title='bbox 850 931 871 952; x_wconf 78' lang='grc' dir='ltr'><em>α</em></span> <span class='ocrx_word' id='word_1_160' title='bbox 901 921 938 954; x_wconf 90' lang='lat' dir='ltr'>P.</span> <span class='ocrx_word' id='word_1_161' title='bbox 967 921 1184 954; x_wconf 76' lang='lat' dir='ltr'>Schort&#39;chio.</span> 
     </span>
    </p>
   </div>
   <div class='ocr_carea' id='block_1_5' title="bbox 169 994 1933 1964">
    <p class='ocr_par' dir='ltr' id='par_1_5' title="bbox 173 994 1933 1117">
     <span class='ocr_line' id='line_1_16' title="bbox 292 994 1933 1051; baseline 0.003 -16"><span class='ocrx_word' id='word_1_162' title='bbox 292 994 385 1035; x_wconf 83' lang='lat' dir='ltr'>Pax</span> <span class='ocrx_word' id='word_1_163' title='bbox 410 1000 479 1037; x_wconf 80' lang='lat' dir='ltr'>etc.</span> <span class='ocrx_word' id='word_1_164' title='bbox 524 996 645 1050; x_wconf 93' lang='lat' dir='ltr'>Dopo</span> <span class='ocrx_word' id='word_1_165' title='bbox 679 1011 764 1038; x_wconf 89' lang='lat' dir='ltr'>una</span> <span class='ocrx_word' id='word_1_166' title='bbox 796 998 929 1050; x_wconf 83' lang='lat' dir='ltr'>lunga</span> <span class='ocrx_word' id='word_1_167' title='bbox 955 997 1259 1051; x_wconf 87' lang='lat' dir='ltr'>espettatione,</span> <span class='ocrx_word' id='word_1_168' title='bbox 1293 997 1474 1039; x_wconf 90' lang='lat' dir='ltr'>hauemo</span> <span class='ocrx_word' id='word_1_169' title='bbox 1498 998 1692 1041; x_wconf 85' lang='lat' dir='ltr'>riceuuto</span> <span class='ocrx_word' id='word_1_170' title='bbox 1714 998 1754 1040; x_wconf 93' lang='lat' dir='ltr'>le</span> <span class='ocrx_word' id='word_1_171' title='bbox 1777 998 1933 1040; x_wconf 87' lang='lat' dir='ltr'>lettere</span> 
     </span>
     <span class='ocr_line' id='line_1_17' title="bbox 173 1057 1493 1117; baseline 0.005 -18"><span class='ocrx_word' id='word_1_172' title='bbox 173 1057 213 1099; x_wconf 91' lang='lat' dir='ltr'>di</span> <span class='ocrx_word' id='word_1_173' title='bbox 247 1058 298 1101; x_wconf 91' lang='lat' dir='ltr'>V.</span> <span class='ocrx_word' id='word_1_174' title='bbox 332 1059 383 1102; x_wconf 84' lang='lat' dir='ltr'>R.</span> <span class='ocrx_word' id='word_1_175' title='bbox 418 1060 459 1101; x_wconf 91' lang='lat' dir='ltr'>di</span> <span class='ocrx_word' id='word_1_176' title='bbox 493 1062 560 1103; x_wconf 86' lang='lat'>29.</span> <span class='ocrx_word' id='word_1_177' title='bbox 596 1061 664 1103; x_wconf 90' lang='lat' dir='ltr'>del</span> <span class='ocrx_word' id='word_1_178' title='bbox 697 1066 886 1115; x_wconf 88' lang='lat' dir='ltr'>passato,</span> <span class='ocrx_word' id='word_1_179' title='bbox 922 1065 966 1105; x_wconf 88' lang='lat' dir='ltr'>et</span> <span class='ocrx_word' id='word_1_180' title='bbox 999 1065 1037 1105; x_wconf 84' lang='lat'>3.</span> <span class='ocrx_word' id='word_1_181' title='bbox 1072 1063 1141 1104; x_wconf 92' lang='lat' dir='ltr'>del</span> <span class='ocrx_word' id='word_1_182' title='bbox 1173 1066 1389 1117; x_wconf 86' lang='lat' dir='ltr'>presente.</span> <span class='ocrx_word' id='word_1_183' title='bbox 1416 1098 1423 1105; x_wconf 92' lang='lat'>.</span> <span class='ocrx_word' id='word_1_184' title='bbox 1451 1098 1459 1105; x_wconf 97' lang='lat'>.</span> <span class='ocrx_word' id='word_1_185' title='bbox 1486 1098 1493 1106; x_wconf 93' lang='lat'>.</span> 
     </span>
    </p>

    <p class='ocr_par' dir='ltr' id='par_1_6' title="bbox 169 1124 1933 1819">
     <span class='ocr_line' id='line_1_18' title="bbox 289 1124 1933 1183; baseline 0.003 -18"><span class='ocrx_word' id='word_1_186' title='bbox 289 1124 389 1165; x_wconf 91' lang='lat' dir='ltr'>Non</span> <span class='ocrx_word' id='word_1_187' title='bbox 429 1125 682 1180; x_wconf 85' lang='lat' dir='ltr'>rispondero</span> <span class='ocrx_word' id='word_1_188' title='bbox 724 1141 802 1180; x_wconf 90' lang='lat' dir='ltr'>per</span> <span class='ocrx_word' id='word_1_189' title='bbox 843 1127 996 1169; x_wconf 87' lang='lat' dir='ltr'>adesso</span> <span class='ocrx_word' id='word_1_190' title='bbox 1038 1130 1064 1169; x_wconf 82' lang='lat' dir='ltr'>a</span> <span class='ocrx_word' id='word_1_191' title='bbox 1096 1129 1201 1171; x_wconf 89' lang='lat' dir='ltr'>tutti</span> <span class='ocrx_word' id='word_1_192' title='bbox 1233 1128 1261 1169; x_wconf 94' lang='lat' dir='ltr'>li</span> <span class='ocrx_word' id='word_1_193' title='bbox 1294 1128 1415 1183; x_wconf 90' lang='lat' dir='ltr'>punti</span> <span class='ocrx_word' id='word_1_194' title='bbox 1451 1128 1561 1169; x_wconf 88' lang='lat' dir='ltr'>delle</span> <span class='ocrx_word' id='word_1_195' title='bbox 1594 1128 1744 1170; x_wconf 89' lang='lat' dir='ltr'>ultime</span> <span class='ocrx_word' id='word_1_196' title='bbox 1776 1128 1933 1170; x_wconf 88' lang='lat' dir='ltr'>lettere</span> 
     </span>
     <span class='ocr_line' id='line_1_19' title="bbox 173 1187 1933 1247; baseline 0.003 -18"><span class='ocrx_word' id='word_1_197' title='bbox 173 1187 213 1228; x_wconf 88' lang='lat' dir='ltr'>di</span> <span class='ocrx_word' id='word_1_198' title='bbox 237 1188 287 1231; x_wconf 92' lang='lat' dir='ltr'>V.</span> <span class='ocrx_word' id='word_1_199' title='bbox 313 1189 362 1231; x_wconf 72' lang='lat' dir='ltr'>R.</span> <span class='ocrx_word' id='word_1_200' title='bbox 387 1204 457 1232; x_wconf 86' lang='lat' dir='ltr'>rna</span> <span class='ocrx_word' id='word_1_201' title='bbox 490 1191 592 1232; x_wconf 78' lang='lat' dir='ltr'>chea</span> <span class='ocrx_word' id='word_1_202' title='bbox 623 1191 908 1244; x_wconf 85' lang='lat' dir='ltr'>ringratiamo</span> <span class='ocrx_word' id='word_1_203' title='bbox 940 1192 1068 1234; x_wconf 77' lang='lat' dir='ltr'>Jddio</span> <span class='ocrx_word' id='word_1_204' title='bbox 1091 1193 1146 1235; x_wconf 88' lang='lat' dir='ltr'>N.</span> <span class='ocrx_word' id='word_1_205' title='bbox 1171 1193 1352 1247; x_wconf 81' lang='lat' dir='ltr'>Signore</span> <span class='ocrx_word' id='word_1_206' title='bbox 1385 1193 1462 1235; x_wconf 84' lang='lat' dir='ltr'>ohe</span> <span class='ocrx_word' id='word_1_207' title='bbox 1494 1193 1520 1234; x_wconf 80' lang='grc' dir='ltr'><strong>Γ</strong></span> <span class='ocrx_word' id='word_1_208' title='bbox 1539 1193 1696 1235; x_wconf 84' lang='lat' dir='ltr'>habbia</span> <span class='ocrx_word' id='word_1_209' title='bbox 1728 1194 1933 1236; x_wconf 88' lang='lat' dir='ltr'>condotto</span> 
     </span>
     <span class='ocr_line' id='line_1_20' title="bbox 171 1252 1933 1311; baseline 0.004 -18"><span class='ocrx_word' id='word_1_210' title='bbox 171 1252 292 1295; x_wconf 87' lang='lat' dir='ltr'>saluo</span> <span class='ocrx_word' id='word_1_211' title='bbox 334 1253 376 1295; x_wconf 91' lang='lat' dir='ltr'>in</span> <span class='ocrx_word' id='word_1_212' title='bbox 417 1255 552 1310; x_wconf 89' lang='lat' dir='ltr'>tempi</span> <span class='ocrx_word' id='word_1_213' title='bbox 594 1256 708 1298; x_wconf 87' lang='lat' dir='ltr'>assai</span> <span class='ocrx_word' id='word_1_214' title='bbox 751 1258 854 1300; x_wconf 85' lang='lat' dir='ltr'>forti</span> <span class='ocrx_word' id='word_1_215' title='bbox 895 1257 1195 1309; x_wconf 84' lang='lat' dir='ltr'>d’inuernata‚</span> <span class='ocrx_word' id='word_1_216' title='bbox 1239 1258 1277 1300; x_wconf 84' lang='lat' dir='ltr'>d&#39;</span> <span class='ocrx_word' id='word_1_217' title='bbox 1296 1258 1407 1300; x_wconf 85' lang='lat' dir='ltr'>altre</span> <span class='ocrx_word' id='word_1_218' title='bbox 1449 1272 1548 1300; x_wconf 84' lang='lat' dir='ltr'>cose</span> <span class='ocrx_word' id='word_1_219' title='bbox 1590 1258 1667 1299; x_wconf 89' lang='lat' dir='ltr'>che</span> <span class='ocrx_word' id='word_1_220' title='bbox 1704 1258 1745 1299; x_wconf 91' lang='lat' dir='ltr'>in</span> <span class='ocrx_word' id='word_1_221' title='bbox 1779 1261 1933 1311; x_wconf 85' lang='lat' dir='ltr'>questa</span> 
     </span>
     <span class='ocr_line' id='line_1_21' title="bbox 170 1318 1933 1377; baseline 0.003 -18"><span class='ocrx_word' id='word_1_222' title='bbox 170 1318 310 1371; x_wconf 85' lang='lat' dir='ltr'>potrei</span> <span class='ocrx_word' id='word_1_223' title='bbox 343 1319 434 1361; x_wconf 88' lang='lat' dir='ltr'>dire</span> <span class='ocrx_word' id='word_1_224' title='bbox 466 1321 524 1362; x_wconf 88' lang='lat' dir='ltr'>mi</span> <span class='ocrx_word' id='word_1_225' title='bbox 557 1335 732 1363; x_wconf 88' lang='lat' dir='ltr'>scusaro</span> <span class='ocrx_word' id='word_1_226' title='bbox 767 1323 807 1364; x_wconf 83' lang='lat' dir='ltr'>di</span> <span class='ocrx_word' id='word_1_227' title='bbox 841 1322 951 1364; x_wconf 86' lang='lat' dir='ltr'>farlo</span> <span class='ocrx_word' id='word_1_228' title='bbox 985 1337 1064 1364; x_wconf 87' lang='lat' dir='ltr'>con</span> <span class='ocrx_word' id='word_1_229' title='bbox 1097 1324 1138 1365; x_wconf 90' lang='lat' dir='ltr'>la</span> <span class='ocrx_word' id='word_1_230' title='bbox 1161 1323 1327 1365; x_wconf 85' lang='lat' dir='ltr'>inclusa</span> <span class='ocrx_word' id='word_1_231' title='bbox 1358 1337 1435 1377; x_wconf 89' lang='lat' dir='ltr'>per</span> <span class='ocrx_word' id='word_1_232' title='bbox 1456 1323 1485 1364; x_wconf 91' lang='lat' dir='ltr'>il</span> <span class='ocrx_word' id='word_1_233' title='bbox 1508 1323 1555 1365; x_wconf 89' lang='lat' dir='ltr'>P.</span> <span class='ocrx_word' id='word_1_234' title='bbox 1582 1323 1726 1373; x_wconf 75' lang='lat' dir='ltr'>Paulo,</span> <span class='ocrx_word' id='word_1_235' title='bbox 1760 1323 1933 1376; x_wconf 85' lang='lat' dir='ltr'>laquale</span> 
     </span>
     <span class='ocr_line' id='line_1_22' title="bbox 171 1383 1932 1441; baseline 0.003 -17"><span class='ocrx_word' id='word_1_236' title='bbox 171 1383 222 1425; x_wconf 90' lang='lat' dir='ltr'>V.</span> <span class='ocrx_word' id='word_1_237' title='bbox 246 1383 297 1426; x_wconf 81' lang='lat' dir='ltr'>R.</span> <span class='ocrx_word' id='word_1_238' title='bbox 321 1385 481 1427; x_wconf 89' lang='lat' dir='ltr'>uedera</span> <span class='ocrx_word' id='word_1_239' title='bbox 494 1387 522 1436; x_wconf 72' lang='lat'>3,</span> <span class='ocrx_word' id='word_1_240' title='bbox 557 1389 600 1428; x_wconf 89' lang='lat' dir='ltr'>et</span> <span class='ocrx_word' id='word_1_241' title='bbox 631 1387 703 1440; x_wconf 85' lang='lat' dir='ltr'>poi</span> <span class='ocrx_word' id='word_1_242' title='bbox 725 1387 803 1429; x_wconf 90' lang='lat' dir='ltr'>che</span> <span class='ocrx_word' id='word_1_243' title='bbox 825 1388 865 1429; x_wconf 91' lang='lat' dir='ltr'>lo</span> <span class='ocrx_word' id='word_1_244' title='bbox 889 1389 985 1430; x_wconf 93' lang='lat' dir='ltr'>uole</span> <span class='ocrx_word' id='word_1_245' title='bbox 1008 1388 1237 1441; x_wconf 84' lang='lat' dir='ltr'>allegerire</span> <span class='ocrx_word' id='word_1_246' title='bbox 1260 1389 1357 1430; x_wconf 83' lang='lat' dir='ltr'>dela</span> <span class='ocrx_word' id='word_1_247' title='bbox 1380 1388 1627 1431; x_wconf 87' lang='lat' dir='ltr'>esecutione</span> <span class='ocrx_word' id='word_1_248' title='bbox 1650 1388 1718 1429; x_wconf 90' lang='lat' dir='ltr'>del</span> <span class='ocrx_word' id='word_1_249' title='bbox 1741 1402 1932 1441; x_wconf 85' lang='lat' dir='ltr'>gouerno</span> 
     </span>
     <span class='ocr_line' id='line_1_23' title="bbox 170 1450 1931 1507; baseline 0.004 -18"><span class='ocrx_word' id='word_1_250' title='bbox 170 1462 246 1502; x_wconf 87' lang='lat' dir='ltr'>per</span> <span class='ocrx_word' id='word_1_251' title='bbox 279 1453 432 1502; x_wconf 87' lang='lat' dir='ltr'>questa</span> <span class='ocrx_word' id='word_1_252' title='bbox 465 1450 731 1503; x_wconf 85' lang='lat' dir='ltr'>Quaresima‚</span> <span class='ocrx_word' id='word_1_253' title='bbox 774 1454 814 1494; x_wconf 89' lang='lat' dir='ltr'>lo</span> <span class='ocrx_word' id='word_1_254' title='bbox 857 1453 1057 1506; x_wconf 81' lang='lat' dir='ltr'>eseguira</span> <span class='ocrx_word' id='word_1_255' title='bbox 1097 1453 1140 1494; x_wconf 91' lang='lat' dir='ltr'>in</span> <span class='ocrx_word' id='word_1_256' title='bbox 1182 1455 1307 1507; x_wconf 87' lang='lat' dir='ltr'>parte</span> <span class='ocrx_word' id='word_1_257' title='bbox 1341 1467 1364 1495; x_wconf 95' lang='lat' dir='ltr'>o</span> <span class='ocrx_word' id='word_1_258' title='bbox 1396 1453 1439 1494; x_wconf 87' lang='lat' dir='ltr'>in</span> <span class='ocrx_word' id='word_1_259' title='bbox 1471 1456 1588 1496; x_wconf 89' lang='lat' dir='ltr'>tutto</span> <span class='ocrx_word' id='word_1_260' title='bbox 1622 1467 1741 1495; x_wconf 86' lang='lat' dir='ltr'>come</span> <span class='ocrx_word' id='word_1_261' title='bbox 1773 1454 1931 1507; x_wconf 83' lang='lat' dir='ltr'>meglio</span> 
     </span>
     <span class='ocr_line' id='line_1_24' title="bbox 169 1512 1931 1572; baseline 0.003 -18"><span class='ocrx_word' id='word_1_262' title='bbox 169 1512 196 1554; x_wconf 94' lang='lat' dir='ltr'>li</span> <span class='ocrx_word' id='word_1_263' title='bbox 230 1528 385 1567; x_wconf 86' lang='lat' dir='ltr'>parera</span> <span class='ocrx_word' id='word_1_264' title='bbox 415 1515 459 1557; x_wconf 88' lang='lat' dir='ltr'>in</span> <span class='ocrx_word' id='word_1_265' title='bbox 482 1516 679 1567; x_wconf 90' lang='lat' dir='ltr'>Domino,</span> <span class='ocrx_word' id='word_1_266' title='bbox 714 1518 870 1560; x_wconf 87' lang='lat' dir='ltr'>uedera</span> <span class='ocrx_word' id='word_1_267' title='bbox 904 1519 1040 1560; x_wconf 83' lang='lat' dir='ltr'>auehe</span> <span class='ocrx_word' id='word_1_268' title='bbox 1072 1519 1115 1560; x_wconf 87' lang='lat' dir='ltr'>la</span> <span class='ocrx_word' id='word_1_269' title='bbox 1147 1518 1306 1560; x_wconf 85' lang='lat' dir='ltr'>lettera</span> <span class='ocrx_word' id='word_1_270' title='bbox 1337 1532 1415 1572; x_wconf 91' lang='lat' dir='ltr'>per</span> <span class='ocrx_word' id='word_1_271' title='bbox 1446 1518 1471 1559; x_wconf 83' lang='lat' dir='ltr'>l’</span> <span class='ocrx_word' id='word_1_272' title='bbox 1492 1518 1788 1560; x_wconf 90' lang='lat' dir='ltr'>Illustrissimo</span> <span class='ocrx_word' id='word_1_273' title='bbox 1812 1519 1931 1561; x_wconf 86' lang='lat' dir='ltr'>Duca</span> 
     </span>
     <span class='ocr_line' id='line_1_25' title="bbox 171 1579 1931 1637; baseline 0.003 -18"><span class='ocrx_word' id='word_1_274' title='bbox 171 1579 210 1619; x_wconf 89' lang='lat' dir='ltr'>di</span> <span class='ocrx_word' id='word_1_275' title='bbox 244 1580 431 1622; x_wconf 86' lang='lat' dir='ltr'>Bauiera</span> <span class='ocrx_word' id='word_1_276' title='bbox 445 1582 472 1632; x_wconf 82' lang='lat'>4,</span> <span class='ocrx_word' id='word_1_277' title='bbox 517 1585 561 1624; x_wconf 89' lang='lat' dir='ltr'>et</span> <span class='ocrx_word' id='word_1_278' title='bbox 593 1582 724 1635; x_wconf 83' lang='lat' dir='ltr'>gliela</span> <span class='ocrx_word' id='word_1_279' title='bbox 755 1586 883 1637; x_wconf 87' lang='lat' dir='ltr'>potra</span> <span class='ocrx_word' id='word_1_280' title='bbox 915 1584 1097 1625; x_wconf 86' lang='lat' dir='ltr'>mandar</span> <span class='ocrx_word' id='word_1_281' title='bbox 1129 1587 1311 1633; x_wconf 86' lang='lat' dir='ltr'>serrata,</span> <span class='ocrx_word' id='word_1_282' title='bbox 1346 1586 1391 1625; x_wconf 91' lang='lat' dir='ltr'>et</span> <span class='ocrx_word' id='word_1_283' title='bbox 1422 1597 1507 1625; x_wconf 90' lang='lat' dir='ltr'>non</span> <span class='ocrx_word' id='word_1_284' title='bbox 1540 1587 1659 1626; x_wconf 84' lang='lat' dir='ltr'>terna</span> <span class='ocrx_word' id='word_1_285' title='bbox 1690 1584 1743 1626; x_wconf 89' lang='lat' dir='ltr'>V.</span> <span class='ocrx_word' id='word_1_286' title='bbox 1768 1583 1817 1626; x_wconf 80' lang='lat' dir='ltr'>R.</span> <span class='ocrx_word' id='word_1_287' title='bbox 1853 1584 1931 1625; x_wconf 89' lang='lat' dir='ltr'>che</span> 
     </span>
     <span class='ocr_line' id='line_1_26' title="bbox 169 1643 1930 1703; baseline 0.003 -18"><span class='ocrx_word' id='word_1_288' title='bbox 169 1643 206 1685; x_wconf 91' lang='lat' dir='ltr'>si</span> <span class='ocrx_word' id='word_1_289' title='bbox 238 1644 320 1686; x_wconf 90' lang='lat' dir='ltr'>ben</span> <span class='ocrx_word' id='word_1_290' title='bbox 352 1645 388 1687; x_wconf 92' lang='lat' dir='ltr'>si</span> <span class='ocrx_word' id='word_1_291' title='bbox 419 1648 634 1697; x_wconf 84' lang='lat' dir='ltr'>trattassi‚</span> <span class='ocrx_word' id='word_1_292' title='bbox 669 1648 720 1689; x_wconf 89' lang='lat' dir='ltr'>de</span> <span class='ocrx_word' id='word_1_293' title='bbox 753 1648 888 1690; x_wconf 86' lang='lat' dir='ltr'>hauer</span> <span class='ocrx_word' id='word_1_294' title='bbox 920 1649 1074 1691; x_wconf 87' lang='lat' dir='ltr'>alcuna</span> <span class='ocrx_word' id='word_1_295' title='bbox 1108 1648 1343 1690; x_wconf 87' lang='lat' dir='ltr'>elemosina</span> <span class='ocrx_word' id='word_1_296' title='bbox 1376 1648 1417 1690; x_wconf 88' lang='lat' dir='ltr'>di</span> <span class='ocrx_word' id='word_1_297' title='bbox 1441 1662 1536 1690; x_wconf 90' lang='lat' dir='ltr'>esso</span> <span class='ocrx_word' id='word_1_298' title='bbox 1551 1650 1579 1699; x_wconf 81' lang='lat'>5,</span> <span class='ocrx_word' id='word_1_299' title='bbox 1615 1649 1650 1690; x_wconf 91' lang='lat' dir='ltr'>si</span> <span class='ocrx_word' id='word_1_300' title='bbox 1682 1649 1866 1703; x_wconf 86' lang='lat' dir='ltr'>perdera</span> <span class='ocrx_word' id='word_1_301' title='bbox 1888 1649 1930 1691; x_wconf 87' lang='lat' dir='ltr'>la</span> 
     </span>
     <span class='ocr_line' id='line_1_27' title="bbox 169 1708 1931 1768; baseline 0.003 -18"><span class='ocrx_word' id='word_1_302' title='bbox 169 1708 326 1753; x_wconf 75' lang='lat' dir='ltr'>liberta</span> <span class='ocrx_word' id='word_1_303' title='bbox 353 1711 395 1752; x_wconf 91' lang='lat' dir='ltr'>di</span> <span class='ocrx_word' id='word_1_304' title='bbox 417 1711 486 1753; x_wconf 88' lang='lat' dir='ltr'>far</span> <span class='ocrx_word' id='word_1_305' title='bbox 506 1713 547 1754; x_wconf 91' lang='lat' dir='ltr'>le</span> <span class='ocrx_word' id='word_1_306' title='bbox 570 1727 669 1754; x_wconf 88' lang='lat' dir='ltr'>cose</span> <span class='ocrx_word' id='word_1_307' title='bbox 692 1713 770 1755; x_wconf 87' lang='lat' dir='ltr'>che</span> <span class='ocrx_word' id='word_1_308' title='bbox 793 1728 1073 1767; x_wconf 85' lang='lat' dir='ltr'>conuengono</span> <span class='ocrx_word' id='word_1_309' title='bbox 1105 1728 1183 1768; x_wconf 87' lang='lat' dir='ltr'>per</span> <span class='ocrx_word' id='word_1_310' title='bbox 1214 1713 1242 1755; x_wconf 91' lang='lat' dir='ltr'>il</span> <span class='ocrx_word' id='word_1_311' title='bbox 1275 1714 1452 1756; x_wconf 85' lang='lat' dir='ltr'>seruitio</span> <span class='ocrx_word' id='word_1_312' title='bbox 1487 1714 1525 1755; x_wconf 82' lang='lat' dir='ltr'>d&#39;</span> <span class='ocrx_word' id='word_1_313' title='bbox 1544 1714 1671 1756; x_wconf 82' lang='lat' dir='ltr'>Jddio</span> <span class='ocrx_word' id='word_1_314' title='bbox 1705 1717 1748 1756; x_wconf 89' lang='lat' dir='ltr'>et</span> <span class='ocrx_word' id='word_1_315' title='bbox 1780 1716 1931 1756; x_wconf 88' lang='lat' dir='ltr'>nostro</span> 
     </span>
     <span class='ocr_line' id='line_1_28' title="bbox 170 1773 383 1819; baseline 0.014 -4"><span class='ocrx_word' id='word_1_316' title='bbox 170 1773 383 1819; x_wconf 85' lang='lat' dir='ltr'>institutO.</span> 
     </span>
    </p>

    <p class='ocr_par' dir='ltr' id='par_1_7' title="bbox 173 1840 1931 1964">
     <span class='ocr_line' id='line_1_29' title="bbox 289 1840 1928 1898; baseline 0.002 -16"><span class='ocrx_word' id='word_1_317' title='bbox 289 1840 412 1883; x_wconf 89' lang='lat' dir='ltr'>Circa</span> <span class='ocrx_word' id='word_1_318' title='bbox 433 1841 464 1883; x_wconf 91' lang='grc'>11</span> <span class='ocrx_word' id='word_1_319' title='bbox 486 1843 731 1885; x_wconf 87' lang='lat' dir='ltr'>essorcismi</span> <span class='ocrx_word' id='word_1_320' title='bbox 746 1845 773 1894; x_wconf 75' lang='grc'>6,</span> <span class='ocrx_word' id='word_1_321' title='bbox 808 1844 923 1887; x_wconf 89' lang='lat' dir='ltr'>usati</span> <span class='ocrx_word' id='word_1_322' title='bbox 945 1859 1025 1887; x_wconf 88' lang='grc'><strong>6011</strong></span> <span class='ocrx_word' id='word_1_323' title='bbox 1048 1844 1189 1898; x_wconf 84' lang='lat' dir='ltr'>quelle</span> <span class='ocrx_word' id='word_1_324' title='bbox 1221 1858 1405 1898; x_wconf 86' lang='lat' dir='ltr'>persone</span> <span class='ocrx_word' id='word_1_325' title='bbox 1427 1843 1627 1898; x_wconf 87' lang='lat' dir='ltr'>spiritate</span> <span class='ocrx_word' id='word_1_326' title='bbox 1650 1844 1693 1885; x_wconf 90' lang='lat' dir='ltr'>in</span> <span class='ocrx_word' id='word_1_327' title='bbox 1715 1844 1928 1897; x_wconf 88' lang='lat' dir='ltr'>Augusta,</span> 
     </span>
     <span class='ocr_line' id='line_1_30' title="bbox 173 1904 1931 1964; baseline 0.003 -18"><span class='ocrx_word' id='word_1_328' title='bbox 173 1904 221 1947; x_wconf 93' lang='lat' dir='ltr'>V.</span> <span class='ocrx_word' id='word_1_329' title='bbox 245 1905 295 1947; x_wconf 89' lang='lat' dir='ltr'>R.</span> <span class='ocrx_word' id='word_1_330' title='bbox 320 1906 405 1948; x_wconf 85' lang='lat' dir='ltr'>stia</span> <span class='ocrx_word' id='word_1_331' title='bbox 437 1920 566 1960; x_wconf 91' lang='lat' dir='ltr'>sopra</span> <span class='ocrx_word' id='word_1_332' title='bbox 598 1908 638 1949; x_wconf 87' lang='lat' dir='ltr'>di</span> <span class='ocrx_word' id='word_1_333' title='bbox 671 1923 731 1959; x_wconf 84' lang='lat' dir='ltr'>se,</span> <span class='ocrx_word' id='word_1_334' title='bbox 766 1909 835 1951; x_wconf 88' lang='lat' dir='ltr'>all’</span> <span class='ocrx_word' id='word_1_335' title='bbox 855 1923 1072 1964; x_wconf 88' lang='lat' dir='ltr'>approuar</span> <span class='ocrx_word' id='word_1_336' title='bbox 1104 1924 1128 1951; x_wconf 94' lang='lat' dir='ltr'>o</span> <span class='ocrx_word' id='word_1_337' title='bbox 1160 1909 1378 1963; x_wconf 88' lang='lat' dir='ltr'>improuar</span> <span class='ocrx_word' id='word_1_338' title='bbox 1411 1909 1475 1951; x_wconf 90' lang='grc'>610</span> <span class='ocrx_word' id='word_1_339' title='bbox 1509 1909 1586 1952; x_wconf 88' lang='grc'><strong>6116</strong></span> <span class='ocrx_word' id='word_1_340' title='bbox 1618 1909 1654 1950; x_wconf 91' lang='lat' dir='ltr'>si</span> <span class='ocrx_word' id='word_1_341' title='bbox 1687 1911 1709 1951; x_wconf 80' lang='lat' dir='ltr'>e</span> <span class='ocrx_word' id='word_1_342' title='bbox 1741 1909 1853 1952; x_wconf 87' lang='lat' dir='ltr'>fatto</span> <span class='ocrx_word' id='word_1_343' title='bbox 1887 1911 1931 1951; x_wconf 91' lang='lat' dir='ltr'>et</span> 
     </span>
    </p>
   </div>
   <div class='ocr_carea' id='block_1_6' title="bbox 289 1987 1047 2021">
    <p class='ocr_par' dir='ltr' id='par_1_8' title="bbox 289 1987 1047 2021">
     <span class='ocr_line' id='line_1_31' title="bbox 289 1987 1047 2021; baseline 0.007 -11"><span class='ocrx_word' id='word_1_344' title='bbox 289 1987 316 2017; x_wconf 82' lang='lat' dir='ltr'>a)</span> <span class='ocrx_word' id='word_1_345' title='bbox 343 1988 403 2011; x_wconf 84' lang='lat' dir='ltr'>Hoc</span> <span class='ocrx_word' id='word_1_346' title='bbox 423 1995 446 2013; x_wconf 82' lang='lat' dir='ltr'>v.</span> <span class='ocrx_word' id='word_1_347' title='bbox 467 1988 496 2012; x_wconf 79' lang='lat' dir='ltr'>in</span> <span class='ocrx_word' id='word_1_348' title='bbox 518 1996 565 2019; x_wconf 71' lang='lat' dir='ltr'>ap.</span> <span class='ocrx_word' id='word_1_349' title='bbox 584 1996 678 2020; x_wconf 73' lang='lat' dir='ltr'>supra</span> <span class='ocrx_word' id='word_1_350' title='bbox 698 1998 811 2014; x_wconf 81' lang='lat' dir='ltr'>versum</span> <span class='ocrx_word' id='word_1_351' title='bbox 833 1990 975 2021; x_wconf 71' lang='lat' dir='ltr'>scriptum</span> <span class='ocrx_word' id='word_1_352' title='bbox 996 1994 1047 2015; x_wconf 80' lang='lat' dir='ltr'>est.</span> 
     </span>
    </p>
   </div>
   <div class='ocr_carea' id='block_1_7' title="bbox 168 2070 1930 3126">
    <p class='ocr_par' dir='ltr' id='par_1_9' title="bbox 170 2070 1930 2171">
     <span class='ocr_line' id='line_1_32' title="bbox 292 2070 1930 2118; baseline 0.001 -13"><span class='ocrx_word' id='word_1_353' title='bbox 292 2071 301 2090; x_wconf 83' lang='lat'><strong>¹</strong></span> <span class='ocrx_word' id='word_1_354' title='bbox 328 2070 459 2105; x_wconf 88' lang='lat' dir='ltr'>Doctor</span> <span class='ocrx_word' id='word_1_355' title='bbox 485 2072 606 2106; x_wconf 86' lang='lat' dir='ltr'>Simon</span> <span class='ocrx_word' id='word_1_356' title='bbox 624 2072 883 2106; x_wconf 83' lang='lat' dir='ltr'>Scheibenhart</span> <span class='ocrx_word' id='word_1_357' title='bbox 911 2072 1083 2107; x_wconf 85' lang='lat' dir='ltr'>ecclesiae</span> <span class='ocrx_word' id='word_1_358' title='bbox 1109 2073 1142 2107; x_wconf 83' lang='lat' dir='ltr'>S.</span> <span class='ocrx_word' id='word_1_359' title='bbox 1162 2073 1323 2106; x_wconf 88' lang='lat' dir='ltr'>Mauritii</span> <span class='ocrx_word' id='word_1_360' title='bbox 1350 2073 1543 2107; x_wconf 87' lang='lat' dir='ltr'>canonicus</span> <span class='ocrx_word' id='word_1_361' title='bbox 1569 2075 1604 2107; x_wconf 90' lang='lat' dir='ltr'>et</span> <span class='ocrx_word' id='word_1_362' title='bbox 1629 2072 1807 2118; x_wconf 85' lang='lat' dir='ltr'>parochus</span> <span class='ocrx_word' id='word_1_363' title='bbox 1833 2074 1930 2113; x_wconf 87' lang='lat' dir='ltr'>erat;</span> 
     </span>
     <span class='ocr_line' id='line_1_33' title="bbox 170 2123 1410 2171; baseline 0.002 -14"><span class='ocrx_word' id='word_1_364' title='bbox 170 2123 271 2168; x_wconf 86' lang='lat' dir='ltr'>plura</span> <span class='ocrx_word' id='word_1_365' title='bbox 298 2124 341 2158; x_wconf 87' lang='lat' dir='ltr'>de</span> <span class='ocrx_word' id='word_1_366' title='bbox 367 2136 408 2158; x_wconf 93' lang='lat' dir='ltr'>eo</span> <span class='ocrx_word' id='word_1_367' title='bbox 433 2137 468 2159; x_wconf 91' lang='lat' dir='ltr'>v.</span> <span class='ocrx_word' id='word_1_368' title='bbox 491 2127 576 2160; x_wconf 80' lang='lat' dir='ltr'>Can.</span> <span class='ocrx_word' id='word_1_369' title='bbox 596 2125 646 2160; x_wconf 87' lang='lat' dir='ltr'>IV</span> <span class='ocrx_word' id='word_1_370' title='bbox 665 2126 764 2166; x_wconf 78' lang='lat'>807³;</span> <span class='ocrx_word' id='word_1_371' title='bbox 793 2128 829 2160; x_wconf 87' lang='lat' dir='ltr'>et</span> <span class='ocrx_word' id='word_1_372' title='bbox 855 2126 900 2160; x_wconf 87' lang='lat' dir='ltr'>cf.</span> <span class='ocrx_word' id='word_1_373' title='bbox 928 2137 1036 2171; x_wconf 88' lang='lat' dir='ltr'>supra</span> <span class='ocrx_word' id='word_1_374' title='bbox 1062 2138 1094 2171; x_wconf 86' lang='lat' dir='ltr'>p.</span> <span class='ocrx_word' id='word_1_375' title='bbox 1115 2126 1181 2160; x_wconf 84' lang='lat'>221</span> <span class='ocrx_word' id='word_1_376' title='bbox 1210 2126 1410 2160; x_wconf 85' lang='grc'><strong>226-227.</strong></span> 
     </span>
    </p>

    <p class='ocr_par' dir='ltr' id='par_1_10' title="bbox 168 2177 1930 2809">
     <span class='ocr_line' id='line_1_34' title="bbox 289 2177 1930 2224; baseline 0 -12"><span class='ocrx_word' id='word_1_377' title='bbox 289 2177 302 2197; x_wconf 75' lang='lat'>2</span> <span class='ocrx_word' id='word_1_378' title='bbox 331 2178 518 2219; x_wconf 81' lang='lat' dir='ltr'>„Psalmus</span> <span class='ocrx_word' id='word_1_379' title='bbox 545 2178 684 2213; x_wconf 83' lang='lat' dir='ltr'>Cantici</span> <span class='ocrx_word' id='word_1_380' title='bbox 711 2179 778 2224; x_wconf 88' lang='lat' dir='ltr'>ipsi</span> <span class='ocrx_word' id='word_1_381' title='bbox 804 2179 932 2213; x_wconf 90' lang='lat' dir='ltr'>David.</span> <span class='ocrx_word' id='word_1_382' title='bbox 968 2179 1153 2222; x_wconf 85' lang='lat' dir='ltr'>Exsurgat</span> <span class='ocrx_word' id='word_1_383' title='bbox 1181 2179 1287 2220; x_wconf 83' lang='lat' dir='ltr'>Deus,</span> <span class='ocrx_word' id='word_1_384' title='bbox 1314 2182 1350 2213; x_wconf 89' lang='lat' dir='ltr'>et</span> <span class='ocrx_word' id='word_1_385' title='bbox 1376 2180 1596 2224; x_wconf 85' lang='lat' dir='ltr'>dissipentur</span> <span class='ocrx_word' id='word_1_386' title='bbox 1620 2178 1754 2212; x_wconf 85' lang='lat' dir='ltr'>inimici</span> <span class='ocrx_word' id='word_1_387' title='bbox 1781 2178 1867 2220; x_wconf 86' lang='lat' dir='ltr'>eius,</span> <span class='ocrx_word' id='word_1_388' title='bbox 1895 2180 1930 2212; x_wconf 90' lang='lat' dir='ltr'>et</span> 
     </span>
     <span class='ocr_line' id='line_1_35' title="bbox 170 2230 1930 2276; baseline 0.001 -13"><span class='ocrx_word' id='word_1_389' title='bbox 170 2230 322 2274; x_wconf 82' lang='lat' dir='ltr'>fugiant,</span> <span class='ocrx_word' id='word_1_390' title='bbox 354 2233 414 2275; x_wconf 88' lang='lat' dir='ltr'>qui</span> <span class='ocrx_word' id='word_1_391' title='bbox 441 2232 593 2266; x_wconf 89' lang='lat' dir='ltr'>oderunt</span> <span class='ocrx_word' id='word_1_392' title='bbox 618 2244 709 2271; x_wconf 85' lang='lat' dir='ltr'>eum,</span> <span class='ocrx_word' id='word_1_393' title='bbox 736 2244 756 2265; x_wconf 87' lang='lat' dir='ltr'>a</span> <span class='ocrx_word' id='word_1_394' title='bbox 782 2232 874 2266; x_wconf 86' lang='lat' dir='ltr'>facie</span> <span class='ocrx_word' id='word_1_395' title='bbox 901 2233 996 2266; x_wconf 81' lang='lat' dir='ltr'>eius“</span> <span class='ocrx_word' id='word_1_396' title='bbox 1028 2232 1092 2276; x_wconf 89' lang='lat' dir='ltr'>(Ps</span> <span class='ocrx_word' id='word_1_397' title='bbox 1111 2233 1166 2274; x_wconf 81' lang='lat'>67,</span> <span class='ocrx_word' id='word_1_398' title='bbox 1187 2233 1237 2275; x_wconf 85' lang='lat'>2).</span> <span class='ocrx_word' id='word_1_399' title='bbox 1284 2233 1322 2266; x_wconf 90' lang='lat' dir='ltr'>ln</span> <span class='ocrx_word' id='word_1_400' title='bbox 1350 2233 1506 2276; x_wconf 82' lang='lat' dir='ltr'>gothano</span> <span class='ocrx_word' id='word_1_401' title='bbox 1534 2244 1675 2276; x_wconf 83' lang='lat' dir='ltr'>quoque</span> <span class='ocrx_word' id='word_1_402' title='bbox 1701 2232 1762 2266; x_wconf 91' lang='lat' dir='ltr'>illo</span> <span class='ocrx_word' id='word_1_403' title='bbox 1791 2230 1930 2272; x_wconf 86' lang='lat' dir='ltr'>Codice,</span> 
     </span>
     <span class='ocr_line' id='line_1_36' title="bbox 169 2284 1929 2330; baseline 0.001 -14"><span class='ocrx_word' id='word_1_404' title='bbox 169 2295 214 2317; x_wconf 86' lang='lat' dir='ltr'>ex</span> <span class='ocrx_word' id='word_1_405' title='bbox 241 2295 310 2327; x_wconf 94' lang='lat' dir='ltr'>quo</span> <span class='ocrx_word' id='word_1_406' title='bbox 336 2286 564 2319; x_wconf 75' lang='lat' dir='ltr'>Menckenius</span> <span class='ocrx_word' id='word_1_407' title='bbox 598 2285 662 2319; x_wconf 92' lang='lat' dir='ltr'>hos</span> <span class='ocrx_word' id='word_1_408' title='bbox 689 2285 838 2320; x_wconf 79' lang='lat' dir='ltr'>Gassari</span> <span class='ocrx_word' id='word_1_409' title='bbox 869 2285 1066 2327; x_wconf 79' lang='lat' dir='ltr'>„Annales“</span> <span class='ocrx_word' id='word_1_410' title='bbox 1097 2286 1195 2330; x_wconf 82' lang='lat' dir='ltr'>typis</span> <span class='ocrx_word' id='word_1_411' title='bbox 1223 2286 1416 2330; x_wconf 79' lang='lat' dir='ltr'>exscripsit</span> <span class='ocrx_word' id='word_1_412' title='bbox 1444 2286 1482 2328; x_wconf 92' lang='lat' dir='ltr'>(l.</span> <span class='ocrx_word' id='word_1_413' title='bbox 1511 2298 1540 2319; x_wconf 90' lang='lat' dir='ltr'>c.</span> <span class='ocrx_word' id='word_1_414' title='bbox 1568 2286 1581 2318; x_wconf 93' lang='lat' dir='ltr'>l</span> <span class='ocrx_word' id='word_1_415' title='bbox 1611 2285 1730 2329; x_wconf 83' lang='lat'>1924),</span> <span class='ocrx_word' id='word_1_416' title='bbox 1765 2284 1854 2318; x_wconf 88' lang='lat' dir='ltr'>haec</span> <span class='ocrx_word' id='word_1_417' title='bbox 1886 2284 1929 2318; x_wconf 88' lang='lat' dir='ltr'>de</span> 
     </span>
     <span class='ocr_line' id='line_1_37' title="bbox 174 2336 1926 2384; baseline -0.001 -13"><span class='ocrx_word' id='word_1_418' title='bbox 174 2336 389 2377; x_wconf 80' lang='lat' dir='ltr'>„Catharina</span> <span class='ocrx_word' id='word_1_419' title='bbox 416 2339 625 2373; x_wconf 83' lang='lat' dir='ltr'>Guetlebia“</span> <span class='ocrx_word' id='word_1_420' title='bbox 659 2340 723 2381; x_wconf 88' lang='lat' dir='ltr'>(ita</span> <span class='ocrx_word' id='word_1_421' title='bbox 750 2339 1001 2381; x_wconf 88' lang='lat' dir='ltr'>Menckenius)</span> <span class='ocrx_word' id='word_1_422' title='bbox 1029 2339 1156 2373; x_wconf 89' lang='lat' dir='ltr'>relatio</span> <span class='ocrx_word' id='word_1_423' title='bbox 1183 2340 1299 2384; x_wconf 88' lang='lat' dir='ltr'>posita</span> <span class='ocrx_word' id='word_1_424' title='bbox 1327 2341 1390 2380; x_wconf 86' lang='lat' dir='ltr'>est,</span> <span class='ocrx_word' id='word_1_425' title='bbox 1419 2339 1469 2373; x_wconf 89' lang='lat' dir='ltr'>ita</span> <span class='ocrx_word' id='word_1_426' title='bbox 1494 2341 1626 2380; x_wconf 85' lang='lat' dir='ltr'>tamen,</span> <span class='ocrx_word' id='word_1_427' title='bbox 1652 2341 1692 2372; x_wconf 75' lang='lat' dir='ltr'>ut</span> <span class='ocrx_word' id='word_1_428' title='bbox 1717 2350 1786 2372; x_wconf 88' lang='lat' dir='ltr'>non</span> <span class='ocrx_word' id='word_1_429' title='bbox 1812 2337 1926 2371; x_wconf 87' lang='lat' dir='ltr'>solum</span> 
     </span>
     <span class='ocr_line' id='line_1_38' title="bbox 168 2391 1927 2437; baseline 0.001 -14"><span class='ocrx_word' id='word_1_430' title='bbox 168 2391 202 2423; x_wconf 90' lang='lat' dir='ltr'>in</span> <span class='ocrx_word' id='word_1_431' title='bbox 241 2391 404 2435; x_wconf 88' lang='lat' dir='ltr'>plurimis</span> <span class='ocrx_word' id='word_1_432' title='bbox 442 2392 581 2433; x_wconf 78' lang='lat' dir='ltr'>verbis,</span> <span class='ocrx_word' id='word_1_433' title='bbox 620 2393 682 2426; x_wconf 88' lang='lat' dir='ltr'>sed</span> <span class='ocrx_word' id='word_1_434' title='bbox 722 2393 830 2426; x_wconf 88' lang='lat' dir='ltr'>etiam</span> <span class='ocrx_word' id='word_1_435' title='bbox 867 2393 901 2426; x_wconf 91' lang='lat' dir='ltr'>in</span> <span class='ocrx_word' id='word_1_436' title='bbox 940 2392 1047 2426; x_wconf 88' lang='lat' dir='ltr'>rebus</span> <span class='ocrx_word' id='word_1_437' title='bbox 1085 2392 1223 2436; x_wconf 82' lang='lat' dir='ltr'>aliquot</span> <span class='ocrx_word' id='word_1_438' title='bbox 1255 2404 1275 2426; x_wconf 87' lang='lat' dir='ltr'>a</span> <span class='ocrx_word' id='word_1_439' title='bbox 1311 2392 1439 2427; x_wconf 84' lang='lat' dir='ltr'>Codice</span> <span class='ocrx_word' id='word_1_440' title='bbox 1477 2392 1820 2437; x_wconf 86' lang='lat' dir='ltr'>palatino—vaticano</span> <span class='ocrx_word' id='word_1_441' title='bbox 1859 2391 1927 2425; x_wconf 91' lang='lat' dir='ltr'>dis—</span> 
     </span>
     <span class='ocr_line' id='line_1_39' title="bbox 168 2444 1926 2490; baseline 0.001 -13"><span class='ocrx_word' id='word_1_442' title='bbox 168 2448 308 2488; x_wconf 84' lang='lat' dir='ltr'>crepet;</span> <span class='ocrx_word' id='word_1_443' title='bbox 336 2445 438 2479; x_wconf 88' lang='lat' dir='ltr'>velut</span> <span class='ocrx_word' id='word_1_444' title='bbox 463 2447 506 2479; x_wconf 91' lang='lat' dir='ltr'>de</span> <span class='ocrx_word' id='word_1_445' title='bbox 532 2457 641 2480; x_wconf 90' lang='lat' dir='ltr'>versu</span> <span class='ocrx_word' id='word_1_446' title='bbox 667 2445 727 2479; x_wconf 90' lang='lat' dir='ltr'>illo</span> <span class='ocrx_word' id='word_1_447' title='bbox 754 2446 801 2479; x_wconf 90' lang='lat' dir='ltr'>Ps</span> <span class='ocrx_word' id='word_1_448' title='bbox 829 2446 884 2486; x_wconf 84' lang='lat'>67,</span> <span class='ocrx_word' id='word_1_449' title='bbox 913 2446 951 2486; x_wconf 92' lang='grc'>2;</span> <span class='ocrx_word' id='word_1_450' title='bbox 988 2457 1103 2490; x_wconf 90' lang='lat' dir='ltr'>neque</span> <span class='ocrx_word' id='word_1_451' title='bbox 1131 2446 1223 2479; x_wconf 90' lang='lat' dir='ltr'>enim</span> <span class='ocrx_word' id='word_1_452' title='bbox 1251 2448 1427 2488; x_wconf 82' lang='lat' dir='ltr'>narratur,</span> <span class='ocrx_word' id='word_1_453' title='bbox 1455 2445 1775 2480; x_wconf 83' lang='lat' dir='ltr'>Scheibenhartum</span> <span class='ocrx_word' id='word_1_454' title='bbox 1801 2456 1841 2478; x_wconf 92' lang='lat' dir='ltr'>eo</span> <span class='ocrx_word' id='word_1_455' title='bbox 1868 2444 1926 2478; x_wconf 90' lang='lat' dir='ltr'>ad—</span> 
     </span>
     <span class='ocr_line' id='line_1_40' title="bbox 169 2497 1924 2542; baseline 0.001 -12"><span class='ocrx_word' id='word_1_456' title='bbox 169 2509 296 2531; x_wconf 86' lang='lat' dir='ltr'>versus</span> <span class='ocrx_word' id='word_1_457' title='bbox 322 2498 528 2532; x_wconf 88' lang='lat' dir='ltr'>daemonem</span> <span class='ocrx_word' id='word_1_458' title='bbox 555 2510 659 2533; x_wconf 89' lang='lat' dir='ltr'>usum</span> <span class='ocrx_word' id='word_1_459' title='bbox 687 2510 784 2539; x_wconf 89' lang='lat' dir='ltr'>esse;</span> <span class='ocrx_word' id='word_1_460' title='bbox 821 2499 883 2532; x_wconf 91' lang='lat' dir='ltr'>sed</span> <span class='ocrx_word' id='word_1_461' title='bbox 911 2498 1132 2533; x_wconf 81' lang='lat' dir='ltr'>affirmatur:</span> <span class='ocrx_word' id='word_1_462' title='bbox 1167 2499 1337 2533; x_wconf 90' lang='lat' dir='ltr'>Ioannem</span> <span class='ocrx_word' id='word_1_463' title='bbox 1363 2499 1568 2542; x_wconf 82' lang='lat' dir='ltr'>Fuggerum</span> <span class='ocrx_word' id='word_1_464' title='bbox 1595 2497 1810 2532; x_wconf 88' lang='lat' dir='ltr'>Catharinae</span> <span class='ocrx_word' id='word_1_465' title='bbox 1846 2509 1924 2531; x_wconf 87' lang='lat' dir='ltr'>eum</span> 
     </span>
     <span class='ocr_line' id='line_1_41' title="bbox 175 2546 1926 2597; baseline 0 -13"><span class='ocrx_word' id='word_1_466' title='bbox 175 2550 484 2591; x_wconf 74' lang='lat' dir='ltr'>„insusurrand0“‚</span> <span class='ocrx_word' id='word_1_467' title='bbox 520 2564 582 2597; x_wconf 91' lang='lat' dir='ltr'>pro</span> <span class='ocrx_word' id='word_1_468' title='bbox 618 2546 733 2586; x_wconf 87' lang='lat' dir='ltr'>lubitu</span> <span class='ocrx_word' id='word_1_469' title='bbox 765 2552 1028 2596; x_wconf 81' lang='lat' dir='ltr'>„paroxismos“</span> <span class='ocrx_word' id='word_1_470' title='bbox 1058 2552 1139 2586; x_wconf 92' lang='lat' dir='ltr'>illos</span> <span class='ocrx_word' id='word_1_471' title='bbox 1169 2564 1271 2594; x_wconf 82' lang='lat' dir='ltr'>„cum</span> <span class='ocrx_word' id='word_1_472' title='bbox 1305 2553 1519 2597; x_wconf 87' lang='lat' dir='ltr'>stupiditate</span> <span class='ocrx_word' id='word_1_473' title='bbox 1545 2552 1654 2586; x_wconf 87' lang='lat' dir='ltr'>totius</span> <span class='ocrx_word' id='word_1_474' title='bbox 1681 2551 1840 2596; x_wconf 87' lang='lat' dir='ltr'>corporis</span> <span class='ocrx_word' id='word_1_475' title='bbox 1874 2551 1926 2585; x_wconf 91' lang='lat' dir='ltr'>illi</span> 
     </span>
     <span class='ocr_line' id='line_1_42' title="bbox 169 2604 1925 2649; baseline 0.001 -13"><span class='ocrx_word' id='word_1_476' title='bbox 169 2604 355 2637; x_wconf 79' lang='lat' dir='ltr'>inducere“</span> <span class='ocrx_word' id='word_1_477' title='bbox 386 2606 556 2649; x_wconf 89' lang='lat' dir='ltr'>potuisse.</span> <span class='ocrx_word' id='word_1_478' title='bbox 603 2605 818 2639; x_wconf 87' lang='lat' dir='ltr'>Catharinae</span> <span class='ocrx_word' id='word_1_479' title='bbox 853 2607 974 2639; x_wconf 88' lang='lat' dir='ltr'>autem</span> <span class='ocrx_word' id='word_1_480' title='bbox 1005 2606 1235 2647; x_wconf 84' lang='lat' dir='ltr'>„confessarii</span> <span class='ocrx_word' id='word_1_481' title='bbox 1352 2608 1473 2639; x_wconf 86' lang='lat' dir='ltr'>astute</span> <span class='ocrx_word' id='word_1_482' title='bbox 1499 2606 1686 2644; x_wconf 81' lang='lat' dir='ltr'>curarunt,</span> <span class='ocrx_word' id='word_1_483' title='bbox 1723 2609 1761 2638; x_wconf 89' lang='lat' dir='ltr'>ut</span> <span class='ocrx_word' id='word_1_484' title='bbox 1795 2604 1925 2638; x_wconf 83' lang='lat' dir='ltr'>misera</span> 
     </span>
     <span class='ocr_line' id='line_1_43' title="bbox 170 2656 1925 2703; baseline 0.001 -14"><span class='ocrx_word' id='word_1_485' title='bbox 170 2667 211 2689; x_wconf 78' lang='lat' dir='ltr'>ea</span> <span class='ocrx_word' id='word_1_486' title='bbox 237 2656 354 2700; x_wconf 91' lang='lat' dir='ltr'>puella</span> <span class='ocrx_word' id='word_1_487' title='bbox 381 2658 474 2692; x_wconf 86' lang='lat' dir='ltr'>XXI.</span> <span class='ocrx_word' id='word_1_488' title='bbox 503 2658 558 2692; x_wconf 89' lang='lat' dir='ltr'>die</span> <span class='ocrx_word' id='word_1_489' title='bbox 576 2659 697 2692; x_wconf 90' lang='lat' dir='ltr'>Martii</span> <span class='ocrx_word' id='word_1_490' title='bbox 724 2659 870 2692; x_wconf 87' lang='lat' dir='ltr'>tertium</span> <span class='ocrx_word' id='word_1_491' title='bbox 898 2670 960 2703; x_wconf 90' lang='lat' dir='ltr'>per</span> <span class='ocrx_word' id='word_1_492' title='bbox 986 2659 1176 2693; x_wconf 89' lang='lat' dir='ltr'>Doctorem</span> <span class='ocrx_word' id='word_1_493' title='bbox 1203 2658 1531 2693; x_wconf 85' lang='lat' dir='ltr'>Scheibenhardum</span> <span class='ocrx_word' id='word_1_494' title='bbox 1558 2658 1754 2699; x_wconf 87' lang='lat' dir='ltr'>coniurata,</span> <span class='ocrx_word' id='word_1_495' title='bbox 1781 2669 1801 2691; x_wconf 89' lang='lat' dir='ltr'>a</span> <span class='ocrx_word' id='word_1_496' title='bbox 1827 2657 1925 2701; x_wconf 90' lang='lat' dir='ltr'>quin-</span> 
     </span>
     <span class='ocr_line' id='line_1_44' title="bbox 170 2710 1925 2757; baseline 0.001 -15"><span class='ocrx_word' id='word_1_497' title='bbox 170 2720 237 2752; x_wconf 90' lang='lat' dir='ltr'>que</span> <span class='ocrx_word' id='word_1_498' title='bbox 264 2710 454 2744; x_wconf 89' lang='lat' dir='ltr'>immundis</span> <span class='ocrx_word' id='word_1_499' title='bbox 480 2712 665 2755; x_wconf 88' lang='lat' dir='ltr'>spiritibus</span> <span class='ocrx_word' id='word_1_500' title='bbox 691 2712 843 2746; x_wconf 86' lang='lat' dir='ltr'>liberata</span> <span class='ocrx_word' id='word_1_501' title='bbox 870 2712 981 2746; x_wconf 87' lang='lat' dir='ltr'>fuisse</span> <span class='ocrx_word' id='word_1_502' title='bbox 1008 2713 1189 2757; x_wconf 79' lang='lat' dir='ltr'>putetur“.</span> <span class='ocrx_word' id='word_1_503' title='bbox 1237 2712 1334 2753; x_wconf 81' lang='lat' dir='ltr'>Quae</span> <span class='ocrx_word' id='word_1_504' title='bbox 1361 2723 1450 2756; x_wconf 87' lang='lat' dir='ltr'>pene</span> <span class='ocrx_word' id='word_1_505' title='bbox 1476 2711 1520 2744; x_wconf 89' lang='lat' dir='ltr'>ad</span> <span class='ocrx_word' id='word_1_506' title='bbox 1547 2711 1695 2745; x_wconf 86' lang='lat' dir='ltr'>verbum</span> <span class='ocrx_word' id='word_1_507' title='bbox 1722 2711 1925 2754; x_wconf 85' lang='lat' dir='ltr'>germanice</span> 
     </span>
     <span class='ocr_line' id='line_1_45' title="bbox 170 2762 1501 2809; baseline 0.003 -15"><span class='ocrx_word' id='word_1_508' title='bbox 170 2762 280 2795; x_wconf 86' lang='lat' dir='ltr'>vertit</span> <span class='ocrx_word' id='word_1_509' title='bbox 307 2764 512 2797; x_wconf 73' lang='lat' dir='ltr'>Hartnmnn</span> <span class='ocrx_word' id='word_1_510' title='bbox 540 2764 562 2797; x_wconf 94' lang='lat' dir='ltr'>l.</span> <span class='ocrx_word' id='word_1_511' title='bbox 588 2776 616 2799; x_wconf 90' lang='grc'>6.</span> <span class='ocrx_word' id='word_1_512' title='bbox 639 2765 724 2805; x_wconf 84' lang='grc'><strong>125;</strong></span> <span class='ocrx_word' id='word_1_513' title='bbox 752 2765 803 2798; x_wconf 82' lang='grc'>161</span> <span class='ocrx_word' id='word_1_514' title='bbox 829 2776 1004 2798; x_wconf 88' lang='lat' dir='ltr'>summam</span> <span class='ocrx_word' id='word_1_515' title='bbox 1032 2765 1151 2809; x_wconf 90' lang='lat' dir='ltr'>posuit</span> <span class='ocrx_word' id='word_1_516' title='bbox 1177 2767 1305 2799; x_wconf 75' lang='lat' dir='ltr'>Stetten</span> <span class='ocrx_word' id='word_1_517' title='bbox 1331 2765 1353 2798; x_wconf 93' lang='lat' dir='ltr'>l.</span> <span class='ocrx_word' id='word_1_518' title='bbox 1374 2776 1403 2798; x_wconf 89' lang='lat' dir='ltr'>c.</span> <span class='ocrx_word' id='word_1_519' title='bbox 1423 2765 1501 2798; x_wconf 77' lang='lat'>587.</span> 
     </span>
    </p>

    <p class='ocr_par' dir='ltr' id='par_1_11' title="bbox 170 2816 1926 2914">
     <span class='ocr_line' id='line_1_46' title="bbox 290 2816 1926 2862; baseline 0.001 -14"><span class='ocrx_word' id='word_1_520' title='bbox 290 2817 301 2834; x_wconf 78' lang='lat'><strong>³</strong></span> <span class='ocrx_word' id='word_1_521' title='bbox 328 2816 417 2849; x_wconf 90' lang='lat' dir='ltr'>Vide</span> <span class='ocrx_word' id='word_1_522' title='bbox 443 2828 534 2859; x_wconf 88' lang='lat' dir='ltr'>quae</span> <span class='ocrx_word' id='word_1_523' title='bbox 569 2829 613 2851; x_wconf 86' lang='lat' dir='ltr'>ex</span> <span class='ocrx_word' id='word_1_524' title='bbox 648 2817 715 2851; x_wconf 89' lang='lat' dir='ltr'>hac</span> <span class='ocrx_word' id='word_1_525' title='bbox 747 2817 903 2862; x_wconf 84' lang='lat' dir='ltr'>epistula</span> <span class='ocrx_word' id='word_1_526' title='bbox 938 2818 982 2852; x_wconf 86' lang='lat' dir='ltr'>ad</span> <span class='ocrx_word' id='word_1_527' title='bbox 1017 2818 1058 2853; x_wconf 84' lang='lat' dir='ltr'>P.</span> <span class='ocrx_word' id='word_1_528' title='bbox 1085 2817 1238 2852; x_wconf 90' lang='lat' dir='ltr'>Paulum</span> <span class='ocrx_word' id='word_1_529' title='bbox 1264 2818 1451 2851; x_wconf 87' lang='lat' dir='ltr'>Hoffaeum</span> <span class='ocrx_word' id='word_1_530' title='bbox 1477 2817 1814 2861; x_wconf 86' lang='lat' dir='ltr'>viceprovincialem</span> <span class='ocrx_word' id='word_1_531' title='bbox 1842 2817 1926 2851; x_wconf 85' lang='lat' dir='ltr'>data</span> 
     </span>
     <span class='ocr_line' id='line_1_47' title="bbox 170 2867 826 2914; baseline 0.005 -13"><span class='ocrx_word' id='word_1_532' title='bbox 170 2867 234 2901; x_wconf 89' lang='lat' dir='ltr'>sub</span> <span class='ocrx_word' id='word_1_533' title='bbox 260 2868 357 2911; x_wconf 88' lang='lat' dir='ltr'>ipsas</span> <span class='ocrx_word' id='word_1_534' title='bbox 384 2868 449 2902; x_wconf 86' lang='lat' dir='ltr'>has</span> <span class='ocrx_word' id='word_1_535' title='bbox 475 2869 614 2903; x_wconf 88' lang='lat' dir='ltr'>litteras</span> <span class='ocrx_word' id='word_1_536' title='bbox 640 2874 826 2914; x_wconf 87' lang='lat' dir='ltr'>ponentur.</span> 
     </span>
    </p>

    <p class='ocr_par' dir='ltr' id='par_1_12' title="bbox 169 2921 1923 3017">
     <span class='ocr_line' id='line_1_48' title="bbox 288 2921 1923 2968; baseline 0.002 -14"><span class='ocrx_word' id='word_1_537' title='bbox 288 2923 300 2940; x_wconf 73' lang='lat'>4</span> <span class='ocrx_word' id='word_1_538' title='bbox 327 2921 381 2954; x_wconf 79' lang='lat' dir='ltr'>Ex</span> <span class='ocrx_word' id='word_1_539' title='bbox 408 2922 475 2956; x_wconf 88' lang='lat' dir='ltr'>hac</span> <span class='ocrx_word' id='word_1_540' title='bbox 501 2923 656 2966; x_wconf 83' lang='lat' dir='ltr'>epistula</span> <span class='ocrx_word' id='word_1_541' title='bbox 682 2924 725 2957; x_wconf 87' lang='lat' dir='ltr'>ad</span> <span class='ocrx_word' id='word_1_542' title='bbox 746 2924 932 2958; x_wconf 85' lang='lat' dir='ltr'>Albertum</span> <span class='ocrx_word' id='word_1_543' title='bbox 948 2924 990 2958; x_wconf 95' lang='lat' dir='ltr'>V.</span> <span class='ocrx_word' id='word_1_544' title='bbox 1017 2935 1038 2958; x_wconf 88' lang='lat' dir='ltr'>a</span> <span class='ocrx_word' id='word_1_545' title='bbox 1058 2924 1191 2968; x_wconf 84' lang='lat' dir='ltr'>Borgia</span> <span class='ocrx_word' id='word_1_546' title='bbox 1217 2924 1302 2958; x_wconf 86' lang='lat' dir='ltr'>data</span> <span class='ocrx_word' id='word_1_547' title='bbox 1327 2923 1393 2957; x_wconf 91' lang='lat' dir='ltr'>sub</span> <span class='ocrx_word' id='word_1_548' title='bbox 1419 2922 1517 2967; x_wconf 87' lang='lat' dir='ltr'>ipsas</span> <span class='ocrx_word' id='word_1_549' title='bbox 1544 2923 1609 2957; x_wconf 89' lang='lat' dir='ltr'>has</span> <span class='ocrx_word' id='word_1_550' title='bbox 1635 2923 1777 2958; x_wconf 81' lang='lat' dir='ltr'>litteras</span> <span class='ocrx_word' id='word_1_551' title='bbox 1803 2924 1923 2968; x_wconf 79' lang='lat' dir='ltr'>aliqua</span> 
     </span>
     <span class='ocr_line' id='line_1_49' title="bbox 169 2974 358 3017; baseline 0.005 -11"><span class='ocrx_word' id='word_1_552' title='bbox 169 2974 358 3017; x_wconf 88' lang='lat' dir='ltr'>proferam.</span> 
     </span>
    </p>

    <p class='ocr_par' dir='ltr' id='par_1_13' title="bbox 289 3026 1407 3075">
     <span class='ocr_line' id='line_1_50' title="bbox 289 3026 1407 3075; baseline 0.003 -16"><span class='ocrx_word' id='word_1_553' title='bbox 289 3027 301 3046; x_wconf 85' lang='lat'>⁵</span> <span class='ocrx_word' id='word_1_554' title='bbox 328 3026 396 3060; x_wconf 86' lang='lat' dir='ltr'>Pro</span> <span class='ocrx_word' id='word_1_555' title='bbox 423 3026 612 3062; x_wconf 85' lang='lat' dir='ltr'>Societatis</span> <span class='ocrx_word' id='word_1_556' title='bbox 639 3029 771 3073; x_wconf 87' lang='lat' dir='ltr'>templo</span> <span class='ocrx_word' id='word_1_557' title='bbox 797 3041 960 3070; x_wconf 82' lang='lat' dir='ltr'>roman03</span> <span class='ocrx_word' id='word_1_558' title='bbox 987 3041 1020 3064; x_wconf 89' lang='lat' dir='ltr'>v.</span> <span class='ocrx_word' id='word_1_559' title='bbox 1047 3041 1155 3074; x_wconf 88' lang='lat' dir='ltr'>supra</span> <span class='ocrx_word' id='word_1_560' title='bbox 1181 3042 1213 3075; x_wconf 92' lang='lat' dir='ltr'>p.</span> <span class='ocrx_word' id='word_1_561' title='bbox 1233 3029 1302 3063; x_wconf 89' lang='grc'>248</span> <span class='ocrx_word' id='word_1_562' title='bbox 1328 3029 1407 3063; x_wconf 83' lang='grc'><strong>251.</strong></span> 
     </span>
    </p>

    <p class='ocr_par' dir='ltr' id='par_1_14' title="bbox 289 3079 1046 3126">
     <span class='ocr_line' id='line_1_51' title="bbox 289 3079 1046 3126; baseline 0.007 -14"><span class='ocrx_word' id='word_1_563' title='bbox 289 3080 301 3099; x_wconf 76' lang='lat'><strong>⁶</strong></span> <span class='ocrx_word' id='word_1_564' title='bbox 328 3079 417 3113; x_wconf 88' lang='lat' dir='ltr'>Vide</span> <span class='ocrx_word' id='word_1_565' title='bbox 443 3079 548 3114; x_wconf 85' lang='lat' dir='ltr'>huius</span> <span class='ocrx_word' id='word_1_566' title='bbox 576 3080 750 3125; x_wconf 89' lang='lat' dir='ltr'>epistulae</span> <span class='ocrx_word' id='word_1_567' title='bbox 776 3082 1046 3126; x_wconf 87' lang='lat' dir='ltr'>praefationem.</span> 
     </span>
    </p>
   </div>
  </div>
 </body>
</html>
