2044 3335
459 77 555 112 Mon.
585 76 818 112 1014—1015
845 75 924 109 sive
949 74 1021 109 litt.
1041 73 1242 118 (9)-(10).
1287 72 1535 107 1565—1575.
1804 73 1887 114 665

112 192 199 227 Grott
225 192 292 226 den
311 192 460 234 Herren,
489 191 543 226 als
568 192 632 226 das
650 191 780 225 hochst
798 193 873 233 gut,
900 190 984 224 umb
1023 202 1077 224 we
1111 189 1191 224 shal
1225 200 1393 234 possesse
1419 186 1642 230 euerlasting
1666 186 1742 231 lyfe
1767 187 1803 220 in
1829 187 1891 221 the

109 246 187 280 sein
204 245 301 280 selbs
316 245 446 285 willen,
464 256 597 279 unsern
611 245 785 279 nechsten
801 244 887 278 aber
900 243 984 277 umb
1021 242 1215 288 kingdome
1227 242 1444 276 ofheauen.“
1470 242 1702 284 Inmarqine:
1716 240 1888 283 „Mat.22.

113 299 240 334 Gottes
278 298 398 333 willen
432 298 534 333 recht
572 298 644 332 und
680 297 877 332 Christlich
911 296 982 330 lieb
1021 290 1182 325 Luc-10·
1213 296 1302 330 Mat.
1324 295 1399 330 19.“

111 353 239 387 haben.
283 352 383 386 Zwar
408 364 483 386 wer
507 352 560 385 nit
586 351 705 392 liebet,
737 350 780 384 ob
807 362 845 384 er
870 349 981 384 schon

112 406 260 450 glaubet
292 406 365 440 und
391 405 511 447 hoffet‚
547 416 587 438 so
613 404 726 438 bleibt
752 415 790 438 er
816 403 907 437 doch
933 403 981 436 im

112 460 193 494 tod:
232 471 305 493 wer
340 459 426 493 aber
461 458 574 492 bleibt
609 458 644 491 in
683 458 745 491 der
779 456 883 497 liebe,
919 456 982 490 der

113 513 225 547 bleibt
243 513 278 546 in
298 512 396 553 Gott,
422 512 495 545 und
514 511 602 546 Grott
620 511 656 544 in
674 510 759 552 ihm,
779 510 845 544 wie
865 509 899 544 S.
920 509 979 543 Jo-

112 567 250 601 hannes
275 565 422 600 lehret.“

114 681 245 719 1014
271 683 348 716 sive
374 680 485 717 litt.
511 679 612 725 (9).
658 678 771 714 Annis
798 677 879 713 1567
905 678 943 713 et
969 675 1064 712 1568.

235 742 446 776 Catechz'smi
478 742 657 774 canisiani
690 741 731 773 de
760 740 914 783 peccatis
948 737 1138 780 expiandis
1173 737 1339 770 doctrina
1374 746 1396 768 a
1433 736 1560 769 Flavio
1598 736 1742 779 Illyrico
1780 736 1891 779 impia

113 797 259 840 (licitur,
286 807 308 828 a
333 795 556 828 Ravesleinio
579 795 780 837 professore
807 792 1003 826 lovaniensi
1028 790 1244 833 defenditur.

234 857 335 888 Anno
357 853 446 887 1566
466 852 703 897 Antverpiam
730 863 751 886 a
768 850 1055 896 protestantibus
1072 849 1237 883 arcessiti
1264 850 1350 882 sunt
1367 847 1543 882 Matthias
1562 847 1706 882 Flacius
1726 847 1894 892 illyricus

114 911 150 942 et
176 907 314 951 aliquot
339 906 399 941 alii
418 905 705 940 Lutheranorum
725 915 978 948 germanorum
997 902 1172 943 ministri;
1201 901 1326 936 horum
1345 902 1518 936 mandatu
1537 903 1573 935 et
1590 903 1732 935 nomine
1749 901 1894 936 Flacius

115 973 146 996 a.
175 961 265 995 1567
292 960 328 994 in
364 959 480 993 lucem
514 958 636 993 emisit
664 958 956 1000 „Confessionem
982 956 1230 990 Ministrorum
1258 955 1340 989 Iesu
1367 954 1512 997 Christi,
1547 955 1584 988 in
1618 954 1781 989 Ecclesia
1808 957 1894 989 Ant-

114 1013 314 1059 verpiensi,
349 1023 442 1056 quae
478 1013 714 1055 Augustanae
750 1009 974 1046 Confessioni
1010 1008 1232 1043 adsentitur“
1272 1008 1422 1052 (Preyer
1454 1008 1476 1042 I.
1504 1020 1534 1043 c.
1561 1008 1595 1042 Π
1622 1007 1720 1050 290).
1777 1008 1817 1041 In
1854 1020 1894 1042 eo

113 1067 203 1101 libro
237 1066 394 1106 Flaoius,
429 1064 598 1099 similiter
632 1067 742 1109 atque
777 1077 808 1099 a.
839 1064 929 1098 1565
966 1063 1002 1097 in
1037 1062 1127 1097 libro
1159 1061 1231 1105 „De
1267 1062 1398 1096 sectis“
1436 1062 1574 1096 fecerat
1602 1061 1710 1104 (Can.
1738 1061 1771 1095 V
1798 1062 1893 1106 796),

114 1119 325 1155 catechismi
360 1118 534 1153 canisiani
573 1119 616 1152 de
654 1119 813 1163 peccatis
857 1117 1048 1162 expiandis
1085 1115 1286 1150 doctrinam
1328 1115 1474 1160 impiam
1516 1118 1553 1149 et
1595 1115 1776 1149 ethnicam
1815 1127 1895 1150 esse

113 1172 279 1214 asseruit,
306 1173 399 1217 quod
418 1171 518 1206 nulla
543 1171 577 1205 in
606 1183 648 1205 ea
667 1171 801 1205 Christi
827 1170 886 1204 vel
912 1169 1100 1213 sanguinis
1127 1168 1260 1203 Christi
1279 1169 1413 1202 mentio
1432 1169 1546 1207 fieret,
1573 1169 1692 1202 omnia
1710 1168 1893 1202 hominum

113 1226 290 1272 operibus,
325 1225 415 1260 nihil
451 1225 585 1260 Christi
620 1225 778 1270 passioni
812 1224 1032 1258 tribueretur
1067 1225 1134 1257 etc.
1178 1222 1312 1256 Eodem
1348 1234 1434 1256 vero
1466 1234 1497 1256 a.
1519 1223 1608 1256 1567
1646 1222 1799 1256 Iudocns
1826 1221 1894 1256 Ra-

115 1283 269 1325 vesteyn
287 1279 461 1314 tiletanus
479 1278 682 1321 theologiae
708 1278 743 1311 in
762 1277 1001 1312 universitate
1019 1276 1221 1311 lovaniensi
1239 1276 1422 1321 professor
1440 1275 1590 1310 Lovanii
1610 1275 1721 1309 edidit
1746 1275 1893 1310 librum:

120 1333 384 1377 „Confessionis
419 1332 497 1366 sive
523 1331 728 1372 Doctrinae,
764 1342 856 1375 quae
891 1342 1006 1375 nuper
1041 1330 1137 1364 edita
1172 1331 1228 1363 est
1264 1341 1284 1363 a
1310 1329 1498 1369 Ministris,
1535 1329 1596 1373 qui
1631 1329 1667 1362 in
1694 1328 1895 1363 Ecclesiam

116 1387 427 1432 Antwerpiensem
453 1386 685 1430 irrepserunt,
713 1387 749 1418 et
771 1386 1008 1427 Angustanae
1036 1383 1260 1417 Confessioni
1295 1394 1334 1417 se
1361 1383 1530 1416 assentiri
1557 1383 1781 1427 profitentur,
1817 1393 1895 1416 suc-

117 1441 236 1475 cincta
254 1439 496 1474 Confutatio“.
541 1438 709 1473 Ostendit
727 1438 948 1482 Ravesteyn‚
976 1440 1159 1471 auctorem
1183 1436 1469 1479 „Confessionis⁴‘
1492 1435 1703 1470 catechismi
1722 1435 1896 1470 canisiani

116 1493 333 1528 sententiam
361 1493 559 1534 mutilasse,
586 1492 792 1533 omittendo,
821 1503 912 1535 qnae
933 1491 975 1524 de
998 1490 1161 1532 „Christo
1189 1490 1296 1524 Jesu“
1327 1501 1347 1523 a
1367 1489 1512 1524 Canisio
1539 1489 1717 1524 dicuntur.
1753 1489 1896 1523 Flacius

117 1559 156 1582 se
182 1558 337 1592 purgare
364 1548 514 1580 conatus
541 1547 596 1580 est
621 1546 658 1579 in
684 1545 774 1579 libro
805 1546 995 1587 „Defensio
1014 1543 1261 1578 Confessionis
1287 1543 1534 1577 Ministrorum
1554 1543 1579 1577 I.
1609 1542 1691 1577 Chr.
1720 1543 1895 1577 ecclesiae

119 1600 414 1645 Antwerpiensis‚
442 1611 533 1643 quae
559 1601 603 1634 A.
631 1599 669 1634 C.
696 1599 909 1638 adsentitur,
940 1600 1065 1632 contra
1091 1597 1207 1631 lodoci
1235 1597 1392 1631 Tiletani
1418 1597 1520 1631 varia
1555 1596 1797 1642 sophismata‘
1830 1596 1895 1630 Ba-

118 1654 228 1688 sileae
255 1665 286 1688 a.
309 1654 397 1688 1567
417 1653 511 1687 edito
541 1652 689 1696 (Preyer
714 1652 736 1687 l.
756 1664 785 1686 c.
806 1652 838 1686 ΙΙ
865 1651 964 1694 566).
1007 1650 1186 1696 Opposuit
1212 1650 1244 1685 ei
1262 1652 1457 1694 Ravestegsn
1483 1650 1635 1684 librum:
1667 1649 1895 1692 „Catholicae

119 1707 382 1743 Confutationis
408 1706 614 1752 prophanae
641 1706 738 1740 illius
765 1708 801 1739 et
827 1704 1030 1750 pestilentis
1058 1703 1304 1738 Confessionis
1333 1704 1457 1749 (quam
1484 1704 1786 1748 Antuerpiensem
1807 1703 1895 1737 Con-

118 1761 311 1795 fessionem
347 1760 531 1805 appellant
558 1760 699 1794 Pseudo
730 1759 886 1793 ministri
916 1758 1078 1802 quidam)
1112 1760 1238 1792 contra
1273 1757 1395 1791 varias
1421 1759 1457 1791 et
1492 1757 1618 1791 inanes
1648 1757 1898 1791 cauillationes

118 1815 204 1849 Mat.
231 1814 351 1848 Flacci
377 1813 524 1858 Illyrici,
560 1813 735 1858 Apologia
762 1824 826 1847 seu
852 1812 1033 1846 defensi&
1065 1811 1232 1855 (Lovanii
1262 1811 1382 1856 1568).
1435 1811 1486 1844 Ibi
1513 1811 1725 1856 Ravesteyn
1761 1810 1897 1844 iustum

119 1870 238 1913 caput,
268 1867 376 1912 idque
408 1867 479 1910 „De
504 1867 669 1901 Iesuitis‘
698 1866 922 1911 inscriptum,
959 1865 995 1899 in
1031 1865 1066 1899 id
1101 1865 1286 1910 impendit,
1322 1867 1362 1898 ut
1399 1865 1598 1898 doctrinam
1634 1864 1734 1898 illam
1762 1863 1898 1898 Canisii

119 1921 288 1956 defendat
306 1932 457 1965 eamque
483 1932 504 1955 a
522 1921 642 1955 Flacio
664 1920 847 1963 „studiosa
866 1919 1024 1953 malitia⁴⁴
1046 1918 1197 1953 tractari
1215 1918 1455 1959 demonstret;
1485 1918 1631 1952 tandem
1657 1918 1709 1951 ita
1732 1923 1897 1962 perorat:

124 1976 243 2018 „Haec
269 1987 349 2009 cum
375 1975 426 2009 ita
452 1975 535 2015 sint,
568 1974 685 2009 cernis
713 1973 918 2008 Christiane
954 1973 1078 2013 frater,
1114 1984 1180 2006 nec
1206 1972 1371 2013 Iesuitas‚
1409 1973 1506 2006 viros
1541 1971 1726 2014 religionis
1762 1972 1897 2005 instau-

119 2029 251 2063 randae
277 2028 572 2070 studiosissimos,
607 2040 674 2062 nec
708 2040 775 2070 me,
811 2027 1029 2062 sententiam
1065 2026 1222 2070 aliquam
1258 2026 1498 2071 peregrinam,
1534 2028 1597 2059 aut
1632 2025 1808 2059 nefariam
1844 2036 1899 2058 so-

120 2082 308 2127 phisticen,
339 2081 493 2125 gloriam
519 2081 654 2116 Christi
689 2082 952 2122 obscurantem,
988 2080 1025 2114 in
1051 2079 1187 2114 Christi
1223 2079 1412 2114 ecclesiam
1447 2079 1637 2113 inducere:
1674 2079 1737 2112 sed
1772 2089 1897 2112 sanam

119 2136 329 2176 doctrinam,
356 2147 448 2179 quae
474 2135 518 2170 ab
544 2135 621 2180 ipso
647 2135 718 2169 iam
754 2134 928 2169 ecclesiae
964 2134 1110 2168 exordio
1146 2134 1182 2167 in
1218 2145 1260 2168 ea
1286 2133 1420 2167 tradita
1456 2134 1511 2167 est
1540 2160 1546 2166 .
1570 2162 1573 2165 .
1596 2159 1602 2165 .
1632 2132 1726 2166 tueri
1753 2143 1794 2166 ac
1820 2143 1897 2176 pro-

120 2189 301 2235 pngnare“
334 2188 528 2234 (Apologia
553 2200 617 2223 seu
644 2188 804 2223 defensio
831 2188 854 2222 f.
883 2188 1132 2231 225b—2342).

123 2311 252 2347 1015
282 2312 361 2345 sive
387 2309 498 2346 litt.
519 2309 651 2355 (lo).
694 2308 920 2346 1565—1575.

241 2371 297 2405 Ex
334 2371 453 2405 libris:
500 2371 614 2413 „Acta
652 2370 836 2405 Ecclesiae
874 2369 1154 2404 Mediolanensis
1193 2381 1214 2403 a
1256 2369 1386 2403 Car-020
1426 2369 1622 2402 C'arclz'nali
1658 2368 1694 2402 S.
1722 2369 1901 2401 Praoeedczs

121 2425 402 2469 Archiepiscopo
429 2424 605 2465 condita“‚
631 2423 825 2458 Mediolani
854 2424 955 2464 1599,
983 2423 1182 2463 795—796,
1211 2424 1246 2457 et
1276 2423 1531 2465 „Monumenta
1565 2421 1814 2466 paedagogica
1840 2420 1900 2454 So-

121 2479 262 2513 cietatis
289 2479 377 2512 Jesu
404 2489 495 2521 quae
522 2477 674 2522 primam
694 2477 883 2512 Rationem
903 2476 1110 2511 Studiorum
1136 2487 1228 2510 anno
1250 2476 1340 2510 1586
1368 2475 1502 2509 editam
1528 2485 1770 2520 praecessere.
1811 2474 1901 2509 Edd.

126 2532 302 2566 Caecilius
332 2533 462 2565 Gomez
497 2531 663 2565 Rodeles“
693 2530 728 2565 S.
753 2531 785 2565 J.
819 2533 897 2570 etc.‚
933 2530 1072 2564 Matriti
1111 2530 1220 2570 1901,
1260 2529 1450 2564 203-204
1486 2528 1676 2563 208—210
1712 2527 1902 2562 231—234

123 2585 313 2620 392—394
337 2584 528 2619 402—414
554 2584 635 2619 424.

245 2646 280 2678 S.
312 2645 462 2678 Carolus
486 2645 730 2677 Borromaeus
756 2645 883 2677 curari
909 2644 1013 2686 iubet,
1046 2647 1082 2675 ut
1112 2643 1254 2676 Canisil
1287 2642 1516 2675 catechismus
1547 2643 1673 2684 pueris
1707 2642 1904 2685 eoeple'cetur

124 2704 153 2732 et
179 2699 223 2731 ab
248 2699 372 2731 iisdem
399 2699 589 2731 ediscatur.
641 2698 685 2731 In
713 2699 899 2731 Societatz's
929 2698 1072 2739 colleyio
1107 2706 1258 2729 romano
1285 2696 1458 2739 (aliisque
1493 2696 1666 2738 collegiis)
1696 2696 1785 2728 idem
1815 2706 1904 2738 pro-

120 2754 284 2796 ponitur.

246 2805 276 2839 1.
305 2803 506 2838 Cardinalis
536 2805 688 2838 Carolus
714 2805 957 2837 Borromaens
982 2801 1275 2847 archiepiscopus
1310 2801 1588 2835 mediolanensis
1624 2801 1736 2835 edidit
1762 2801 1904 2836 institu-

125 2859 259 2893 tionem
282 2857 538 2899 ⁷‚lnstruttione
565 2859 586 2891 a
612 2857 776 2891 iVicarii
795 2857 965 2890 Foranei⁴⁶
995 2856 1219 2901 inscriptam,
1247 2867 1317 2899 qua
1343 2855 1491 2889 vicariis
1516 2855 1589 2889 illis
1618 2855 1724 2899 (quos
1750 2855 1905 2889 decanos

126 2912 185 2946 vel
212 2911 546 2956 archipresbyteros
572 2911 657 2945 alibi
686 2911 828 2954 vocant)
859 2910 1025 2944 mandat:
1063 2909 1231 2951 Videant,
1258 2911 1298 2942 ut
1323 2909 1490 2951 magistri
1525 2908 1562 2942 in
1588 2907 1723 2943 scholis
1750 2909 1904 2953 primum

127 2965 270 3010 quidem
306 2964 449 2999 libellos
484 2964 667 2998 doctrinae
703 2964 922 2998 christianae
959 2963 1136 3007 („libretti
1175 2963 1209 2996 di
1247 2963 1404 2996 dottrina
1443 2961 1681 3005 christiana¹⁴>
1718 2962 1754 2996 in
1790 2962 1904 2996 archi-

127 3019 334 3064 episcopatu
370 3019 525 3052 usitatos
559 3030 622 3062 per
658 3029 787 3063 pueros
822 3017 1032 3051 ediscendos
1067 3019 1203 3051 curent.
1261 3016 1307 3058 „E
1343 3016 1401 3061 poi
1436 3027 1474 3049 se
1501 3016 1538 3049 vi
1573 3017 1701 3061 parera
1732 3016 1797 3050 che
1833 3017 1905 3051 essi

128 3072 278 3106 Maestri
313 3072 414 3106 siano
448 3071 565 3105 idonei
592 3083 610 3104 e
637 3070 833 3105 sufficienti
859 3082 879 3104 a
907 3073 1052 3114 questo,
1089 3070 1205 3104 farete
1233 3070 1298 3104 che
1325 3069 1524 3104 dichiarino
1559 3082 1580 3104 a
1606 3070 1684 3104 suoi
1716 3069 1846 3104 scolari
1879 3069 1905 3102 il
