2044 3335
167 91 251 133 438
665 88 766 121 1732.
793 87 957 121 Canisius
984 86 1017 121 S.
1038 87 1228 121 Francisco
1254 87 1417 131 Borgiae.

165 207 246 248 1100
279 206 577 259 qualicumque
609 208 738 257 gustu
772 204 905 246 futuri
930 204 1070 258 operis
1092 204 1293 246 iudicium
1315 206 1403 255 fiet,
1438 219 1523 247 non
1545 218 1702 259 operae
1734 204 1923 259 precium

165 271 314 321 uideri,
354 273 401 312 ut
434 270 593 312 diutius
626 283 706 322 ego
738 269 781 310 in
813 268 893 310 1100
925 269 1108 322 pistrino
1140 283 1302 320 uerser,
1345 270 1416 323 qui
1450 284 1593 312 coram
1627 270 1717 311 Deo
1751 273 1796 312 et
1827 270 1922 312 Pat.

164 338 242 378 tua
273 336 491 389 profiteor,
526 347 593 375 me
616 334 671 375 ad
702 333 782 375 hoc
814 335 985 376 tantum
1018 333 1315 376 sustinendum
1349 341 1479 376 onus³
1511 335 1658 376 multis
1690 335 1828 376 modis
1858 335 1924 376 in-

165 400 339 453 dignum
372 413 422 441 ac
455 399 663 452 imparem
686 412 793 449 esse,
828 399 1084 452 praesertim
1111 398 1147 440 si
1171 412 1263 440 cum
1289 399 1385 453 alijs
1408 399 1671 442 doctioribus
1693 399 1924 452 Theologis

165 465 376 514 conferar,
410 477 535 505 nemo
558 463 801 517 suspicetur
833 477 1008 516 quaeso,
1042 477 1110 504 me
1141 463 1359 516 grauatim
1391 464 1470 506 hoc
1503 466 1781 518 accepturum
1815 477 1923 506 esse.

164 530 254 570 Imo
296 542 398 570 uero
439 529 663 582 praeclare
703 542 870 570 10001110
906 530 1050 570 actum
1082 527 1134 569 iri
1176 528 1360 582 putabo,
1403 528 1439 570 si
1479 532 1578 583 post
1619 529 1729 570 hunc
1769 528 1924 570 librum

164 594 346 648 primum
391 594 553 636 editum
599 607 772 636 cessare
815 594 976 641 iubear,
1023 596 1067 635 et
1110 592 1206 646 alijs
1247 593 1418 635 tradam
1458 593 1674 647 lampada,
1721 593 1791 646 qui
1835 607 1926 635 rem

163 661 330 701 tantam
373 673 451 713 pro
493 658 707 712 dignitate
749 658 884 701 uelint
926 661 970 700 et
1002 657 1169 712 possint
1201 658 1439 700 absoluere.
1504 658 1596 700 Nec
1629 658 1741 700 enim
1774 658 1925 712 ignoro

164 723 272 765 alios
314 723 553 766 uocationis
594 737 716 765 meae
758 723 953 777 proprios
997 736 1091 764 esse
1132 723 1314 773 labores,
1359 724 1512 776 quibus
1544 724 1706 766 maiore
1739 723 1927 766 fortasse

163 802 259 831 cum
291 788 436 832 fructu
468 791 683 842 gustuque
716 789 893 842 spiritus
925 788 1005 829 1100
1037 791 1219 842 tempus,
1254 788 1392 841 quodb
1424 788 1740 831 molestissimis
1772 788 1926 842 studijs

162 853 316 905 tribuo,
351 854 510 908 possim
544 854 884 902 accommodare,
928 853 1097 906 quando
1130 853 1193 895 ita
1226 853 1471 896 obedientia
1503 856 1657 896 sancta
1688 853 1925 907 permittet.

281 919 509 962 Caeterum
552 919 603 960 de
646 918 952 961 distribuendis
993 920 1179 971 quatuor
1218 918 1351 968 libris,
1395 918 1464 971 qui
1507 919 1752 968 mittuntur,
1795 918 1928 960 faciet

164 983 413 1026 Paternitas
449 988 540 1034 tua,
584 998 695 1037 quae
729 986 937 1037 suggeret
970 983 1192 1025 Dominus.
1257 983 1517 1037 Pergratum
1559 983 1642 1026 erit
1682 997 1849 1034 munus,
1893 981 1929 1024 si

163 1048 403 1091 Cardinalis
444 1052 595 1092 noster
635 1048 970 1091 Jllustrissimus
1012 1049 1329 1101 Augustanus1
1372 1049 1574 1091 uolumen
1620 1062 1773 1099 unum,
1816 1048 1928 1101 quod

161 1128 292 1168 soepe
333 1114 610 1165 desiderauit,
656 1113 886 1168 acceperit.
950 1113 1079 1155 Mitto
1122 1116 1266 1156 autem
1309 1113 1386 1155 hos
1428 1113 1560 1155 libros
1602 1113 1769 1156 ruditer
1806 1113 1928 1155 colli-

162 1181 304 1233 gatos,
337 1179 498 1233 partim
530 1182 579 1222 ut
612 1179 787 1221 allatori
819 1178 1027 1220 minorem
1059 1179 1275 1221 sarcinam
1298 1178 1514 1228 adferant,
1548 1178 1706 1232 partim
1731 1181 1780 1221 ut
1801 1178 1928 1220 isthic

162 1244 312 1287 statim
345 1244 587 1298 religentur
617 1243 858 1294 uenustius,
892 1247 935 1286 et
968 1246 1145 1286 nostrae
1177 1243 1349 1296 quidem
1382 1243 1637 1285 Prouinciae
1669 1243 1926 1298 sumptibus,

162 1309 413 1364 priusquam
448 1309 612 1352 exteris
645 1310 897 1353 offerantur.
951 1308 1043 1358 Qua
1075 1309 1119 1350 in
1151 1322 1198 1350 re
1229 1308 1333 1350 nihil
1367 1309 1528 1359 dubito,
1564 1309 1665 1362 quin
1697 1309 1852 1351 Patres
1884 1308 1927 1349 in

163 1375 350 1416 medium
391 1375 553 1429 optime
595 1375 834 1425 consulent,
878 1375 993 1427 quod
1034 1374 1174 1427 magis
1216 1388 1239 1415 e
1281 1387 1327 1415 re
1368 1373 1463 1416 fore
1504 1375 1734 1428 putabunt.
1797 1373 1929 1415 Plura

165 1454 268 1482 uero
302 1439 524 1483 mittemus
557 1440 838 1494 exemplaria,
873 1439 909 1481 si
941 1439 1048 1481 haec
1079 1439 1219 1493 prima
1250 1439 1508 1493 placebunt:
1547 1453 1626 1481 nec
1661 1453 1740 1492 ego
1774 1439 1828 1480 ad
1860 1452 1929 1480 re-

166 1505 285 1558 liqua
317 1505 483 1547 edenda
516 1505 784 1559 progrediar,
824 1504 905 1546 nisi
942 1519 1100 1546 nouum
1133 1504 1384 1546 mandatum
1419 1505 1665 1554 accesserit,
1699 1506 1744 1546 et
1777 1504 1929 1546 Pater-

164 1570 280 1612 nitas
312 1573 389 1613 tua
420 1570 692 1620 indicauerit,
725 1571 795 1612 uel
829 1570 881 1612 ob
905 1570 1029 1613 Pont.
1054 1570 1171 1612 Max.
1197 1569 1267 1611 uel
1290 1570 1342 1611 ob
1375 1569 1610 1612 utilitatem
1645 1569 1847 1622 aliquam,
1882 1571 1929 1611 ut

164 1636 353 1677 secunda
385 1639 430 1678 et
461 1636 594 1679 tertia
626 1649 728 1690 pars
762 1636 813 1677 de
846 1635 985 1677 Maria
1024 1637 1068 1677 et
1100 1635 1230 1678 Petro
1272 1635 1315 1676 in
1357 1635 1494 1676 lucem
1530 1638 1703 1677 exeant.
1766 1634 1861 1676 Hoc
1893 1633 1930 1675 si

166 1700 359 1744 futurum
392 1704 472 1753 est,
506 1701 672 1743 habebo
706 1700 814 1743 satis
847 1700 960 1754 quod
991 1701 1183 1742 laborem
1218 1699 1416 1752 sequenti
1449 1702 1656 1742 autumno
1689 1702 1733 1742 et
1759 1700 1927 1753 hyeme,

167 1766 247 1807 hoc
281 1769 361 1816 est,
397 1767 451 1808 ad
482 1766 642 1809 festum
676 1780 813 1819 usque
847 1765 1072 1808 Paschatis
1085 1766 1114 1815 2,
1158 1765 1200 1806 si
1234 1765 1496 1806 Dominus
1536 1765 1645 1806 erit
1676 1764 1779 1806 mihi
1811 1778 1928 1818 pro—

166 1831 387 1885 pitius3,
431 1832 689 1886 praesertim
731 1831 1073 1885 suffragantibus
1114 1830 1183 1871 hic
1225 1830 1423 1884 precibus
1464 1833 1641 1872 nostrae
1683 1829 1928 1879 Societatis,

168 1896 321 1950 quibus
352 1910 420 1938 me
452 1897 714 1951 permultum
747 1911 877 1950 egere
909 1909 1038 1950 soepe
1071 1895 1198 1937 sensi.

286 1962 354 2003 Ne
387 1965 534 2005 autem
567 1976 811 2015 quenquam
845 1962 1050 2012 offendat,
1084 1961 1182 2002 11010
1214 1960 1323 2002 libro
1357 1960 1531 2002 deessec
1556 1973 1711 2002 nomen
1735 1959 1930 2002 authoris

168 2030 213 2069 et
243 2027 603 2081 nuncupatoriam
637 2028 883 2082 epistolam,
915 2040 1025 2080 quae
1047 2026 1228 2067 Alberto
1252 2026 1466 2067 Bauariae
1500 2025 1597 2067 duci
1628 2024 1888 2067 inscribetur
1900 2025 1929 2073 4,

169 2095 213 2134 et
253 2093 502 2145 generalem
545 2094 596 2134 de
638 2093 769 2134 uerbo
812 2093 891 2134 Dei
934 2092 1109 2145 eiusque
1152 2090 1423 2144 corruptelis,
1468 2093 1512 2132 et
1553 2090 1768 2143 Centurijs
1808 2089 1931 2131 nouis

169 2157 501 2211 praefationem.
574 2158 694 2199 Haec
736 2161 968 2212 propterea
1010 2170 1122 2198 nunc
1164 2156 1596 2210 praetermittuntur,
1640 2155 1752 2208 quod
1794 2155 1931 2208 grati-

169 2222 380 2264 ficandum
416 2222 548 2265 fuerit
580 2222 838 2275 Augustano
871 2221 1140 2276 Bibliopolae
1153 2222 1181 2271 5,
1222 2221 1292 2274 qui
1326 2235 1420 2262 011111
1455 2224 1653 2274 sumptus
1684 2220 1809 2262 huius
1842 2220 1931 2262 edi-

174 2287 305 2329 tionis
349 2287 498 2337 faciat,
543 2301 626 2329 non
671 2287 887 2342 permittit
927 2287 1146 2340 integrum
1189 2286 1343 2328 librum
1378 2286 1531 2327 excudi
1566 2289 1610 2328 et
1641 2285 1788 2335 uendi,
1830 2288 1932 2327 ante

170 2355 408 2394 mercatum
450 2353 746 2395 autumnalem
761 2354 788 2395 6.
853 2353 1042 2394 Veretur
1082 2351 1207 2401 00101,
1250 2365 1304 2393 00
1345 2351 1553 2405 pecuniae
1595 2364 1699 2392 suae
1741 2352 1785 2392 et
1824 2349 1931 2391 lucri

289 2436 317 2463 a)
338 2434 385 2458 Ita
411 2435 458 2463 (ab
477 2435 540 2465 ipso
561 2434 622 2459 C.?)
642 2437 798 2459 correctum
819 2437 860 2458 est
880 2442 915 2458 elz·
936 2439 1020 2465 opus.
1059 2434 1080 2457 S
1098 2436 1191 2457 tamen
1213 2433 1296 2457 habet
1318 2439 1403 2465 opus.
1557 2430 1587 2461 b)
1608 2431 1746 2462 sequitu]-
1765 2429 1822 2460 his,
1842 2430 1932 2455 omitt.

172 2474 197 2505 c)
219 2475 278 2499 Hoc
299 2483 321 2499 v.
341 2483 433 2506 supra
455 2483 568 2500 versum
588 2476 729 2507 scriptum
749 2478 799 2500 est.

296 2599 415 2634 10110
453 2600 652 2634 Τ100113033
687 2600 730 2634 de
756 2599 957 2642 Waldburg
995 2598 1184 2643 episcopus
1222 2600 1444 2641 augustanus
1480 2599 1515 2631 et
1549 2596 1810 2641 praenestinus,
1847 2596 1932 2629 Ger-

174 2652 314 2685 maniae
340 2654 432 2697 apud
459 2653 578 2687 sedem
607 2652 840 2698 apostolicam
866 2653 1056 2696 protector,
1092 2652 1161 2684 iam
1198 2651 1279 2684 inde
1309 2651 1352 2684 ab
1380 2662 1411 2684 a.
1432 2650 1522 2684 1568
1549 2649 1682 2683 Romae
1708 2649 1932 2687 morabatur;

175 2716 209 2737 v.
235 2716 343 2748 supra
369 2717 401 2750 p.
420 2706 499 2740 413.
657 2706 670 2726 ²
697 2706 733 2739 Id
762 2706 794 2740 6.
820 2705 956 2750 Aprilis
981 2704 1143 2738 futurum
1171 2706 1260 2738 erat.

296 2758 307 2776 ³
332 2756 400 2790 Nm
430 2759 565 2799 14,18;
593 2759 637 2793 cf.
660 2760 676 2792 1
696 2758 753 2802 Rg
779 2759 834 2800 24,
854 2759 892 2798 7;
922 2758 1057 2799 26,11;
1085 2757 1106 2790 2
1132 2757 1189 2800 Rg
1215 2757 1270 2797 23,
1292 2756 1350 2796 17;
1378 2756 1426 2789 Ps
1453 2755 1509 2795 98,
1535 2754 1556 2788 8
1583 2756 1651 2788 etc.

297 2812 307 2829 4
336 2810 500 2845 Canisius
535 2814 598 2845 aut
631 2814 757 2856 postea
792 2811 980 2845 consilium
1005 2810 1172 2851 mutavit,
1208 2811 1271 2843 aut
1296 2826 1337 2832 -·
1367 2808 1400 2842 id
1428 2808 1521 2852 quod
1556 2807 1643 2841 mihi
1678 2806 1782 2850 longe
1817 2805 1934 2848 magis

178 2862 348 2906 probatur
373 2882 416 2886 -
443 2863 508 2897 hoc
535 2864 610 2898 loco
636 2864 823 2898 scribendo
849 2864 1017 2898 mendum
1044 2863 1147 2899 fecit:
1175 2874 1258 2896 nam
1285 2864 1319 2896 et
1345 2861 1474 2895 librum
1501 2860 1723 2894 Ferdinando
1750 2859 1793 2892 Π.
1821 2857 1934 2892 archi-

179 2915 259 2948 duci
285 2914 473 2956 dedicavit,
501 2918 536 2949 et
556 2917 585 2950 1.
602 2917 822 2961 Septembris
842 2917 942 2957 1571,
970 2928 1050 2950 cum
1077 2917 1111 2950 id
1131 2916 1170 2950 P.
1185 2915 1306 2949 Natali
1330 2914 1563 2957 significaret,
1591 2925 1629 2947 se
1654 2912 1748 2946 idem
1770 2913 1826 2953 „et
1844 2911 1933 2945 alias

179 2967 374 3001 indicasse⁴⁴
404 2970 560 3005 notavit:
589 2981 622 3003 V.
650 2970 754 3011 infra,
781 2982 834 3014 ep.
862 2982 895 3004 n.
918 2970 1007 3004 1742
1038 2969 1127 3003 1748
1156 2969 1257 3003 1751.

297 3020 309 3038 ⁵
336 3019 488 3063 Georgio
508 3021 635 3055 Willer
656 3023 841 3064 „semim-1⁸,
867 3026 968 3067 puto;
996 3034 1030 3057 v.
1057 3033 1165 3066 supra
1192 3033 1224 3066 p.
1244 3020 1328 3055 330³
1353 3022 1390 3054 et
1415 3019 1518 3060 infra,
1546 3030 1637 3052 mon.
1657 3018 1725 3052 litt.
1746 3017 1837 3061 (57).

299 3074 311 3091 ὓ
338 3072 372 3105 13
400 3072 622 3108 Francofurti
649 3075 692 3107 ad
719 3076 885 3109 Moenum
912 3087 957 3109 m.
985 3075 1185 3120 Septembri
1211 3074 1354 3108 futurus
1381 3075 1469 3107 erat.
