<?xml version="1.0" encoding="UTF-8"?>
<!DOCTYPE html PUBLIC "-//W3C//DTD XHTML 1.0 Transitional//EN"
    "http://www.w3.org/TR/xhtml1/DTD/xhtml1-transitional.dtd">
<html xmlns="http://www.w3.org/1999/xhtml" xml:lang="en" lang="en">
 <head>
  <title>
</title>
<meta http-equiv="Content-Type" content="text/html;charset=utf-8" />
  <meta name='ocr-system' content='tesseract 3.04.00' />
  <meta name='ocr-capabilities' content='ocr_page ocr_carea ocr_par ocr_line ocrx_word'/>
</head>
<body>
  <div class='ocr_page' id='page_1' title='image "beatipetricanisi06cani_0235.png"; bbox 0 0 2044 3335; ppageno 0'>
   <div class='ocr_carea' id='block_1_1' title="bbox 376 81 1830 126">
    <p class='ocr_par' dir='ltr' id='par_1_1' title="bbox 376 81 1830 126">
     <span class='ocr_line' id='line_1_1' title="bbox 376 81 1830 126; baseline -0.002 -9"><span class='ocrx_word' id='word_1_1' title='bbox 376 83 477 117; x_wconf 77' lang='lat'>1554.</span> <span class='ocrx_word' id='word_1_2' title='bbox 504 82 539 117; x_wconf 82' lang='lat' dir='ltr'>S.</span> <span class='ocrx_word' id='word_1_3' title='bbox 558 82 772 117; x_wconf 85' lang='lat' dir='ltr'>Franciscus</span> <span class='ocrx_word' id='word_1_4' title='bbox 799 83 952 126; x_wconf 85' lang='lat' dir='ltr'>Borgias</span> <span class='ocrx_word' id='word_1_5' title='bbox 980 82 1064 117; x_wconf 90' lang='lat' dir='ltr'>Can.</span> <span class='ocrx_word' id='word_1_6' title='bbox 1112 82 1225 116; x_wconf 84' lang='lat' dir='ltr'>Roma</span> <span class='ocrx_word' id='word_1_7' title='bbox 1254 83 1307 116; x_wconf 83' lang='lat'>17.</span> <span class='ocrx_word' id='word_1_8' title='bbox 1330 81 1403 116; x_wconf 88' lang='lat' dir='ltr'>Ian.</span> <span class='ocrx_word' id='word_1_9' title='bbox 1426 81 1526 116; x_wconf 82' lang='lat'>1568.</span> <span class='ocrx_word' id='word_1_10' title='bbox 1751 85 1830 125; x_wconf 75' lang='lat'>161</span> 
     </span>
    </p>
   </div>
   <div class='ocr_carea' id='block_1_2' title="bbox 65 197 1838 883">
    <p class='ocr_par' dir='ltr' id='par_1_2' title="bbox 65 197 1838 883">
     <span class='ocr_line' id='line_1_2' title="bbox 65 197 1835 240; baseline -0.003 -4"><span class='ocrx_word' id='word_1_11' title='bbox 65 212 225 236; x_wconf 84' lang='lat' dir='ltr'>annexas</span> <span class='ocrx_word' id='word_1_12' title='bbox 252 198 497 240; x_wconf 74' lang='lat' dir='ltr'>difficultates,</span> <span class='ocrx_word' id='word_1_13' title='bbox 530 210 596 233; x_wconf 88' lang='lat' dir='ltr'>nec</span> <span class='ocrx_word' id='word_1_14' title='bbox 622 198 767 232; x_wconf 84' lang='lat' dir='ltr'>videtur</span> <span class='ocrx_word' id='word_1_15' title='bbox 791 199 925 233; x_wconf 90' lang='lat' dir='ltr'>nostris</span> <span class='ocrx_word' id='word_1_16' title='bbox 951 198 1110 233; x_wconf 87' lang='lat' dir='ltr'>humeris</span> <span class='ocrx_word' id='word_1_17' title='bbox 1136 198 1227 232; x_wconf 81' lang='lat' dir='ltr'>satis</span> <span class='ocrx_word' id='word_1_18' title='bbox 1254 198 1455 238; x_wconf 89' lang='lat' dir='ltr'>conuenire,</span> <span class='ocrx_word' id='word_1_19' title='bbox 1492 200 1532 232; x_wconf 93' lang='lat' dir='ltr'>vt</span> <span class='ocrx_word' id='word_1_20' title='bbox 1558 209 1639 231; x_wconf 91' lang='lat' dir='ltr'>cum</span> <span class='ocrx_word' id='word_1_21' title='bbox 1665 197 1737 231; x_wconf 91' lang='lat' dir='ltr'>illis</span> <span class='ocrx_word' id='word_1_22' title='bbox 1763 198 1835 231; x_wconf 87' lang='lat' dir='ltr'>foe-</span> 
     </span>
     <span class='ocr_line' id='line_1_3' title="bbox 65 250 1835 298; baseline -0.002 -10"><span class='ocrx_word' id='word_1_23' title='bbox 65 254 171 288; x_wconf 84' lang='lat' dir='ltr'>minis</span> <span class='ocrx_word' id='word_1_24' title='bbox 196 252 310 298; x_wconf 86' lang='lat' dir='ltr'>nostrj</span> <span class='ocrx_word' id='word_1_25' title='bbox 337 263 445 296; x_wconf 83' lang='lat' dir='ltr'>saepe</span> <span class='ocrx_word' id='word_1_26' title='bbox 472 253 674 286; x_wconf 87' lang='lat' dir='ltr'>versentur.</span> <span class='ocrx_word' id='word_1_27' title='bbox 721 251 893 296; x_wconf 86' lang='lat' dir='ltr'>Optarem</span> <span class='ocrx_word' id='word_1_28' title='bbox 921 251 1046 296; x_wconf 88' lang='lat' dir='ltr'>itaque</span> <span class='ocrx_word' id='word_1_29' title='bbox 1071 251 1202 285; x_wconf 85' lang='lat' dir='ltr'>bonum</span> <span class='ocrx_word' id='word_1_30' title='bbox 1229 251 1376 295; x_wconf 91' lang='lat' dir='ltr'>reperiri</span> <span class='ocrx_word' id='word_1_31' title='bbox 1404 250 1547 284; x_wconf 87' lang='lat' dir='ltr'>modum</span> <span class='ocrx_word' id='word_1_32' title='bbox 1575 253 1616 284; x_wconf 91' lang='lat' dir='ltr'>vt</span> <span class='ocrx_word' id='word_1_33' title='bbox 1641 250 1743 285; x_wconf 87' lang='lat' dir='ltr'>bonis</span> <span class='ocrx_word' id='word_1_34' title='bbox 1769 250 1835 284; x_wconf 83' lang='lat' dir='ltr'>Re-</span> 
     </span>
     <span class='ocr_line' id='line_1_4' title="bbox 65 303 1835 351; baseline -0.002 -10"><span class='ocrx_word' id='word_1_35' title='bbox 65 307 160 351; x_wconf 82' lang='lat' dir='ltr'>ginis</span> <span class='ocrx_word' id='word_1_36' title='bbox 189 306 310 351; x_wconf 87' lang='lat' dir='ltr'>aliqua</span> <span class='ocrx_word' id='word_1_37' title='bbox 344 305 475 339; x_wconf 88' lang='lat' dir='ltr'>saltem</span> <span class='ocrx_word' id='word_1_38' title='bbox 512 316 558 338; x_wconf 81' lang='lat' dir='ltr'>ex</span> <span class='ocrx_word' id='word_1_39' title='bbox 590 307 692 349; x_wconf 81' lang='lat' dir='ltr'>parte</span> <span class='ocrx_word' id='word_1_40' title='bbox 719 304 803 338; x_wconf 87' lang='lat' dir='ltr'>dum</span> <span class='ocrx_word' id='word_1_41' title='bbox 830 305 969 345; x_wconf 89' lang='lat' dir='ltr'>viuunt,</span> <span class='ocrx_word' id='word_1_42' title='bbox 996 305 1098 338; x_wconf 77' lang='lat' dir='ltr'>fieret</span> <span class='ocrx_word' id='word_1_43' title='bbox 1124 304 1225 345; x_wconf 84' lang='lat' dir='ltr'>satis,</span> <span class='ocrx_word' id='word_1_44' title='bbox 1252 306 1399 348; x_wconf 86' lang='lat' dir='ltr'>propter</span> <span class='ocrx_word' id='word_1_45' title='bbox 1425 303 1568 337; x_wconf 85' lang='lat' dir='ltr'>illarum</span> <span class='ocrx_word' id='word_1_46' title='bbox 1595 305 1631 337; x_wconf 88' lang='lat' dir='ltr'>et</span> <span class='ocrx_word' id='word_1_47' title='bbox 1656 303 1835 337; x_wconf 84' lang='lat' dir='ltr'>fratrum¹</span> 
     </span>
     <span class='ocr_line' id='line_1_5' title="bbox 66 356 1837 402; baseline -0.003 -7"><span class='ocrx_word' id='word_1_48' title='bbox 66 360 205 401; x_wconf 87' lang='lat' dir='ltr'>merita,</span> <span class='ocrx_word' id='word_1_49' title='bbox 242 361 277 393; x_wconf 88' lang='lat' dir='ltr'>et</span> <span class='ocrx_word' id='word_1_50' title='bbox 311 370 356 392; x_wconf 88' lang='lat' dir='ltr'>ne</span> <span class='ocrx_word' id='word_1_51' title='bbox 391 360 546 402; x_wconf 80' lang='lat' dir='ltr'>pergant</span> <span class='ocrx_word' id='word_1_52' title='bbox 579 357 655 391; x_wconf 89' lang='lat' dir='ltr'>suis</span> <span class='ocrx_word' id='word_1_53' title='bbox 686 357 844 401; x_wconf 82' lang='lat' dir='ltr'>querelis</span> <span class='ocrx_word' id='word_1_54' title='bbox 872 359 908 392; x_wconf 89' lang='lat' dir='ltr'>et</span> <span class='ocrx_word' id='word_1_55' title='bbox 932 357 1131 402; x_wconf 80' lang='lat' dir='ltr'><strong>lachrymis</strong></span> <span class='ocrx_word' id='word_1_56' title='bbox 1157 368 1222 391; x_wconf 90' lang='lat' dir='ltr'>nos</span> <span class='ocrx_word' id='word_1_57' title='bbox 1248 357 1464 391; x_wconf 87' lang='lat' dir='ltr'>obtundere:</span> <span class='ocrx_word' id='word_1_58' title='bbox 1501 368 1571 400; x_wconf 86' lang='lat' dir='ltr'>qua</span> <span class='ocrx_word' id='word_1_59' title='bbox 1598 357 1640 390; x_wconf 88' lang='lat' dir='ltr'>de</span> <span class='ocrx_word' id='word_1_60' title='bbox 1666 368 1705 390; x_wconf 92' lang='lat' dir='ltr'>re</span> <span class='ocrx_word' id='word_1_61' title='bbox 1731 356 1837 401; x_wconf 82' lang='lat' dir='ltr'>plura</span> 
     </span>
     <span class='ocr_line' id='line_1_6' title="bbox 66 409 1836 455; baseline -0.003 -7"><span class='ocrx_word' id='word_1_62' title='bbox 66 425 111 448; x_wconf 87' lang='lat' dir='ltr'>ex</span> <span class='ocrx_word' id='word_1_63' title='bbox 144 411 260 447; x_wconf 80' lang='lat' dir='ltr'>literis</span> <span class='ocrx_word' id='word_1_64' title='bbox 286 412 325 446; x_wconf 91' lang='lat' dir='ltr'>P.</span> <span class='ocrx_word' id='word_1_65' title='bbox 353 410 604 445; x_wconf 85' lang='lat' dir='ltr'>Prouincialis.</span> <span class='ocrx_word' id='word_1_66' title='bbox 654 410 694 444; x_wconf 89' lang='lat' dir='ltr'>P.</span> <span class='ocrx_word' id='word_1_67' title='bbox 720 411 904 445; x_wconf 67' lang='grc' dir='ltr'>ι103011652</span> <span class='ocrx_word' id='word_1_68' title='bbox 939 410 1033 445; x_wconf 86' lang='lat' dir='ltr'>Saxo</span> <span class='ocrx_word' id='word_1_69' title='bbox 1060 409 1229 455; x_wconf 87' lang='lat' dir='ltr'>seipsum,</span> <span class='ocrx_word' id='word_1_70' title='bbox 1266 410 1305 443; x_wconf 88' lang='lat' dir='ltr'>P.</span> <span class='ocrx_word' id='word_1_71' title='bbox 1334 410 1548 444; x_wconf 77' lang='lat' dir='ltr'>Rectorem3</span> <span class='ocrx_word' id='word_1_72' title='bbox 1575 411 1610 443; x_wconf 87' lang='lat' dir='ltr'>et</span> <span class='ocrx_word' id='word_1_73' title='bbox 1637 409 1836 452; x_wconf 82' lang='lat' dir='ltr'>Collegium</span> 
     </span>
     <span class='ocr_line' id='line_1_7' title="bbox 66 462 1836 511; baseline -0.003 -10"><span class='ocrx_word' id='word_1_74' title='bbox 66 465 354 511; x_wconf 87' lang='lat' dir='ltr'>Oenipontanum</span> <span class='ocrx_word' id='word_1_75' title='bbox 380 464 470 498; x_wconf 75' lang='lat' dir='ltr'>satis</span> <span class='ocrx_word' id='word_1_76' title='bbox 497 463 640 506; x_wconf 88' lang='lat' dir='ltr'>affligit,</span> <span class='ocrx_word' id='word_1_77' title='bbox 666 474 732 497; x_wconf 90' lang='lat' dir='ltr'>nec</span> <span class='ocrx_word' id='word_1_78' title='bbox 759 463 818 497; x_wconf 86' lang='lat' dir='ltr'>diu</span> <span class='ocrx_word' id='word_1_79' title='bbox 845 464 881 497; x_wconf 90' lang='lat' dir='ltr'>in</span> <span class='ocrx_word' id='word_1_80' title='bbox 912 464 979 498; x_wconf 92' lang='lat' dir='ltr'>hoc</span> <span class='ocrx_word' id='word_1_81' title='bbox 1007 463 1238 507; x_wconf 84' lang='lat' dir='ltr'>concionandj</span> <span class='ocrx_word' id='word_1_82' title='bbox 1267 474 1414 496; x_wconf 85' lang='lat' dir='ltr'>munere</span> <span class='ocrx_word' id='word_1_83' title='bbox 1443 464 1656 496; x_wconf 78' lang='lat' dir='ltr'>versaturus</span> <span class='ocrx_word' id='word_1_84' title='bbox 1680 462 1836 503; x_wconf 88' lang='lat' dir='ltr'>videtur,</span> 
     </span>
     <span class='ocr_line' id='line_1_8' title="bbox 67 515 1837 561; baseline -0.002 -8"><span class='ocrx_word' id='word_1_85' title='bbox 67 521 102 554; x_wconf 79' lang='lat' dir='ltr'>et</span> <span class='ocrx_word' id='word_1_86' title='bbox 127 519 157 553; x_wconf 92' lang='lat' dir='ltr'>si</span> <span class='ocrx_word' id='word_1_87' title='bbox 184 518 297 552; x_wconf 87' lang='lat' dir='ltr'>vellet</span> <span class='ocrx_word' id='word_1_88' title='bbox 324 517 442 559; x_wconf 85' lang='lat' dir='ltr'>etiam,</span> <span class='ocrx_word' id='word_1_89' title='bbox 469 528 539 550; x_wconf 87' lang='lat' dir='ltr'>non</span> <span class='ocrx_word' id='word_1_90' title='bbox 566 518 687 550; x_wconf 86' lang='lat' dir='ltr'>tamen</span> <span class='ocrx_word' id='word_1_91' title='bbox 715 517 912 561; x_wconf 82' lang='lat' dir='ltr'>expediret,</span> <span class='ocrx_word' id='word_1_92' title='bbox 939 517 1033 551; x_wconf 86' lang='lat' dir='ltr'>sicut</span> <span class='ocrx_word' id='word_1_93' title='bbox 1060 528 1105 550; x_wconf 84' lang='lat' dir='ltr'>ex</span> <span class='ocrx_word' id='word_1_94' title='bbox 1131 516 1213 560; x_wconf 85' lang='lat' dir='ltr'>alijs</span> <span class='ocrx_word' id='word_1_95' title='bbox 1240 515 1354 549; x_wconf 82' lang='lat' dir='ltr'>literis</span> <span class='ocrx_word' id='word_1_96' title='bbox 1380 518 1582 550; x_wconf 79' lang='lat' dir='ltr'>nostrorum</span> <span class='ocrx_word' id='word_1_97' title='bbox 1610 515 1650 549; x_wconf 90' lang='lat' dir='ltr'>P.</span> <span class='ocrx_word' id='word_1_98' title='bbox 1677 515 1719 549; x_wconf 90' lang='lat' dir='ltr'>V.</span> <span class='ocrx_word' id='word_1_99' title='bbox 1747 515 1837 549; x_wconf 87' lang='lat' dir='ltr'>satis</span> 
     </span>
     <span class='ocr_line' id='line_1_9' title="bbox 66 567 1838 612; baseline -0.002 -6"><span class='ocrx_word' id='word_1_100' title='bbox 66 571 255 606; x_wconf 83' lang='lat' dir='ltr'>intellexit.</span> <span class='ocrx_word' id='word_1_101' title='bbox 307 570 423 604; x_wconf 86' lang='lat' dir='ltr'>Probo</span> <span class='ocrx_word' id='word_1_102' title='bbox 450 570 562 612; x_wconf 85' lang='lat' dir='ltr'>igitur</span> <span class='ocrx_word' id='word_1_103' title='bbox 587 569 804 603; x_wconf 83' lang='lat' dir='ltr'>sententiam</span> <span class='ocrx_word' id='word_1_104' title='bbox 832 570 871 604; x_wconf 91' lang='lat' dir='ltr'>P.</span> <span class='ocrx_word' id='word_1_105' title='bbox 899 569 1139 604; x_wconf 87' lang='lat' dir='ltr'>Provincialis</span> <span class='ocrx_word' id='word_1_106' title='bbox 1166 571 1202 602; x_wconf 86' lang='lat' dir='ltr'>et</span> <span class='ocrx_word' id='word_1_107' title='bbox 1228 568 1403 609; x_wconf 84' lang='lat' dir='ltr'>Rectoris,</span> <span class='ocrx_word' id='word_1_108' title='bbox 1440 570 1479 602; x_wconf 86' lang='lat' dir='ltr'>vt</span> <span class='ocrx_word' id='word_1_109' title='bbox 1505 568 1563 602; x_wconf 91' lang='lat' dir='ltr'>hic</span> <span class='ocrx_word' id='word_1_110' title='bbox 1588 567 1702 602; x_wconf 90' lang='lat' dir='ltr'>bonus</span> <span class='ocrx_word' id='word_1_111' title='bbox 1728 568 1838 602; x_wconf 87' lang='lat' dir='ltr'>Pater</span> 
     </span>
     <span class='ocr_line' id='line_1_10' title="bbox 66 622 1837 668; baseline -0.003 -8"><span class='ocrx_word' id='word_1_112' title='bbox 66 638 136 660; x_wconf 90' lang='lat' dir='ltr'>non</span> <span class='ocrx_word' id='word_1_113' title='bbox 162 625 295 659; x_wconf 86' lang='lat' dir='ltr'>diutius</span> <span class='ocrx_word' id='word_1_114' title='bbox 322 635 429 668; x_wconf 88' lang='lat' dir='ltr'>quam</span> <span class='ocrx_word' id='word_1_115' title='bbox 457 623 501 657; x_wconf 87' lang='lat' dir='ltr'>ad</span> <span class='ocrx_word' id='word_1_116' title='bbox 527 623 661 656; x_wconf 88' lang='lat' dir='ltr'>festum</span> <span class='ocrx_word' id='word_1_117' title='bbox 688 634 803 667; x_wconf 81' lang='lat' dir='ltr'>Vsque</span> <span class='ocrx_word' id='word_1_118' title='bbox 830 623 1046 657; x_wconf 77' lang='lat' dir='ltr'>Paschatis⁴</span> <span class='ocrx_word' id='word_1_119' title='bbox 1078 623 1113 656; x_wconf 90' lang='lat' dir='ltr'>in</span> <span class='ocrx_word' id='word_1_120' title='bbox 1141 634 1181 656; x_wconf 89' lang='lat' dir='ltr'>eo</span> <span class='ocrx_word' id='word_1_121' title='bbox 1207 622 1284 656; x_wconf 88' lang='grc'><strong>1000</strong></span> <span class='ocrx_word' id='word_1_122' title='bbox 1312 624 1347 655; x_wconf 91' lang='lat' dir='ltr'>et</span> <span class='ocrx_word' id='word_1_123' title='bbox 1374 633 1520 655; x_wconf 87' lang='lat' dir='ltr'>munere</span> <span class='ocrx_word' id='word_1_124' title='bbox 1546 623 1702 663; x_wconf 80' lang='lat' dir='ltr'>maneat,</span> <span class='ocrx_word' id='word_1_125' title='bbox 1737 633 1837 666; x_wconf 86' lang='lat' dir='ltr'>prae-</span> 
     </span>
     <span class='ocr_line' id='line_1_11' title="bbox 66 674 1838 721; baseline -0.003 -8"><span class='ocrx_word' id='word_1_126' title='bbox 66 679 190 714; x_wconf 77' lang='lat' dir='ltr'>sertim</span> <span class='ocrx_word' id='word_1_127' title='bbox 226 689 306 712; x_wconf 86' lang='lat' dir='ltr'>cum</span> <span class='ocrx_word' id='word_1_128' title='bbox 339 679 375 711; x_wconf 76' lang='lat' dir='ltr'>et</span> <span class='ocrx_word' id='word_1_129' title='bbox 408 676 485 721; x_wconf 90' lang='lat' dir='ltr'>ipse</span> <span class='ocrx_word' id='word_1_130' title='bbox 511 675 666 709; x_wconf 80' lang='lat' dir='ltr'>libenter</span> <span class='ocrx_word' id='word_1_131' title='bbox 691 675 761 710; x_wconf 87' lang='lat' dir='ltr'>alio</span> <span class='ocrx_word' id='word_1_132' title='bbox 787 676 865 717; x_wconf 87' lang='lat' dir='ltr'>iret,</span> <span class='ocrx_word' id='word_1_133' title='bbox 903 679 938 710; x_wconf 80' lang='lat' dir='ltr'>et</span> <span class='ocrx_word' id='word_1_134' title='bbox 972 676 1076 710; x_wconf 89' lang='lat' dir='ltr'>nobis</span> <span class='ocrx_word' id='word_1_135' title='bbox 1102 675 1301 720; x_wconf 84' lang='lat' dir='ltr'>Princeps⁵</span> <span class='ocrx_word' id='word_1_136' title='bbox 1336 674 1547 708; x_wconf 78' lang='lat' dir='ltr'>facultatem</span> <span class='ocrx_word' id='word_1_137' title='bbox 1574 674 1711 708; x_wconf 87' lang='lat' dir='ltr'>tribuat</span> <span class='ocrx_word' id='word_1_138' title='bbox 1736 674 1838 708; x_wconf 86' lang='lat' dir='ltr'>illum</span> 
     </span>
     <span class='ocr_line' id='line_1_12' title="bbox 66 726 1837 776; baseline -0.003 -9"><span class='ocrx_word' id='word_1_139' title='bbox 66 731 251 776; x_wconf 83' lang='lat' dir='ltr'>auocandj.</span> <span class='ocrx_word' id='word_1_140' title='bbox 302 729 381 764; x_wconf 91' lang='lat' dir='ltr'>Nisi</span> <span class='ocrx_word' id='word_1_141' title='bbox 415 732 535 763; x_wconf 87' lang='lat' dir='ltr'>autem</span> <span class='ocrx_word' id='word_1_142' title='bbox 562 728 696 762; x_wconf 79' lang='lat' dir='ltr'>Romae</span> <span class='ocrx_word' id='word_1_143' title='bbox 732 731 889 770; x_wconf 87' lang='lat' dir='ltr'>curetur,</span> <span class='ocrx_word' id='word_1_144' title='bbox 925 741 995 763; x_wconf 91' lang='lat' dir='ltr'>non</span> <span class='ocrx_word' id='word_1_145' title='bbox 1020 729 1125 763; x_wconf 86' lang='lat' dir='ltr'>video</span> <span class='ocrx_word' id='word_1_146' title='bbox 1161 728 1222 762; x_wconf 84' lang='lat' dir='ltr'>vbi</span> <span class='ocrx_word' id='word_1_147' title='bbox 1258 728 1373 772; x_wconf 82' lang='lat' dir='ltr'>possit</span> <span class='ocrx_word' id='word_1_148' title='bbox 1400 739 1420 761; x_wconf 85' lang='lat' dir='ltr'>a</span> <span class='ocrx_word' id='word_1_149' title='bbox 1445 727 1547 762; x_wconf 90' lang='lat' dir='ltr'>nobis</span> <span class='ocrx_word' id='word_1_150' title='bbox 1573 727 1702 772; x_wconf 82' lang='lat' dir='ltr'>iuuarj.</span> <span class='ocrx_word' id='word_1_151' title='bbox 1753 726 1837 761; x_wconf 82' lang='lat' dir='ltr'>Suc-</span> 
     </span>
     <span class='ocr_line' id='line_1_13' title="bbox 67 780 1838 824; baseline -0.004 -4"><span class='ocrx_word' id='word_1_152' title='bbox 67 796 245 820; x_wconf 88' lang='lat' dir='ltr'>cessorem</span> <span class='ocrx_word' id='word_1_153' title='bbox 272 784 370 818; x_wconf 87' lang='lat' dir='ltr'>illius</span> <span class='ocrx_word' id='word_1_154' title='bbox 396 783 541 817; x_wconf 81' lang='lat' dir='ltr'>Vnicum</span> <span class='ocrx_word' id='word_1_155' title='bbox 568 782 743 816; x_wconf 87' lang='lat' dir='ltr'>habemus</span> <span class='ocrx_word' id='word_1_156' title='bbox 770 783 809 816; x_wconf 83' lang='lat' dir='ltr'>P.</span> <span class='ocrx_word' id='word_1_157' title='bbox 837 782 1031 816; x_wconf 79' lang='lat' dir='ltr'>Antonium</span> <span class='ocrx_word' id='word_1_158' title='bbox 1059 781 1279 816; x_wconf 83' lang='lat' dir='ltr'>Glesselium</span> <span class='ocrx_word' id='word_1_159' title='bbox 1291 781 1314 822; x_wconf 81' lang='lat'>⁶,</span> <span class='ocrx_word' id='word_1_160' title='bbox 1351 780 1412 824; x_wconf 82' lang='lat' dir='ltr'>qui</span> <span class='ocrx_word' id='word_1_161' title='bbox 1444 780 1620 814; x_wconf 87' lang='lat' dir='ltr'>hactenus</span> <span class='ocrx_word' id='word_1_162' title='bbox 1647 780 1838 824; x_wconf 90' lang='lat' dir='ltr'>Oeniponti</span> 
     </span>
     <span class='ocr_line' id='line_1_14' title="bbox 66 832 1837 883; baseline -0.004 -9"><span class='ocrx_word' id='word_1_163' title='bbox 66 852 105 874; x_wconf 90' lang='lat' dir='ltr'>se</span> <span class='ocrx_word' id='word_1_164' title='bbox 141 839 260 883; x_wconf 84' lang='lat' dir='ltr'>quiete</span> <span class='ocrx_word' id='word_1_165' title='bbox 295 839 332 872; x_wconf 85' lang='lat' dir='ltr'>et</span> <span class='ocrx_word' id='word_1_166' title='bbox 365 836 528 870; x_wconf 81' lang='lat' dir='ltr'>modeste</span> <span class='ocrx_word' id='word_1_167' title='bbox 563 847 689 879; x_wconf 85' lang='lat' dir='ltr'>gerere</span> <span class='ocrx_word' id='word_1_168' title='bbox 725 835 876 870; x_wconf 82' lang='lat' dir='ltr'>dicitur“</span> <span class='ocrx_word' id='word_1_169' title='bbox 919 836 980 879; x_wconf 84' lang='lat' dir='ltr'>(ex</span> <span class='ocrx_word' id='word_1_170' title='bbox 1006 834 1248 880; x_wconf 78' lang='lat' dir='ltr'>autographo3</span> <span class='ocrx_word' id='word_1_171' title='bbox 1288 833 1329 868; x_wconf 86' lang='lat' dir='ltr'>G.</span> <span class='ocrx_word' id='word_1_172' title='bbox 1358 834 1422 878; x_wconf 88' lang='lat' dir='ltr'>Ep.</span> <span class='ocrx_word' id='word_1_173' title='bbox 1449 833 1499 868; x_wconf 86' lang='lat' dir='ltr'>IX</span> <span class='ocrx_word' id='word_1_174' title='bbox 1534 833 1559 867; x_wconf 90' lang='lat' dir='ltr'>f.</span> <span class='ocrx_word' id='word_1_175' title='bbox 1589 832 1837 876; x_wconf 64' lang='lat'>1512—1531&gt;).</span> 
     </span>
    </p>
   </div>
   <div class='ocr_carea' id='block_1_3' title="bbox 68 937 1840 1030">
    <p class='ocr_par' dir='ltr' id='par_1_3' title="bbox 68 937 1840 1030">
     <span class='ocr_line' id='line_1_15' title="bbox 68 937 1840 984; baseline -0.005 -5"><span class='ocrx_word' id='word_1_176' title='bbox 68 941 217 979; x_wconf 83' lang='lat'>1554.</span> <span class='ocrx_word' id='word_1_177' title='bbox 285 938 591 978; x_wconf 79' lang='lat' dir='ltr'>SANCTUS</span> <span class='ocrx_word' id='word_1_178' title='bbox 618 938 1048 976; x_wconf 77' lang='lat' dir='ltr'><strong>FRANCISCUS</strong></span> <span class='ocrx_word' id='word_1_179' title='bbox 1072 937 1386 975; x_wconf 74' lang='lat' dir='ltr'><strong>BORGIAS</strong></span> <span class='ocrx_word' id='word_1_180' title='bbox 1410 939 1639 984; x_wconf 84' lang='lat' dir='ltr'>praepositus</span> <span class='ocrx_word' id='word_1_181' title='bbox 1659 937 1840 981; x_wconf 85' lang='lat' dir='ltr'>generalis</span> 
     </span>
     <span class='ocr_line' id='line_1_16' title="bbox 259 991 1791 1030; baseline -0.003 -1"><span class='ocrx_word' id='word_1_182' title='bbox 259 994 451 1030; x_wconf 84' lang='lat' dir='ltr'>Societatis</span> <span class='ocrx_word' id='word_1_183' title='bbox 477 994 561 1028; x_wconf 88' lang='lat' dir='ltr'>Iesu</span> <span class='ocrx_word' id='word_1_184' title='bbox 587 993 789 1027; x_wconf 80' lang='lat' dir='ltr'>CANISIO.</span> <span class='ocrx_word' id='word_1_185' title='bbox 1287 992 1400 1026; x_wconf 83' lang='lat' dir='ltr'>Roma</span> <span class='ocrx_word' id='word_1_186' title='bbox 1429 992 1487 1026; x_wconf 87' lang='lat'>17.</span> <span class='ocrx_word' id='word_1_187' title='bbox 1504 991 1659 1025; x_wconf 77' lang='lat' dir='ltr'>Ianuarii</span> <span class='ocrx_word' id='word_1_188' title='bbox 1690 991 1791 1025; x_wconf 81' lang='lat'>1568.</span> 
     </span>
    </p>
   </div>
   <div class='ocr_carea' id='block_1_4' title="bbox 69 1055 1843 1862">
    <p class='ocr_par' dir='ltr' id='par_1_4' title="bbox 69 1055 1839 1212">
     <span class='ocr_line' id='line_1_17' title="bbox 187 1055 1838 1105; baseline -0.004 -11"><span class='ocrx_word' id='word_1_189' title='bbox 187 1061 242 1095; x_wconf 82' lang='lat' dir='ltr'>Ex</span> <span class='ocrx_word' id='word_1_190' title='bbox 269 1059 475 1105; x_wconf 84' lang='lat' dir='ltr'>apographo</span> <span class='ocrx_word' id='word_1_191' title='bbox 501 1058 612 1092; x_wconf 91' lang='lat' dir='ltr'>eiusd.</span> <span class='ocrx_word' id='word_1_192' title='bbox 632 1060 761 1103; x_wconf 79' lang='lat' dir='ltr'>temp.;</span> <span class='ocrx_word' id='word_1_193' title='bbox 790 1059 824 1091; x_wconf 90' lang='lat' dir='ltr'>in</span> <span class='ocrx_word' id='word_1_194' title='bbox 848 1058 1022 1101; x_wconf 82' lang='lat' dir='ltr'>margine,</span> <span class='ocrx_word' id='word_1_195' title='bbox 1050 1057 1173 1091; x_wconf 83' lang='lat' dir='ltr'>eadem</span> <span class='ocrx_word' id='word_1_196' title='bbox 1193 1068 1321 1090; x_wconf 83' lang='lat' dir='ltr'>manu:</span> <span class='ocrx_word' id='word_1_197' title='bbox 1353 1056 1529 1100; x_wconf 88' lang='lat' dir='ltr'>„Dilinga,</span> <span class='ocrx_word' id='word_1_198' title='bbox 1557 1068 1576 1090; x_wconf 96' lang='lat' dir='ltr'>o</span> <span class='ocrx_word' id='word_1_199' title='bbox 1601 1056 1640 1091; x_wconf 84' lang='lat' dir='ltr'>P.</span> <span class='ocrx_word' id='word_1_200' title='bbox 1661 1055 1838 1089; x_wconf 79' lang='lat' dir='ltr'>Canisio“.</span> 
     </span>
     <span class='ocr_line' id='line_1_18' title="bbox 70 1108 1839 1157; baseline -0.004 -8"><span class='ocrx_word' id='word_1_201' title='bbox 70 1114 189 1149; x_wconf 82' lang='lat' dir='ltr'>Germ.</span> <span class='ocrx_word' id='word_1_202' title='bbox 217 1114 261 1148; x_wconf 84' lang='lat'>67</span> <span class='ocrx_word' id='word_1_203' title='bbox 297 1113 321 1148; x_wconf 91' lang='lat' dir='ltr'>f.</span> <span class='ocrx_word' id='word_1_204' title='bbox 352 1113 445 1148; x_wconf 49' lang='lat'>1002».</span> <span class='ocrx_word' id='word_1_205' title='bbox 496 1111 685 1157; x_wconf 80' lang='lat' dir='ltr'>Epistulae</span> <span class='ocrx_word' id='word_1_206' title='bbox 720 1123 897 1145; x_wconf 88' lang='lat' dir='ltr'>summam</span> <span class='ocrx_word' id='word_1_207' title='bbox 923 1111 1043 1156; x_wconf 88' lang='lat' dir='ltr'>posuit</span> <span class='ocrx_word' id='word_1_208' title='bbox 1078 1111 1196 1154; x_wconf 79' lang='lat' dir='ltr'>Duhr,</span> <span class='ocrx_word' id='word_1_209' title='bbox 1231 1110 1304 1144; x_wconf 83' lang='lat' dir='ltr'>Jes.</span> <span class='ocrx_word' id='word_1_210' title='bbox 1342 1121 1387 1143; x_wconf 88' lang='lat' dir='ltr'>an</span> <span class='ocrx_word' id='word_1_211' title='bbox 1421 1109 1611 1144; x_wconf 74' lang='lat' dir='ltr'>Fiirstenh.</span> <span class='ocrx_word' id='word_1_212' title='bbox 1649 1109 1712 1149; x_wconf 79' lang='lat'>77;</span> <span class='ocrx_word' id='word_1_213' title='bbox 1748 1108 1839 1143; x_wconf 90' lang='lat' dir='ltr'>eius-</span> 
     </span>
     <span class='ocr_line' id='line_1_19' title="bbox 69 1162 1315 1212; baseline -0.005 -10"><span class='ocrx_word' id='word_1_214' title='bbox 69 1168 148 1202; x_wconf 86' lang='lat' dir='ltr'>dem</span> <span class='ocrx_word' id='word_1_215' title='bbox 177 1170 315 1212; x_wconf 87' lang='lat' dir='ltr'>partem</span> <span class='ocrx_word' id='word_1_216' title='bbox 341 1167 513 1200; x_wconf 89' lang='lat' dir='ltr'>maiorem</span> <span class='ocrx_word' id='word_1_217' title='bbox 539 1165 659 1210; x_wconf 85' lang='lat' dir='ltr'>posuit</span> <span class='ocrx_word' id='word_1_218' title='bbox 685 1166 787 1199; x_wconf 79' lang='lat' dir='ltr'>Suau</span> <span class='ocrx_word' id='word_1_219' title='bbox 814 1164 836 1199; x_wconf 93' lang='lat' dir='ltr'>l.</span> <span class='ocrx_word' id='word_1_220' title='bbox 865 1176 894 1199; x_wconf 93' lang='grc'>0.</span> <span class='ocrx_word' id='word_1_221' title='bbox 921 1164 1110 1198; x_wconf 71' lang='lat'>435-436</span> <span class='ocrx_word' id='word_1_222' title='bbox 1139 1162 1315 1207; x_wconf 80' lang='lat' dir='ltr'>(gallice).</span> 
     </span>
    </p>

    <p class='ocr_par' dir='ltr' id='par_1_5' title="bbox 69 1227 1843 1862">
     <span class='ocr_line' id='line_1_20' title="bbox 193 1227 1841 1273; baseline -0.004 -8"><span class='ocrx_word' id='word_1_223' title='bbox 193 1232 378 1265; x_wconf 58' lang='lat' dir='ltr'>Canaisium</span> <span class='ocrx_word' id='word_1_224' title='bbox 419 1231 513 1264; x_wconf 75' lang='lat' dir='ltr'>iubet</span> <span class='ocrx_word' id='word_1_225' title='bbox 553 1231 778 1273; x_wconf 68' lang='lat' dir='ltr'>Oenipontem</span> <span class='ocrx_word' id='word_1_226' title='bbox 817 1241 893 1263; x_wconf 83' lang='lat' dir='ltr'>eum</span> <span class='ocrx_word' id='word_1_227' title='bbox 934 1230 1031 1262; x_wconf 75' lang='lat' dir='ltr'>novis</span> <span class='ocrx_word' id='word_1_228' title='bbox 1069 1230 1217 1271; x_wconf 76' lang='lat' dir='ltr'>litteris,</span> <span class='ocrx_word' id='word_1_229' title='bbox 1256 1239 1345 1272; x_wconf 74' lang='lat' dir='ltr'>quas</span> <span class='ocrx_word' id='word_1_230' title='bbox 1384 1229 1453 1270; x_wconf 70' lang='lat' dir='ltr'>ipsi</span> <span class='ocrx_word' id='word_1_231' title='bbox 1490 1228 1616 1270; x_wconf 77' lang='lat' dir='ltr'>mittit,</span> <span class='ocrx_word' id='word_1_232' title='bbox 1654 1227 1773 1260; x_wconf 83' lang='lat' dir='ltr'>redire</span> <span class='ocrx_word' id='word_1_233' title='bbox 1811 1231 1841 1259; x_wconf 86' lang='lat' dir='ltr'>et</span> 
     </span>
     <span class='ocr_line' id='line_1_21' title="bbox 69 1280 1840 1329; baseline -0.005 -10"><span class='ocrx_word' id='word_1_234' title='bbox 69 1286 204 1329; x_wconf 72' lang='lat' dir='ltr'>reqim‘s</span> <span class='ocrx_word' id='word_1_235' title='bbox 238 1285 323 1318; x_wconf 83' lang='lat' dir='ltr'>haec</span> <span class='ocrx_word' id='word_1_236' title='bbox 351 1295 579 1328; x_wconf 74' lang='lat' dir='ltr'>proponere:</span> <span class='ocrx_word' id='word_1_237' title='bbox 613 1284 821 1326; x_wconf 67' lang='lat' dir='ltr'>Praeposito</span> <span class='ocrx_word' id='word_1_238' title='bbox 851 1283 1012 1325; x_wconf 67' lang='lat' dir='ltr'>yeueralt’</span> <span class='ocrx_word' id='word_1_239' title='bbox 1038 1282 1213 1326; x_wconf 74' lang='lat' dir='ltr'>quidquid</span> <span class='ocrx_word' id='word_1_240' title='bbox 1240 1283 1327 1324; x_wconf 72' lang='lat' dir='ltr'>ipsi-s</span> <span class='ocrx_word' id='word_1_241' title='bbox 1351 1281 1482 1314; x_wconf 75' lang='lat' dir='ltr'>solacio</span> <span class='ocrx_word' id='word_1_242' title='bbox 1510 1292 1580 1313; x_wconf 74' lang='lat' dir='ltr'>uon</span> <span class='ocrx_word' id='word_1_243' title='bbox 1607 1284 1665 1323; x_wconf 81' lang='lat' dir='ltr'>est,</span> <span class='ocrx_word' id='word_1_244' title='bbox 1691 1280 1840 1312; x_wconf 80' lang='lat' dir='ltr'>multum</span> 
     </span>
     <span class='ocr_line' id='line_1_22' title="bbox 69 1334 1840 1382; baseline -0.003 -10"><span class='ocrx_word' id='word_1_245' title='bbox 69 1340 240 1382; x_wconf 69' lang='lat' dir='ltr'>displicet.</span> <span class='ocrx_word' id='word_1_246' title='bbox 297 1339 463 1372; x_wconf 78' lang='lat' dir='ltr'>Attamen</span> <span class='ocrx_word' id='word_1_247' title='bbox 499 1349 520 1371; x_wconf 85' lang='lat' dir='ltr'>a</span> <span class='ocrx_word' id='word_1_248' title='bbox 556 1338 678 1370; x_wconf 70' lang='lat' dir='ltr'>divino</span> <span class='ocrx_word' id='word_1_249' title='bbox 712 1337 893 1378; x_wconf 77' lang='lat' dir='ltr'>famulatu</span> <span class='ocrx_word' id='word_1_250' title='bbox 929 1337 1085 1369; x_wconf 67' lang='lat' dir='ltr'>alienum</span> <span class='ocrx_word' id='word_1_251' title='bbox 1124 1340 1171 1368; x_wconf 79' lang='lat' dir='ltr'>est</span> <span class='ocrx_word' id='word_1_252' title='bbox 1205 1346 1264 1367; x_wconf 83' lang='lat' dir='ltr'>eas</span> <span class='ocrx_word' id='word_1_253' title='bbox 1298 1345 1380 1367; x_wconf 80' lang='lat' dir='ltr'>suos</span> <span class='ocrx_word' id='word_1_254' title='bbox 1414 1334 1483 1367; x_wconf 74' lang='lat' dir='ltr'>sibi</span> <span class='ocrx_word' id='word_1_255' title='bbox 1519 1334 1754 1375; x_wconf 74' lang='lat' dir='ltr'>confessarios</span> <span class='ocrx_word' id='word_1_256' title='bbox 1788 1344 1840 1366; x_wconf 87' lang='lat' dir='ltr'>re-</span> 
     </span>
     <span class='ocr_line' id='line_1_23' title="bbox 69 1386 1841 1435; baseline -0.003 -9"><span class='ocrx_word' id='word_1_257' title='bbox 69 1395 203 1435; x_wconf 79' lang='lat' dir='ltr'>tinere,·</span> <span class='ocrx_word' id='word_1_258' title='bbox 236 1397 340 1435; x_wconf 75' lang='lat' dir='ltr'>atque</span> <span class='ocrx_word' id='word_1_259' title='bbox 374 1393 540 1435; x_wconf 74' lang='lat' dir='ltr'>ipsaemet</span> <span class='ocrx_word' id='word_1_260' title='bbox 573 1392 737 1433; x_wconf 74' lang='lat' dir='ltr'>fatentur</span> <span class='ocrx_word' id='word_1_261' title='bbox 770 1392 961 1423; x_wconf 71' lang='lat' dir='ltr'>sanctioris</span> <span class='ocrx_word' id='word_1_262' title='bbox 996 1400 1064 1423; x_wconf 85' lang='lat' dir='ltr'>esse</span> <span class='ocrx_word' id='word_1_263' title='bbox 1098 1389 1251 1431; x_wconf 71' lang='lat' dir='ltr'>consilii,</span> <span class='ocrx_word' id='word_1_264' title='bbox 1288 1392 1325 1420; x_wconf 81' lang='lat' dir='ltr'>ut</span> <span class='ocrx_word' id='word_1_265' title='bbox 1362 1388 1576 1430; x_wconf 73' lang='lat' dir='ltr'>confessarii</span> <span class='ocrx_word' id='word_1_266' title='bbox 1602 1388 1750 1420; x_wconf 76' lang='lat' dir='ltr'>delectus</span> <span class='ocrx_word' id='word_1_267' title='bbox 1777 1386 1841 1420; x_wconf 88' lang='lat' dir='ltr'>So-</span> 
     </span>
     <span class='ocr_line' id='line_1_24' title="bbox 71 1440 1840 1489; baseline -0.004 -10"><span class='ocrx_word' id='word_1_268' title='bbox 71 1448 187 1479; x_wconf 75' lang='lat' dir='ltr'>cietati</span> <span class='ocrx_word' id='word_1_269' title='bbox 206 1447 453 1489; x_wconf 74' lang='lat' dir='ltr'>permittatur.</span> <span class='ocrx_word' id='word_1_270' title='bbox 500 1445 619 1486; x_wconf 85' lang='lat' dir='ltr'>Quare</span> <span class='ocrx_word' id='word_1_271' title='bbox 644 1444 800 1487; x_wconf 68' lang='lat' dir='ltr'>Boryfas</span> <span class='ocrx_word' id='word_1_272' title='bbox 827 1455 883 1476; x_wconf 83' lang='lat' dir='ltr'>eas</span> <span class='ocrx_word' id='word_1_273' title='bbox 909 1444 1024 1477; x_wconf 77' lang='lat' dir='ltr'>denuo</span> <span class='ocrx_word' id='word_1_274' title='bbox 1050 1447 1164 1485; x_wconf 71' lang='lat' dir='ltr'>royat,</span> <span class='ocrx_word' id='word_1_275' title='bbox 1195 1446 1268 1484; x_wconf 78' lang='lat' dir='ltr'>aut,</span> <span class='ocrx_word' id='word_1_276' title='bbox 1296 1452 1395 1484; x_wconf 67' lang='lat' dir='ltr'>quem</span> <span class='ocrx_word' id='word_1_277' title='bbox 1423 1441 1580 1474; x_wconf 71' lang='lat' dir='ltr'>Societas</span> <span class='ocrx_word' id='word_1_278' title='bbox 1606 1441 1751 1483; x_wconf 69' lang='lat' dir='ltr'>dederit,</span> <span class='ocrx_word' id='word_1_279' title='bbox 1779 1440 1840 1472; x_wconf 83' lang='lat' dir='ltr'>ad-</span> 
     </span>
     <span class='ocr_line' id='line_1_25' title="bbox 69 1494 1840 1543; baseline -0.005 -10"><span class='ocrx_word' id='word_1_280' title='bbox 69 1501 222 1543; x_wconf 77' lang='lat' dir='ltr'>mittant,</span> <span class='ocrx_word' id='word_1_281' title='bbox 249 1503 313 1533; x_wconf 84' lang='lat' dir='ltr'>aut</span> <span class='ocrx_word' id='word_1_282' title='bbox 339 1499 407 1532; x_wconf 73' lang='lat' dir='ltr'>sibi</span> <span class='ocrx_word' id='word_1_283' title='bbox 430 1499 650 1541; x_wconf 74' lang='lat' dir='ltr'>permittant,</span> <span class='ocrx_word' id='word_1_284' title='bbox 685 1502 725 1530; x_wconf 77' lang='lat' dir='ltr'>ut</span> <span class='ocrx_word' id='word_1_285' title='bbox 760 1498 973 1540; x_wconf 70' lang='lat' dir='ltr'>imperatori</span> <span class='ocrx_word' id='word_1_286' title='bbox 1007 1501 1037 1529; x_wconf 88' lang='lat' dir='ltr'>et</span> <span class='ocrx_word' id='word_1_287' title='bbox 1062 1496 1252 1529; x_wconf 73' lang='lat' dir='ltr'>arclu‘duct</span> <span class='ocrx_word' id='word_1_288' title='bbox 1286 1506 1358 1528; x_wconf 81' lang='lat' dir='ltr'>rem</span> <span class='ocrx_word' id='word_1_289' title='bbox 1395 1505 1530 1527; x_wconf 79' lang='lat' dir='ltr'>omnem</span> <span class='ocrx_word' id='word_1_290' title='bbox 1557 1497 1732 1536; x_wconf 70' lang='lat' dir='ltr'>exponat;</span> <span class='ocrx_word' id='word_1_291' title='bbox 1767 1494 1840 1526; x_wconf 74' lang='lat' dir='ltr'>iam</span> 
     </span>
     <span class='ocr_line' id='line_1_26' title="bbox 71 1548 1841 1592; baseline -0.005 -6"><span class='ocrx_word' id='word_1_292' title='bbox 71 1555 164 1587; x_wconf 77' lang='lat' dir='ltr'>enim</span> <span class='ocrx_word' id='word_1_293' title='bbox 193 1553 335 1586; x_wconf 79' lang='lat' dir='ltr'>sinistri</span> <span class='ocrx_word' id='word_1_294' title='bbox 361 1553 565 1585; x_wconf 78' lang='lat' dir='ltr'>audiuntur</span> <span class='ocrx_word' id='word_1_295' title='bbox 589 1562 762 1584; x_wconf 82' lang='lat' dir='ltr'>rumores.</span> <span class='ocrx_word' id='word_1_296' title='bbox 815 1551 915 1592; x_wconf 69' lang='lat' dir='ltr'>Quod</span> <span class='ocrx_word' id='word_1_297' title='bbox 941 1550 989 1582; x_wconf 79' lang='lat' dir='ltr'>ad</span> <span class='ocrx_word' id='word_1_298' title='bbox 1014 1549 1155 1582; x_wconf 72' lang='lat' dir='ltr'>kalense</span> <span class='ocrx_word' id='word_1_299' title='bbox 1179 1550 1354 1592; x_wconf 68' lang='lat' dir='ltr'>ueyott’um</span> <span class='ocrx_word' id='word_1_300' title='bbox 1381 1549 1515 1590; x_wconf 71' lang='lat' dir='ltr'>attinet,</span> <span class='ocrx_word' id='word_1_301' title='bbox 1543 1548 1675 1589; x_wconf 68' lang='lat' dir='ltr'>reyinis</span> <span class='ocrx_word' id='word_1_302' title='bbox 1697 1551 1841 1590; x_wconf 70' lang='lat' dir='ltr'>yratum</span> 
     </span>
     <span class='ocr_line' id='line_1_27' title="bbox 70 1602 1841 1649; baseline -0.005 -9"><span class='ocrx_word' id='word_1_303' title='bbox 70 1618 139 1640; x_wconf 85' lang='lat' dir='ltr'>esse</span> <span class='ocrx_word' id='word_1_304' title='bbox 164 1607 269 1649; x_wconf 82' lang='lat' dir='ltr'>debet,</span> <span class='ocrx_word' id='word_1_305' title='bbox 303 1607 336 1639; x_wconf 72' lang='lat' dir='ltr'>si</span> <span class='ocrx_word' id='word_1_306' title='bbox 363 1606 517 1639; x_wconf 72' lang='lat' dir='ltr'>Societas</span> <span class='ocrx_word' id='word_1_307' title='bbox 551 1606 753 1637; x_wconf 64' lang='lat' dir='ltr'>‘institutum</span> <span class='ocrx_word' id='word_1_308' title='bbox 787 1615 892 1636; x_wconf 80' lang='lat' dir='ltr'>suum.</span> <span class='ocrx_word' id='word_1_309' title='bbox 919 1604 1087 1637; x_wconf 71' lang='lat' dir='ltr'>observat.</span> <span class='ocrx_word' id='word_1_310' title='bbox 1139 1603 1252 1645; x_wconf 82' lang='lat' dir='ltr'>Ipsae,</span> <span class='ocrx_word' id='word_1_311' title='bbox 1289 1602 1515 1645; x_wconf 74' lang='lat' dir='ltr'>quantumvis</span> <span class='ocrx_word' id='word_1_312' title='bbox 1547 1605 1690 1633; x_wconf 75' lang='lat' dir='ltr'>sanetae</span> <span class='ocrx_word' id='word_1_313' title='bbox 1714 1602 1786 1633; x_wconf 77' lang='lat' dir='ltr'>siut</span> <span class='ocrx_word' id='word_1_314' title='bbox 1812 1604 1841 1633; x_wconf 83' lang='lat' dir='ltr'>et</span> 
     </span>
     <span class='ocr_line' id='line_1_28' title="bbox 72 1655 1841 1702; baseline -0.005 -8"><span class='ocrx_word' id='word_1_315' title='bbox 72 1662 257 1694; x_wconf 75' lang='lat' dir='ltr'>Societatz&#39;s</span> <span class='ocrx_word' id='word_1_316' title='bbox 283 1663 450 1702; x_wconf 77' lang='lat' dir='ltr'>amantes,</span> <span class='ocrx_word' id='word_1_317' title='bbox 486 1659 666 1691; x_wconf 78' lang='lat' dir='ltr'>maximas</span> <span class='ocrx_word' id='word_1_318' title='bbox 692 1659 730 1690; x_wconf 78' lang='lat' dir='ltr'>iu</span> <span class='ocrx_word' id='word_1_319' title='bbox 756 1658 928 1690; x_wconf 80' lang='lat' dir='ltr'>mutando</span> <span class='ocrx_word' id='word_1_320' title='bbox 955 1656 1172 1698; x_wconf 72' lang='lat' dir='ltr'>confessario</span> <span class='ocrx_word' id='word_1_321' title='bbox 1200 1655 1368 1689; x_wconf 67' lang='lat' dir='ltr'>Societati</span> <span class='ocrx_word' id='word_1_322' title='bbox 1393 1655 1623 1697; x_wconf 71' lang='lat' dir='ltr'>difficultates</span> <span class='ocrx_word' id='word_1_323' title='bbox 1649 1657 1841 1697; x_wconf 76' lang='lat' dir='ltr'>oppoumzt,</span> 
     </span>
     <span class='ocr_line' id='line_1_29' title="bbox 71 1708 1842 1754; baseline -0.005 -8"><span class='ocrx_word' id='word_1_324' title='bbox 71 1718 101 1747; x_wconf 88' lang='lat' dir='ltr'>et</span> <span class='ocrx_word' id='word_1_325' title='bbox 127 1725 204 1746; x_wconf 80' lang='lat' dir='ltr'>eum</span> <span class='ocrx_word' id='word_1_326' title='bbox 238 1724 273 1746; x_wconf 82' lang='lat' dir='ltr'>se</span> <span class='ocrx_word' id='word_1_327' title='bbox 307 1714 345 1745; x_wconf 74' lang='lat' dir='ltr'>iu</span> <span class='ocrx_word' id='word_1_328' title='bbox 373 1713 477 1745; x_wconf 83' lang='lat' dir='ltr'>rebus</span> <span class='ocrx_word' id='word_1_329' title='bbox 502 1712 618 1744; x_wconf 78' lang='lat' dir='ltr'>saeris</span> <span class='ocrx_word' id='word_1_330' title='bbox 646 1722 714 1754; x_wconf 80' lang='lat' dir='ltr'>per</span> <span class='ocrx_word' id='word_1_331' title='bbox 742 1712 948 1744; x_wconf 76' lang='lat' dir='ltr'>Societatem</span> <span class='ocrx_word' id='word_1_332' title='bbox 975 1711 1050 1752; x_wconf 70' lang='lat' dir='ltr'>reyt</span> <span class='ocrx_word' id='word_1_333' title='bbox 1078 1709 1158 1742; x_wconf 64' lang='lat' dir='ltr'>velle</span> <span class='ocrx_word' id='word_1_334' title='bbox 1184 1709 1316 1750; x_wconf 70' lang='lat' dir='ltr'>die-aut,</span> <span class='ocrx_word' id='word_1_335' title='bbox 1354 1708 1480 1741; x_wconf 70' lang='lat' dir='ltr'>nolunt</span> <span class='ocrx_word' id='word_1_336' title='bbox 1513 1718 1548 1740; x_wconf 78' lang='lat' dir='ltr'>se</span> <span class='ocrx_word' id='word_1_337' title='bbox 1573 1708 1681 1740; x_wconf 77' lang='lat' dir='ltr'>eidem</span> <span class='ocrx_word' id='word_1_338' title='bbox 1709 1717 1842 1739; x_wconf 83' lang='lat' dir='ltr'>accom-</span> 
     </span>
     <span class='ocr_line' id='line_1_30' title="bbox 71 1760 1843 1809; baseline -0.005 -9"><span class='ocrx_word' id='word_1_339' title='bbox 71 1768 227 1801; x_wconf 82' lang='lat' dir='ltr'>modare.</span> <span class='ocrx_word' id='word_1_340' title='bbox 281 1767 375 1808; x_wconf 76' lang='lat' dir='ltr'>Quid</span> <span class='ocrx_word' id='word_1_341' title='bbox 409 1766 630 1809; x_wconf 81' lang='lat' dir='ltr'>sperandum</span> <span class='ocrx_word' id='word_1_342' title='bbox 665 1766 706 1797; x_wconf 78' lang='lat' dir='ltr'>de</span> <span class='ocrx_word' id='word_1_343' title='bbox 731 1765 868 1807; x_wconf 65' lang='lat' dir='ltr'>intem-o</span> <span class='ocrx_word' id='word_1_344' title='bbox 895 1765 1075 1806; x_wconf 59' lang='lat' dir='ltr'>‘thyinum</span> <span class='ocrx_word' id='word_1_345' title='bbox 1103 1763 1276 1805; x_wconf 60' lang='lat' dir='ltr'>colleqffo?</span> <span class='ocrx_word' id='word_1_346' title='bbox 1328 1762 1446 1803; x_wconf 80' lang='lat' dir='ltr'>Quare</span> <span class='ocrx_word' id='word_1_347' title='bbox 1474 1762 1629 1794; x_wconf 72' lang='lat' dir='ltr'>Societas</span> <span class='ocrx_word' id='word_1_348' title='bbox 1663 1762 1733 1793; x_wconf 72' lang='lat' dir='ltr'>tam</span> <span class='ocrx_word' id='word_1_349' title='bbox 1760 1760 1843 1792; x_wconf 71' lang='lat' dir='ltr'>inde</span> 
     </span>
     <span class='ocr_line' id='line_1_31' title="bbox 71 1819 865 1862; baseline -0.005 -8"><span class='ocrx_word' id='word_1_350' title='bbox 71 1822 114 1854; x_wconf 85' lang='lat' dir='ltr'>ab</span> <span class='ocrx_word' id='word_1_351' title='bbox 140 1822 243 1854; x_wconf 78' lang='lat' dir='ltr'>initio</span> <span class='ocrx_word' id='word_1_352' title='bbox 270 1822 344 1853; x_wconf 78' lang='lat' dir='ltr'>eius</span> <span class='ocrx_word' id='word_1_353' title='bbox 367 1821 506 1862; x_wconf 72' lang='lat' dir='ltr'>yenerz&#39;s</span> <span class='ocrx_word' id='word_1_354' title='bbox 533 1819 655 1861; x_wconf 70' lang='lat' dir='ltr'>officia</span> <span class='ocrx_word' id='word_1_355' title='bbox 680 1819 865 1851; x_wconf 75' lang='lat' dir='ltr'>recusavit.</span> 
     </span>
    </p>
   </div>
   <div class='ocr_carea' id='block_1_5' title="bbox 70 1884 1845 2666">
    <p class='ocr_par' dir='ltr' id='par_1_6' title="bbox 70 1884 1845 2666">
     <span class='ocr_line' id='line_1_32' title="bbox 189 1884 1843 1942; baseline -0.007 -7"><span class='ocrx_word' id='word_1_356' title='bbox 189 1892 284 1934; x_wconf 84' lang='lat' dir='ltr'>Pax</span> <span class='ocrx_word' id='word_1_357' title='bbox 318 1897 387 1934; x_wconf 82' lang='lat' dir='ltr'>etc.</span> <span class='ocrx_word' id='word_1_358' title='bbox 451 1892 520 1933; x_wconf 93' lang='lat' dir='ltr'>Ho</span> <span class='ocrx_word' id='word_1_359' title='bbox 562 1891 757 1933; x_wconf 87' lang='lat' dir='ltr'>riceuuto</span> <span class='ocrx_word' id='word_1_360' title='bbox 801 1889 942 1942; x_wconf 88' lang='lat' dir='ltr'>quelle</span> <span class='ocrx_word' id='word_1_361' title='bbox 976 1887 1017 1929; x_wconf 88' lang='lat' dir='ltr'>di</span> <span class='ocrx_word' id='word_1_362' title='bbox 1050 1888 1102 1930; x_wconf 91' lang='lat' dir='ltr'>V.</span> <span class='ocrx_word' id='word_1_363' title='bbox 1136 1887 1188 1930; x_wconf 87' lang='lat' dir='ltr'>R.</span> <span class='ocrx_word' id='word_1_364' title='bbox 1223 1887 1275 1928; x_wconf 87' lang='lat' dir='ltr'>de</span> <span class='ocrx_word' id='word_1_365' title='bbox 1309 1887 1348 1929; x_wconf 87' lang='lat'>9.</span> <span class='ocrx_word' id='word_1_366' title='bbox 1386 1888 1452 1928; x_wconf 89' lang='lat'>11.</span> <span class='ocrx_word' id='word_1_367' title='bbox 1490 1887 1557 1929; x_wconf 82' lang='lat'>17.</span> <span class='ocrx_word' id='word_1_368' title='bbox 1592 1888 1637 1927; x_wconf 90' lang='lat' dir='ltr'>et</span> <span class='ocrx_word' id='word_1_369' title='bbox 1670 1887 1738 1928; x_wconf 79' lang='lat'>22.</span> <span class='ocrx_word' id='word_1_370' title='bbox 1774 1884 1843 1926; x_wconf 90' lang='lat' dir='ltr'>del</span> 
     </span>
     <span class='ocr_line' id='line_1_33' title="bbox 70 1949 1842 2013; baseline -0.005 -13"><span class='ocrx_word' id='word_1_371' title='bbox 70 1962 249 2013; x_wconf 86' lang='lat' dir='ltr'>passato</span> <span class='ocrx_word' id='word_1_372' title='bbox 283 1960 327 2000; x_wconf 84' lang='lat' dir='ltr'>et</span> <span class='ocrx_word' id='word_1_373' title='bbox 358 1971 436 2011; x_wconf 86' lang='lat' dir='ltr'>per</span> <span class='ocrx_word' id='word_1_374' title='bbox 467 1957 495 1999; x_wconf 91' lang='lat' dir='ltr'>l&#39;</span> <span class='ocrx_word' id='word_1_375' title='bbox 514 1956 668 1999; x_wconf 88' lang='lat' dir='ltr'>ultima</span> <span class='ocrx_word' id='word_1_376' title='bbox 701 1955 810 1997; x_wconf 86' lang='lat' dir='ltr'>uedo</span> <span class='ocrx_word' id='word_1_377' title='bbox 845 1955 871 1995; x_wconf 93' lang='lat' dir='ltr'>l’</span> <span class='ocrx_word' id='word_1_378' title='bbox 891 1953 1033 1996; x_wconf 84' lang='lat' dir='ltr'>officio</span> <span class='ocrx_word' id='word_1_379' title='bbox 1068 1953 1145 1995; x_wconf 91' lang='grc'><strong>0116</strong></span> <span class='ocrx_word' id='word_1_380' title='bbox 1179 1952 1234 1994; x_wconf 85' lang='lat' dir='ltr'>ha</span> <span class='ocrx_word' id='word_1_381' title='bbox 1261 1952 1374 1994; x_wconf 82' lang='lat' dir='ltr'>fatto</span> <span class='ocrx_word' id='word_1_382' title='bbox 1398 1965 1478 1993; x_wconf 87' lang='lat' dir='ltr'>con</span> <span class='ocrx_word' id='word_1_383' title='bbox 1500 1952 1540 1993; x_wconf 87' lang='lat' dir='ltr'>le</span> <span class='ocrx_word' id='word_1_384' title='bbox 1568 1949 1842 1993; x_wconf 85' lang='lat' dir='ltr'>serenissime</span> 
     </span>
     <span class='ocr_line' id='line_1_34' title="bbox 72 2016 1841 2077; baseline -0.005 -12"><span class='ocrx_word' id='word_1_385' title='bbox 72 2024 238 2077; x_wconf 87' lang='lat' dir='ltr'>Regine</span> <span class='ocrx_word' id='word_1_386' title='bbox 262 2057 271 2066; x_wconf 93' lang='lat'>.</span> <span class='ocrx_word' id='word_1_387' title='bbox 296 2022 424 2077; x_wconf 87' lang='lat' dir='ltr'>dopoi</span> <span class='ocrx_word' id='word_1_388' title='bbox 465 2022 544 2064; x_wconf 89' lang='lat' dir='ltr'>che</span> <span class='ocrx_word' id='word_1_389' title='bbox 585 2021 620 2063; x_wconf 88' lang='lat' dir='ltr'>si</span> <span class='ocrx_word' id='word_1_390' title='bbox 654 2021 837 2063; x_wconf 61' lang='grc' dir='ltr'>5011556ἱὶ</span> <span class='ocrx_word' id='word_1_391' title='bbox 869 2020 912 2062; x_wconf 89' lang='lat' dir='ltr'>la</span> <span class='ocrx_word' id='word_1_392' title='bbox 949 2019 1110 2061; x_wconf 84' lang='lat' dir='ltr'>lettera</span> <span class='ocrx_word' id='word_1_393' title='bbox 1143 2018 1230 2060; x_wconf 84' lang='lat' dir='ltr'>alla</span> <span class='ocrx_word' id='word_1_394' title='bbox 1264 2017 1392 2070; x_wconf 87' lang='lat' dir='ltr'>quale</span> <span class='ocrx_word' id='word_1_395' title='bbox 1424 2017 1477 2060; x_wconf 91' lang='lat' dir='ltr'>V.</span> <span class='ocrx_word' id='word_1_396' title='bbox 1512 2017 1562 2059; x_wconf 83' lang='lat' dir='ltr'>R.</span> <span class='ocrx_word' id='word_1_397' title='bbox 1596 2016 1841 2070; x_wconf 59' lang='lat' dir='ltr'>rispondeT,</span> 
     </span>
     <span class='ocr_line' id='line_1_35' title="bbox 71 2080 1843 2141; baseline -0.005 -11"><span class='ocrx_word' id='word_1_398' title='bbox 71 2089 107 2130; x_wconf 90' lang='lat' dir='ltr'>si</span> <span class='ocrx_word' id='word_1_399' title='bbox 140 2103 214 2131; x_wconf 88' lang='lat' dir='ltr'>era</span> <span class='ocrx_word' id='word_1_400' title='bbox 247 2088 289 2130; x_wconf 89' lang='lat' dir='ltr'>di</span> <span class='ocrx_word' id='word_1_401' title='bbox 320 2102 432 2130; x_wconf 92' lang='lat' dir='ltr'>nouo</span> <span class='ocrx_word' id='word_1_402' title='bbox 466 2087 633 2137; x_wconf 85' lang='lat' dir='ltr'>scritto,</span> <span class='ocrx_word' id='word_1_403' title='bbox 675 2085 894 2141; x_wconf 82' lang='lat' dir='ltr'>passando</span> <span class='ocrx_word' id='word_1_404' title='bbox 926 2084 1110 2138; x_wconf 83' lang='lat' dir='ltr'>qualche</span> <span class='ocrx_word' id='word_1_405' title='bbox 1143 2097 1244 2125; x_wconf 89' lang='lat' dir='ltr'>cosa</span> <span class='ocrx_word' id='word_1_406' title='bbox 1276 2082 1350 2137; x_wconf 82' lang='lat' dir='ltr'>piu</span> <span class='ocrx_word' id='word_1_407' title='bbox 1382 2082 1566 2131; x_wconf 81' lang='lat' dir='ltr'>innanzi,</span> <span class='ocrx_word' id='word_1_408' title='bbox 1610 2085 1654 2124; x_wconf 86' lang='lat' dir='ltr'>et</span> <span class='ocrx_word' id='word_1_409' title='bbox 1686 2080 1843 2135; x_wconf 88' lang='lat' dir='ltr'>perche</span> 
     </span>
     <span class='ocr_line' id='line_1_36' title="bbox 71 2147 1844 2207; baseline -0.005 -11"><span class='ocrx_word' id='word_1_410' title='bbox 71 2155 114 2196; x_wconf 88' lang='lat' dir='ltr'>la</span> <span class='ocrx_word' id='word_1_411' title='bbox 146 2168 247 2196; x_wconf 88' lang='lat' dir='ltr'>cosa</span> <span class='ocrx_word' id='word_1_412' title='bbox 279 2153 337 2195; x_wconf 89' lang='lat' dir='ltr'>mi</span> <span class='ocrx_word' id='word_1_413' title='bbox 369 2168 530 2207; x_wconf 83' lang='lat' dir='ltr'>preme,</span> <span class='ocrx_word' id='word_1_414' title='bbox 565 2153 755 2195; x_wconf 82' lang='lat' dir='ltr'>scriuero</span> <span class='ocrx_word' id='word_1_415' title='bbox 789 2150 926 2193; x_wconf 88' lang='lat' dir='ltr'>anche</span> <span class='ocrx_word' id='word_1_416' title='bbox 960 2149 1002 2191; x_wconf 88' lang='lat' dir='ltr'>di</span> <span class='ocrx_word' id='word_1_417' title='bbox 1035 2163 1161 2200; x_wconf 91' lang='lat' dir='ltr'>nouo,</span> <span class='ocrx_word' id='word_1_418' title='bbox 1196 2151 1240 2190; x_wconf 82' lang='lat' dir='ltr'>et</span> <span class='ocrx_word' id='word_1_419' title='bbox 1273 2162 1460 2202; x_wconf 86' lang='lat' dir='ltr'>pregaro</span> <span class='ocrx_word' id='word_1_420' title='bbox 1482 2148 1536 2190; x_wconf 90' lang='lat' dir='ltr'>V.</span> <span class='ocrx_word' id='word_1_421' title='bbox 1560 2147 1638 2189; x_wconf 73' lang='lat' dir='ltr'>R.¹’</span> <span class='ocrx_word' id='word_1_422' title='bbox 1670 2160 1716 2187; x_wconf 90' lang='lat' dir='ltr'>se</span> <span class='ocrx_word' id='word_1_423' title='bbox 1742 2148 1844 2188; x_wconf 77' lang='lat' dir='ltr'>sara</span> 
     </span>
     <span class='ocr_line' id='line_1_37' title="bbox 72 2210 1843 2274; baseline -0.006 -12"><span class='ocrx_word' id='word_1_424' title='bbox 72 2220 233 2274; x_wconf 82' lang='lat' dir='ltr'>partito</span> <span class='ocrx_word' id='word_1_425' title='bbox 268 2219 305 2261; x_wconf 87' lang='lat' dir='ltr'>d&#39;</span> <span class='ocrx_word' id='word_1_426' title='bbox 325 2218 513 2273; x_wconf 62' lang='grc' dir='ltr'>ι1511111011</span> <span class='ocrx_word' id='word_1_427' title='bbox 546 2219 611 2260; x_wconf 84' lang='lat' dir='ltr'>sia</span> <span class='ocrx_word' id='word_1_428' title='bbox 643 2219 847 2260; x_wconf 86' lang='lat' dir='ltr'>contento</span> <span class='ocrx_word' id='word_1_429' title='bbox 883 2216 934 2257; x_wconf 88' lang='lat' dir='ltr'>de</span> <span class='ocrx_word' id='word_1_430' title='bbox 966 2218 1158 2264; x_wconf 85' lang='lat' dir='ltr'>tornare,</span> <span class='ocrx_word' id='word_1_431' title='bbox 1194 2228 1274 2255; x_wconf 88' lang='lat' dir='ltr'>con</span> <span class='ocrx_word' id='word_1_432' title='bbox 1297 2216 1451 2266; x_wconf 86' lang='lat' dir='ltr'>questa</span> <span class='ocrx_word' id='word_1_433' title='bbox 1474 2212 1561 2254; x_wconf 86' lang='lat' dir='ltr'>mia</span> <span class='ocrx_word' id='word_1_434' title='bbox 1583 2212 1743 2254; x_wconf 86' lang='lat' dir='ltr'>lettera</span> <span class='ocrx_word' id='word_1_435' title='bbox 1766 2210 1843 2252; x_wconf 90' lang='lat' dir='ltr'>che</span> 
     </span>
     <span class='ocr_line' id='line_1_38' title="bbox 72 2276 1842 2333; baseline -0.006 -6"><span class='ocrx_word' id='word_1_436' title='bbox 72 2285 114 2327; x_wconf 82' lang='lat' dir='ltr'>di</span> <span class='ocrx_word' id='word_1_437' title='bbox 147 2298 287 2326; x_wconf 91' lang='lat' dir='ltr'>nuouo</span> <span class='ocrx_word' id='word_1_438' title='bbox 320 2284 477 2326; x_wconf 88' lang='lat' dir='ltr'>mando</span> <span class='ocrx_word' id='word_1_439' title='bbox 519 2283 562 2325; x_wconf 90' lang='lat' dir='ltr'>in</span> <span class='ocrx_word' id='word_1_440' title='bbox 604 2282 856 2332; x_wconf 65' lang='lat' dir='ltr'>oredenzass,</span> <span class='ocrx_word' id='word_1_441' title='bbox 900 2283 943 2323; x_wconf 90' lang='lat' dir='ltr'>et</span> <span class='ocrx_word' id='word_1_442' title='bbox 977 2280 1074 2322; x_wconf 87' lang='lat' dir='ltr'>dica</span> <span class='ocrx_word' id='word_1_443' title='bbox 1106 2280 1193 2321; x_wconf 85' lang='lat' dir='ltr'>alla</span> <span class='ocrx_word' id='word_1_444' title='bbox 1225 2279 1364 2333; x_wconf 85' lang='lat' dir='ltr'>prima</span> <span class='ocrx_word' id='word_1_445' title='bbox 1398 2278 1566 2330; x_wconf 80' lang='lat' dir='ltr'>Regina</span> <span class='ocrx_word' id='word_1_446' title='bbox 1598 2276 1842 2326; x_wconf 87' lang='lat' dir='ltr'>Madalena,</span> 
     </span>
     <span class='ocr_line' id='line_1_39' title="bbox 73 2341 1842 2403; baseline -0.006 -11"><span class='ocrx_word' id='word_1_447' title='bbox 73 2351 151 2392; x_wconf 90' lang='lat' dir='ltr'>che</span> <span class='ocrx_word' id='word_1_448' title='bbox 184 2352 210 2392; x_wconf 75' lang='lat' dir='ltr'>a</span> <span class='ocrx_word' id='word_1_449' title='bbox 240 2363 309 2391; x_wconf 90' lang='lat' dir='ltr'>me</span> <span class='ocrx_word' id='word_1_450' title='bbox 342 2349 398 2391; x_wconf 91' lang='lat' dir='ltr'>mi</span> <span class='ocrx_word' id='word_1_451' title='bbox 432 2348 623 2403; x_wconf 86' lang='lat' dir='ltr'>dispiace</span> <span class='ocrx_word' id='word_1_452' title='bbox 657 2348 791 2390; x_wconf 90' lang='lat' dir='ltr'>molto</span> <span class='ocrx_word' id='word_1_453' title='bbox 824 2350 941 2390; x_wconf 88' lang='lat' dir='ltr'>tutto</span> <span class='ocrx_word' id='word_1_454' title='bbox 976 2345 1119 2399; x_wconf 90' lang='lat' dir='ltr'>quello</span> <span class='ocrx_word' id='word_1_455' title='bbox 1153 2344 1230 2386; x_wconf 90' lang='lat' dir='ltr'>che</span> <span class='ocrx_word' id='word_1_456' title='bbox 1262 2358 1348 2385; x_wconf 90' lang='lat' dir='ltr'>non</span> <span class='ocrx_word' id='word_1_457' title='bbox 1382 2347 1404 2384; x_wconf 82' lang='lat' dir='ltr'>e</span> <span class='ocrx_word' id='word_1_458' title='bbox 1427 2357 1506 2384; x_wconf 87' lang='lat' dir='ltr'>sua</span> <span class='ocrx_word' id='word_1_459' title='bbox 1529 2341 1842 2391; x_wconf 88' lang='lat' dir='ltr'>consolacione,</span> 
     </span>
     <span class='ocr_line' id='line_1_40' title="bbox 73 2406 1845 2465; baseline -0.006 -7"><span class='ocrx_word' id='word_1_460' title='bbox 73 2419 117 2458; x_wconf 86' lang='lat' dir='ltr'>et</span> <span class='ocrx_word' id='word_1_461' title='bbox 150 2416 264 2458; x_wconf 86' lang='lat' dir='ltr'>della</span> <span class='ocrx_word' id='word_1_462' title='bbox 295 2414 573 2457; x_wconf 85' lang='lat' dir='ltr'>serenissima</span> <span class='ocrx_word' id='word_1_463' title='bbox 610 2428 690 2456; x_wconf 87' lang='lat' dir='ltr'>sua</span> <span class='ocrx_word' id='word_1_464' title='bbox 731 2413 892 2455; x_wconf 88' lang='lat' dir='ltr'>sorella</span> <span class='ocrx_word' id='word_1_465' title='bbox 905 2413 933 2462; x_wconf 81' lang='lat'>9,</span> <span class='ocrx_word' id='word_1_466' title='bbox 977 2410 1134 2465; x_wconf 86' lang='lat' dir='ltr'>perche</span> <span class='ocrx_word' id='word_1_467' title='bbox 1176 2410 1218 2451; x_wconf 88' lang='lat' dir='ltr'>la</span> <span class='ocrx_word' id='word_1_468' title='bbox 1251 2408 1516 2462; x_wconf 84' lang='lat' dir='ltr'>Compagnia</span> <span class='ocrx_word' id='word_1_469' title='bbox 1549 2410 1700 2449; x_wconf 88' lang='lat' dir='ltr'>nostra</span> <span class='ocrx_word' id='word_1_470' title='bbox 1733 2406 1845 2448; x_wconf 88' lang='lat' dir='ltr'>desi-</span> 
     </span>
     <span class='ocr_line' id='line_1_41' title="bbox 74 2473 1845 2526; baseline -0.006 -3"><span class='ocrx_word' id='word_1_471' title='bbox 74 2482 178 2523; x_wconf 89' lang='lat' dir='ltr'>dera</span> <span class='ocrx_word' id='word_1_472' title='bbox 219 2480 262 2522; x_wconf 88' lang='lat' dir='ltr'>di</span> <span class='ocrx_word' id='word_1_473' title='bbox 303 2494 431 2522; x_wconf 88' lang='lat' dir='ltr'>cuore</span> <span class='ocrx_word' id='word_1_474' title='bbox 472 2480 653 2521; x_wconf 82' lang='lat' dir='ltr'>seruirle</span> <span class='ocrx_word' id='word_1_475' title='bbox 695 2482 739 2521; x_wconf 88' lang='lat' dir='ltr'>et</span> <span class='ocrx_word' id='word_1_476' title='bbox 772 2477 1028 2526; x_wconf 87' lang='lat' dir='ltr'>consolarle,</span> <span class='ocrx_word' id='word_1_477' title='bbox 1071 2489 1142 2517; x_wconf 86' lang='lat' dir='ltr'>ma</span> <span class='ocrx_word' id='word_1_478' title='bbox 1175 2476 1252 2516; x_wconf 89' lang='lat' dir='ltr'>che</span> <span class='ocrx_word' id='word_1_479' title='bbox 1285 2474 1480 2516; x_wconf 88' lang='lat' dir='ltr'>uedendo</span> <span class='ocrx_word' id='word_1_480' title='bbox 1515 2473 1593 2514; x_wconf 92' lang='lat' dir='ltr'>che</span> <span class='ocrx_word' id='word_1_481' title='bbox 1624 2486 1710 2514; x_wconf 92' lang='lat' dir='ltr'>non</span> <span class='ocrx_word' id='word_1_482' title='bbox 1743 2486 1845 2513; x_wconf 91' lang='lat' dir='ltr'>con-</span> 
     </span>
     <span class='ocr_line' id='line_1_42' title="bbox 73 2537 1845 2594; baseline -0.006 -6"><span class='ocrx_word' id='word_1_483' title='bbox 73 2546 197 2589; x_wconf 90' lang='lat' dir='ltr'>uiene</span> <span class='ocrx_word' id='word_1_484' title='bbox 238 2546 281 2588; x_wconf 88' lang='lat' dir='ltr'>al</span> <span class='ocrx_word' id='word_1_485' title='bbox 323 2545 504 2587; x_wconf 90' lang='lat' dir='ltr'>seruicio</span> <span class='ocrx_word' id='word_1_486' title='bbox 547 2544 706 2594; x_wconf 84' lang='lat' dir='ltr'>diuino,</span> <span class='ocrx_word' id='word_1_487' title='bbox 751 2546 795 2585; x_wconf 90' lang='lat' dir='ltr'>et</span> <span class='ocrx_word' id='word_1_488' title='bbox 837 2543 914 2585; x_wconf 88' lang='grc'><strong>0116</strong></span> <span class='ocrx_word' id='word_1_489' title='bbox 949 2542 1021 2584; x_wconf 81' lang='lat' dir='ltr'>SS.</span> <span class='ocrx_word' id='word_1_490' title='bbox 1055 2541 1149 2582; x_wconf 87' lang='lat' dir='ltr'>AA.</span> <span class='ocrx_word' id='word_1_491' title='bbox 1185 2539 1456 2589; x_wconf 86' lang='lat' dir='ltr'>confessano,</span> <span class='ocrx_word' id='word_1_492' title='bbox 1499 2552 1619 2580; x_wconf 89' lang='lat' dir='ltr'>esser</span> <span class='ocrx_word' id='word_1_493' title='bbox 1651 2537 1714 2578; x_wconf 72' lang='grc' dir='ltr'>(11ο</span> <span class='ocrx_word' id='word_1_494' title='bbox 1756 2550 1845 2578; x_wconf 90' lang='lat' dir='ltr'>me-</span> 
     </span>
     <span class='ocr_line' id='line_1_43' title="bbox 75 2602 1845 2666; baseline -0.006 -12"><span class='ocrx_word' id='word_1_495' title='bbox 75 2612 154 2654; x_wconf 82' lang='lat' dir='ltr'>nod</span> <span class='ocrx_word' id='word_1_496' title='bbox 178 2610 239 2666; x_wconf 72' lang='grc' dir='ltr'>[Ρ]</span> <span class='ocrx_word' id='word_1_497' title='bbox 273 2610 536 2665; x_wconf 85' lang='lat' dir='ltr'>perfettione</span> <span class='ocrx_word' id='word_1_498' title='bbox 569 2610 690 2652; x_wconf 85' lang='lat' dir='ltr'>uoler</span> <span class='ocrx_word' id='word_1_499' title='bbox 721 2609 815 2651; x_wconf 86' lang='lat' dir='ltr'>loro</span> <span class='ocrx_word' id='word_1_500' title='bbox 849 2607 1072 2649; x_wconf 86' lang='lat' dir='ltr'>confessor</span> <span class='ocrx_word' id='word_1_501' title='bbox 1098 2605 1373 2659; x_wconf 87' lang='lat' dir='ltr'>particolare,</span> <span class='ocrx_word' id='word_1_502' title='bbox 1411 2604 1488 2645; x_wconf 91' lang='lat' dir='ltr'>che</span> <span class='ocrx_word' id='word_1_503' title='bbox 1511 2617 1557 2645; x_wconf 91' lang='lat' dir='ltr'>se</span> <span class='ocrx_word' id='word_1_504' title='bbox 1579 2604 1615 2645; x_wconf 89' lang='lat' dir='ltr'>si</span> <span class='ocrx_word' id='word_1_505' title='bbox 1638 2602 1845 2644; x_wconf 86' lang='lat' dir='ltr'>lasciasse</span> 
     </span>
    </p>
   </div>
   <div class='ocr_carea' id='block_1_6' title="bbox 74 2678 1845 2760">
    <p class='ocr_par' dir='ltr' id='par_1_7' title="bbox 74 2678 1845 2760">
     <span class='ocr_line' id='line_1_44' title="bbox 193 2678 1845 2717; baseline -0.007 -5"><span class='ocrx_word' id='word_1_506' title='bbox 193 2688 220 2715; x_wconf 65' lang='lat' dir='ltr'>a)</span> <span class='ocrx_word' id='word_1_507' title='bbox 242 2687 307 2711; x_wconf 82' lang='lat' dir='ltr'>Duo</span> <span class='ocrx_word' id='word_1_508' title='bbox 327 2694 370 2710; x_wconf 80' lang='lat' dir='ltr'>vv.</span> <span class='ocrx_word' id='word_1_509' title='bbox 389 2693 448 2717; x_wconf 81' lang='lat' dir='ltr'>sqq.</span> <span class='ocrx_word' id='word_1_510' title='bbox 469 2686 501 2710; x_wconf 54' lang='lat' dir='ltr'>in.</span> <span class='ocrx_word' id='word_1_511' title='bbox 521 2693 568 2717; x_wconf 85' lang='lat' dir='ltr'>ap.</span> <span class='ocrx_word' id='word_1_512' title='bbox 587 2692 681 2716; x_wconf 78' lang='lat' dir='ltr'>supra</span> <span class='ocrx_word' id='word_1_513' title='bbox 703 2691 817 2709; x_wconf 74' lang='lat' dir='ltr'>versum</span> <span class='ocrx_word' id='word_1_514' title='bbox 837 2683 949 2713; x_wconf 78' lang='lat' dir='ltr'>scripta</span> <span class='ocrx_word' id='word_1_515' title='bbox 969 2684 1046 2706; x_wconf 77' lang='lat' dir='ltr'>sunt.</span> <span class='ocrx_word' id='word_1_516' title='bbox 1120 2680 1150 2711; x_wconf 85' lang='lat' dir='ltr'>b)</span> <span class='ocrx_word' id='word_1_517' title='bbox 1172 2680 1310 2711; x_wconf 72' lang='lat' dir='ltr'>Sequitur</span> <span class='ocrx_word' id='word_1_518' title='bbox 1329 2678 1394 2709; x_wconf 73' lang='lat' dir='ltr'>che,</span> <span class='ocrx_word' id='word_1_519' title='bbox 1414 2680 1503 2704; x_wconf 77' lang='lat' dir='ltr'>oblitr.</span> <span class='ocrx_word' id='word_1_520' title='bbox 1578 2678 1604 2708; x_wconf 90' lang='lat' dir='ltr'>c)</span> <span class='ocrx_word' id='word_1_521' title='bbox 1626 2679 1686 2702; x_wconf 77' lang='lat' dir='ltr'>Hoc</span> <span class='ocrx_word' id='word_1_522' title='bbox 1706 2686 1731 2702; x_wconf 75' lang='lat' dir='ltr'>v.</span> <span class='ocrx_word' id='word_1_523' title='bbox 1751 2685 1845 2709; x_wconf 79' lang='lat' dir='ltr'>supra</span> 
     </span>
     <span class='ocr_line' id='line_1_45' title="bbox 74 2724 1145 2760; baseline -0.007 -7"><span class='ocrx_word' id='word_1_524' title='bbox 74 2736 189 2754; x_wconf 74' lang='lat' dir='ltr'>versum</span> <span class='ocrx_word' id='word_1_525' title='bbox 209 2729 352 2760; x_wconf 80' lang='lat' dir='ltr'>seriptum</span> <span class='ocrx_word' id='word_1_526' title='bbox 372 2731 421 2753; x_wconf 79' lang='lat' dir='ltr'>est.</span> <span class='ocrx_word' id='word_1_527' title='bbox 497 2725 526 2757; x_wconf 62' lang='lat' dir='ltr'>d)</span> <span class='ocrx_word' id='word_1_528' title='bbox 551 2727 596 2751; x_wconf 77' lang='lat' dir='ltr'>Vel</span> <span class='ocrx_word' id='word_1_529' title='bbox 618 2733 742 2757; x_wconf 85' lang='lat' dir='ltr'>menor;</span> <span class='ocrx_word' id='word_1_530' title='bbox 762 2725 913 2750; x_wconf 76' lang='lat' dir='ltr'>obscurius</span> <span class='ocrx_word' id='word_1_531' title='bbox 932 2724 1073 2755; x_wconf 76' lang='lat' dir='ltr'>scriptum</span> <span class='ocrx_word' id='word_1_532' title='bbox 1095 2726 1145 2747; x_wconf 80' lang='lat' dir='ltr'>est.</span> 
     </span>
    </p>
   </div>
   <div class='ocr_carea' id='block_1_7' title="bbox 76 2804 1846 3174">
    <p class='ocr_par' dir='ltr' id='par_1_8' title="bbox 76 2804 1846 3174">
     <span class='ocr_line' id='line_1_46' title="bbox 199 2804 1531 2854; baseline -0.007 -8"><span class='ocrx_word' id='word_1_533' title='bbox 199 2816 204 2831; x_wconf 93' lang='lat'>¹</span> <span class='ocrx_word' id='word_1_534' title='bbox 233 2811 475 2846; x_wconf 85' lang='lat' dir='ltr'>Maximiliani</span> <span class='ocrx_word' id='word_1_535' title='bbox 502 2811 546 2844; x_wconf 82' lang='grc' dir='ltr'>ΙΙ.</span> <span class='ocrx_word' id='word_1_536' title='bbox 574 2808 812 2854; x_wconf 84' lang='lat' dir='ltr'>imperatoris,</span> <span class='ocrx_word' id='word_1_537' title='bbox 839 2806 1055 2841; x_wconf 86' lang='lat' dir='ltr'>Ferdinandi</span> <span class='ocrx_word' id='word_1_538' title='bbox 1082 2809 1117 2840; x_wconf 83' lang='lat' dir='ltr'>et</span> <span class='ocrx_word' id='word_1_539' title='bbox 1144 2804 1262 2840; x_wconf 83' lang='lat' dir='ltr'>Caroli</span> <span class='ocrx_word' id='word_1_540' title='bbox 1288 2804 1531 2838; x_wconf 87' lang='lat' dir='ltr'>archiducum.</span> 
     </span>
     <span class='ocr_line' id='line_1_47' title="bbox 195 2857 1738 2909; baseline -0.006 -9"><span class='ocrx_word' id='word_1_541' title='bbox 195 2865 208 2885; x_wconf 70' lang='lat'><em>2</em></span> <span class='ocrx_word' id='word_1_542' title='bbox 234 2865 449 2909; x_wconf 88' lang='lat' dir='ltr'>Merquitius</span> <span class='ocrx_word' id='word_1_543' title='bbox 476 2862 692 2909; x_wconf 84' lang='lat' dir='ltr'>parochialis</span> <span class='ocrx_word' id='word_1_544' title='bbox 719 2861 894 2896; x_wconf 83' lang='lat' dir='ltr'>ecclesiae</span> <span class='ocrx_word' id='word_1_545' title='bbox 920 2860 1154 2894; x_wconf 86' lang='lat' dir='ltr'>contionator.</span> <span class='ocrx_word' id='word_1_546' title='bbox 1301 2858 1314 2877; x_wconf 80' lang='lat'><strong>³</strong></span> <span class='ocrx_word' id='word_1_547' title='bbox 1340 2857 1528 2892; x_wconf 88' lang='lat' dir='ltr'>Nicolaum</span> <span class='ocrx_word' id='word_1_548' title='bbox 1556 2857 1738 2891; x_wconf 87' lang='lat' dir='ltr'>Lanoium.</span> 
     </span>
     <span class='ocr_line' id='line_1_48' title="bbox 195 2910 1734 2963; baseline -0.006 -10"><span class='ocrx_word' id='word_1_549' title='bbox 195 2920 207 2939; x_wconf 80' lang='lat'>4</span> <span class='ocrx_word' id='word_1_550' title='bbox 236 2919 273 2952; x_wconf 89' lang='lat' dir='ltr'>Id</span> <span class='ocrx_word' id='word_1_551' title='bbox 303 2918 356 2953; x_wconf 89' lang='lat'>18.</span> <span class='ocrx_word' id='word_1_552' title='bbox 386 2917 520 2963; x_wconf 87' lang='lat' dir='ltr'>Aprilis</span> <span class='ocrx_word' id='word_1_553' title='bbox 545 2917 708 2951; x_wconf 85' lang='lat' dir='ltr'>futurum</span> <span class='ocrx_word' id='word_1_554' title='bbox 736 2917 825 2949; x_wconf 83' lang='lat' dir='ltr'>erat.</span> <span class='ocrx_word' id='word_1_555' title='bbox 980 2914 992 2933; x_wconf 89' lang='lat'>⁵</span> <span class='ocrx_word' id='word_1_556' title='bbox 1018 2911 1268 2947; x_wconf 84' lang='lat' dir='ltr'>Ferdinandus</span> <span class='ocrx_word' id='word_1_557' title='bbox 1294 2911 1339 2945; x_wconf 93' lang='lat' dir='ltr'>II.</span> <span class='ocrx_word' id='word_1_558' title='bbox 1484 2912 1496 2931; x_wconf 80' lang='lat'><strong><em>⁶</em></strong></span> <span class='ocrx_word' id='word_1_559' title='bbox 1523 2910 1734 2945; x_wconf 86' lang='lat' dir='ltr'>Kleselium.</span> 
     </span>
     <span class='ocr_line' id='line_1_49' title="bbox 195 2963 1846 3009; baseline -0.005 -3"><span class='ocrx_word' id='word_1_560' title='bbox 195 2973 206 2992; x_wconf 81' lang='lat'><strong>⁷</strong></span> <span class='ocrx_word' id='word_1_561' title='bbox 234 2971 390 3006; x_wconf 79' lang='lat' dir='ltr'>Litteras</span> <span class='ocrx_word' id='word_1_562' title='bbox 426 2971 483 3006; x_wconf 80' lang='lat'>23.</span> <span class='ocrx_word' id='word_1_563' title='bbox 510 2969 726 3005; x_wconf 87' lang='lat' dir='ltr'>Novembris</span> <span class='ocrx_word' id='word_1_564' title='bbox 755 2969 845 3002; x_wconf 80' lang='lat'>1567</span> <span class='ocrx_word' id='word_1_565' title='bbox 873 2979 894 3001; x_wconf 89' lang='lat' dir='ltr'>a</span> <span class='ocrx_word' id='word_1_566' title='bbox 919 2979 959 3001; x_wconf 88' lang='lat' dir='ltr'>se</span> <span class='ocrx_word' id='word_1_567' title='bbox 985 2967 1089 3001; x_wconf 87' lang='lat' dir='ltr'>datas</span> <span class='ocrx_word' id='word_1_568' title='bbox 1116 2965 1267 3009; x_wconf 86' lang='lat' dir='ltr'>Borgias</span> <span class='ocrx_word' id='word_1_569' title='bbox 1295 2965 1411 2999; x_wconf 82' lang='lat' dir='ltr'>dicere</span> <span class='ocrx_word' id='word_1_570' title='bbox 1438 2965 1602 3005; x_wconf 65' lang='lat' dir='ltr'>videtur:</span> <span class='ocrx_word' id='word_1_571' title='bbox 1640 2975 1730 3008; x_wconf 83' lang='lat' dir='ltr'>quas</span> <span class='ocrx_word' id='word_1_572' title='bbox 1764 2963 1846 2997; x_wconf 77' lang='lat' dir='ltr'>vide</span> 
     </span>
     <span class='ocr_line' id='line_1_50' title="bbox 76 3025 463 3070; baseline 0 -12"><span class='ocrx_word' id='word_1_573' title='bbox 76 3036 185 3070; x_wconf 87' lang='lat' dir='ltr'>supra</span> <span class='ocrx_word' id='word_1_574' title='bbox 211 3037 244 3070; x_wconf 90' lang='lat' dir='ltr'>p.</span> <span class='ocrx_word' id='word_1_575' title='bbox 266 3025 463 3059; x_wconf 79' lang='lat'>121—123.</span> 
     </span>
     <span class='ocr_line' id='line_1_51' title="bbox 198 3071 1434 3123; baseline -0.005 -10"><span class='ocrx_word' id='word_1_576' title='bbox 198 3079 210 3099; x_wconf 78' lang='lat'>⁸</span> <span class='ocrx_word' id='word_1_577' title='bbox 237 3079 339 3113; x_wconf 87' lang='lat' dir='ltr'>Hanc</span> <span class='ocrx_word' id='word_1_578' title='bbox 366 3077 560 3123; x_wconf 81' lang='lat' dir='ltr'>epistulam</span> <span class='ocrx_word' id='word_1_579' title='bbox 586 3089 620 3112; x_wconf 88' lang='lat' dir='ltr'>V.</span> <span class='ocrx_word' id='word_1_580' title='bbox 648 3076 754 3117; x_wconf 77' lang='lat' dir='ltr'>infra,</span> <span class='ocrx_word' id='word_1_581' title='bbox 780 3086 874 3109; x_wconf 90' lang='lat' dir='ltr'>mon.</span> <span class='ocrx_word' id='word_1_582' title='bbox 902 3085 979 3108; x_wconf 85' lang='lat' dir='ltr'>oen.</span> <span class='ocrx_word' id='word_1_583' title='bbox 1009 3072 1098 3117; x_wconf 90' lang='lat'>(10).</span> <span class='ocrx_word' id='word_1_584' title='bbox 1246 3073 1258 3092; x_wconf 77' lang='lat'>⁹</span> <span class='ocrx_word' id='word_1_585' title='bbox 1286 3071 1434 3107; x_wconf 88' lang='lat' dir='ltr'>Helena.</span> 
     </span>
     <span class='ocr_line' id='line_1_52' title="bbox 148 3132 1559 3174; baseline -0.006 -6"><span class='ocrx_word' id='word_1_586' title='bbox 148 3141 463 3173; x_wconf 80' lang='lat' dir='ltr'>Braunsberger,</span> <span class='ocrx_word' id='word_1_587' title='bbox 485 3140 596 3166; x_wconf 82' lang='lat' dir='ltr'>Canisii</span> <span class='ocrx_word' id='word_1_588' title='bbox 616 3139 771 3174; x_wconf 79' lang='lat' dir='ltr'>Epistulae</span> <span class='ocrx_word' id='word_1_589' title='bbox 792 3139 823 3164; x_wconf 78' lang='lat' dir='ltr'>et</span> <span class='ocrx_word' id='word_1_590' title='bbox 843 3138 928 3164; x_wconf 77' lang='lat' dir='ltr'>Acta.</span> <span class='ocrx_word' id='word_1_591' title='bbox 954 3137 1004 3164; x_wconf 77' lang='lat' dir='ltr'>VI.</span> <span class='ocrx_word' id='word_1_592' title='bbox 1521 3132 1559 3166; x_wconf 87' lang='lat' dir='ltr'>ll</span> 
     </span>
    </p>
   </div>
  </div>
 </body>
</html>
