2044 3335
143 94 227 135 290
343 92 444 126 1634.
473 91 637 126 Canisius
665 91 907 128 S..Francisco
932 91 1097 134 Borgiae.
1148 94 1314 136 Augusta
1333 94 1439 128 Vind.
1460 95 1491 128 2.
1514 94 1647 139 Aprilis
1667 95 1768 130 1569.

261 209 443 250 Domino
477 209 672 251 Tiburtio
704 209 918 251 redditam
956 223 1051 251 esse
1093 211 1320 264 pecuniam
1353 211 1504 253 scribit
1537 211 1583 254 P.
1617 211 1866 254 Euerardus
1882 214 1908 255 1.

261 274 488 316 Debebant
519 274 641 315 nobis
666 274 840 324 Romae,
876 288 973 316 cum
1003 274 1282 319 discederem.
1328 276 1554 318 Soluemus
1577 279 1722 318 autem
1745 277 1908 328 statim,

142 353 237 380 cum
278 339 642 389 intellexerimus,
693 341 902 392 quantum
945 339 1160 382 addiderit
1200 340 1247 383 P.
1280 341 1538 382 Franciscus
1580 341 1820 384 Petrarcha
1866 342 1909 383 in

141 403 347 445 uiaticum
380 404 436 445 M.
470 403 806 446 Bonauenturae
820 405 849 454 2,
884 418 1010 456 quem
1042 407 1144 458 post
1175 406 1337 459 pascha
1370 405 1710 460 expectabimus,

260 469 324 510 De
354 468 400 510 P.
426 468 673 510 Schorichio
706 468 866 511 scribet
900 469 944 512 P.
971 470 1205 522 Gregorius
1219 471 1248 521 3,
1283 471 1426 525 pergit
1459 471 1494 512 is
1527 471 1775 513 Lanzutaea
1807 485 1908 513 con·

143 533 315 577 tionari.

259 598 664 640 Reuerendissimus
711 600 762 643 D.
797 599 1142 641 Commendonus
1188 614 1301 642 nunc
1350 604 1418 643 est
1466 599 1738 654 Oeniponti4.
1809 601 1910 644 Fuit

140 662 253 703 idem
287 676 381 704 cum
415 663 613 717 Principe
645 664 875 718 Monachij‚
918 664 989 706 ubi
1022 665 1180 718 populo
1212 679 1299 707 non
1331 666 1534 719 exiguam
1569 665 1908 707 consolationem

141 729 185 769 et
216 727 558 770 aedificationem
593 728 756 779 attulit,
790 743 884 770 cum
918 729 961 770 in
993 729 1156 783 templo
1188 733 1338 772 nostro
1372 730 1568 772 ducentis
1599 730 1908 784 propemodum

141 806 310 834 sacram
343 793 661 835 Eucharistiam
701 793 906 847 porrexit.
970 793 1178 848 Princeps
1211 795 1303 848 agit
1337 798 1380 838 et
1413 798 1541 848 urget
1573 795 1698 846 serio,
1741 797 1789 836 ut
1821 795 1908 836 col-

140 856 298 910 legium
334 857 635 899 Germanicum
677 872 760 899 non
798 859 936 900 solum
969 859 1094 902 Pont:
1128 860 1246 903 Max,
1281 860 1617 910 commendetur,
1660 859 1735 901 sed
1776 859 1907 901 etiam

141 922 397 976 necessarijs
428 923 671 965 instruatur
696 924 939 978 sumptibus
964 924 1290 976 Germanorum,
1324 926 1378 967 ad
1402 926 1561 967 multos
1582 925 1669 966 illic
1692 924 1908 967 studiosos

141 989 186 1029 et
217 987 388 1029 futuros
419 988 463 1029 in
495 989 576 1029 hac
608 1002 748 1030 messe
781 989 1003 1043 operarios
1036 991 1267 1042 quotannis
1300 991 1491 1033 alendos.
1545 990 1638 1040 Qua
1671 990 1723 1031 de
1752 1003 1799 1031 re
1821 989 1907 1031 iam

140 1052 182 1093 in
216 1052 376 1094 Vrbem
419 1053 627 1107 scriptum
671 1056 737 1095 est
770 1068 795 1096 a
828 1054 1025 1108 Principe
1040 1056 1068 1105 5,
1112 1058 1156 1097 et
1187 1057 1461 1098 consultatur
1501 1055 1633 1098 etiam
1666 1055 1709 1096 in
1741 1054 1906 1108 synodo

142 1117 474 1170 Salisburgensi,
517 1132 627 1171 quae
660 1119 740 1161 hoc
772 1122 968 1173 tempore
1001 1120 1247 1163 celebratur
1260 1122 1288 1163 6.
1352 1121 1444 1163 Nos
1477 1121 1623 1174 magni
1661 1119 1906 1162 faciendum

139 1185 343 1236 putamus
384 1183 464 1225 hoc
503 1184 690 1225 medium
723 1188 855 1238 atque
887 1185 1135 1236 remedium,
1178 1200 1257 1228 nec
1290 1187 1423 1228 ullum
1457 1187 1640 1240 apparet
1672 1184 1904 1234 efficacius,

140 1247 195 1288 ad
236 1247 507 1301 Religionem
552 1249 818 1292 Catholicam
869 1250 911 1291 in
958 1250 1191 1293 Germania
1237 1254 1330 1294 tum
1379 1250 1758 1299 conseruandamb,
1813 1252 1906 1291 tum

139 1312 467 1356 restituendam.
532 1314 766 1356 Confirmet
798 1315 993 1358 Christus
1025 1316 1105 1357 hoc
1137 1316 1254 1370 pium
1287 1316 1570 1359 institutuni⁰.

259 1377 395 1420 Credo
429 1379 474 1421 P.
509 1379 556 1422 T.
590 1394 676 1421 non
717 1379 1074 1434 improbaturam,
1116 1381 1152 1423 si
1194 1381 1483 1424 assentiamur
1524 1380 1736 1422 nobilibus
1775 1381 1906 1432 atque

140 1441 343 1485 diuitibus
384 1443 502 1495 uiris,
547 1444 619 1497 qui
651 1459 751 1486 suos
789 1446 900 1487 filios
933 1448 1010 1488 aut
1041 1450 1221 1501 nepotes
1253 1447 1308 1489 ad
1342 1447 1643 1489 Germanicum
1677 1445 1905 1498 collegium

140 1507 317 1561 cupiunt
351 1508 582 1560 destinare,
627 1524 785 1563 eosque
818 1511 1057 1553 curabuntd
1089 1512 1301 1554 alendose.
1366 1512 1515 1554 Mittet
1556 1511 1677 1553 breui
1717 1511 1906 1552 fortasse

139 1586 262 1614 suum
301 1587 480 1627 puerum
513 1574 810 1617 Marschalcus
844 1576 975 1617 Ducis
1008 1577 1273 1619 Bauariae7:
1318 1577 1405 1618 dixi
1440 1580 1488 1619 ut
1520 1577 1686 1618 faceret
1717 1590 1794 1630 pro
1828 1589 1906 1616 sua

141 1638 459 1681 commoditate.
524 1639 638 1681 Nam
670 1640 713 1681 in
747 1641 908 1683 Vrbem
943 1655 1112 1695 quoque
1145 1641 1331 1696 scripsit,
1374 1642 1485 1684 hanc
1516 1646 1670 1696 petens
1702 1640 1904 1694 gratiam,

140 1702 216 1744 sed
248 1702 437 1746 fortasse
469 1704 623 1746 literae
656 1719 739 1747 non
772 1710 874 1748 sunt
906 1707 1115 1750 redditae.

258 1769 550 1811 Vehementer
572 1784 749 1823 egemus
774 1771 818 1812 in
852 1772 932 1813 hac
964 1772 1183 1826 prouintia
1205 1772 1502 1825 Confessarijs,
1537 1774 1581 1814 et
1602 1786 1737 1813 nouos
1760 1771 1906 1813 facere

140 1833 389 1876 sacerdotes
412 1849 496 1876 non
525 1849 767 1889 possumus,
802 1836 883 1878 nisi
906 1851 1013 1890 quos
1034 1837 1304 1891 professione
1328 1837 1482 1890 dignos
1504 1841 1707 1891 putamus
1721 1838 1748 1878 8.
1793 1836 1906 1877 Hinc

139 1912 299 1951 magna
331 1900 652 1953 subsequuntur
683 1901 967 1952 incommoda,
1007 1917 1117 1956 quae
1149 1903 1316 1945 vtinam
1349 1902 1518 1944 ratione
1551 1903 1696 1956 aliqua
1728 1905 1907 1956 possent

139 1964 292 2006 auerti.
357 1964 497 2018 Vrget
528 1980 607 2007 nos
639 1967 915 2018 conscientia,
957 1970 1006 2009 ut
1038 1982 1123 2010 non
1154 1968 1391 2010 iudicemus
1430 1981 1504 2010 eos
1536 1969 1590 2010 ad
1624 1967 1795 2009 ordines
1828 1967 1904 2008 ad-

139 2027 386 2080 mittendos,
426 2030 497 2082 qui
530 2031 701 2073 etiamsi
734 2031 831 2073 boni
865 2033 1116 2075 sacerdotes
1149 2036 1193 2075 et
1226 2033 1498 2075 coadiutores
1531 2033 1780 2087 spirituales
1812 2032 1906 2074 fore

139 2093 381 2146 uideantur,
414 2097 561 2137 tamen
595 2110 679 2137 non
712 2099 831 2139 recte
863 2101 1027 2151 augent
1058 2112 1283 2140 numerum
1316 2098 1624 2152 professorum.

259 2159 518 2201 Commendo
551 2175 619 2202 me
651 2161 880 2215 plurimum
914 2163 1137 2216 sacrificijs
1172 2165 1216 2205 et
1248 2163 1447 2217 precibus
1479 2163 1526 2206 P.
1560 2163 1608 2206 T.
1643 2177 1693 2205 ac
1726 2163 1904 2205 Patrum

139 2223 267 2266 isthic
300 2224 502 2275 omnium,
546 2225 699 2278 quibus
740 2240 893 2279 precor
934 2230 1131 2270 sanctum
1175 2231 1218 2269 et
1256 2227 1363 2269 felix
1395 2228 1557 2282 pascha
1598 2228 1647 2269 in
1682 2227 1905 2270 Christo

140 2289 273 2331 Jesu
316 2290 532 2332 domino
575 2293 813 2334 nostr09.
878 2292 1104 2346 Augustae
1138 2295 1162 2334 2
1196 2293 1358 2347 Aprilis
1393 2295 1536 2337 .1569.

1136 2380 1297 2422 Seruus
1329 2381 1531 2435 indignus
1566 2381 1609 2423 P.
1634 2380 1842 2423 Canisius

259 2482 286 2511 a)
308 2480 478 2506 Lanzhutae
494 2483 528 2506 B.
586 2481 617 2513 b)
639 2482 766 2515 apparet
780 2482 817 2507 ad
831 2482 1010 2515 religionem
1025 2483 1211 2509 Catholicain
1226 2484 1377 2510 efficacius
1392 2484 1421 2510 in
1438 2483 1597 2510 Germania
1612 2483 1852 2509 conseruandam
1867 2485 1901 2509 Β.

141 2525 164 2552 ο)
189 2522 266 2551 Quae
286 2527 457 2554 sequuntur,
479 2530 566 2554 nsque
586 2524 624 2548 (ccl
640 2523 823 2550 Commendo
844 2531 892 2549 me
911 2524 1075 2557 plurimum
1095 2526 1176 2557 eme-I„
1196 2527 1226 2550 fin
1241 2528 1267 2551 B
1287 2527 1393 2551 omissa
1414 2529 1490 2551 sunt.
1550 2525 1579 2557 d)
1600 2527 1647 2550 Ita
1669 2527 1696 2550 C.
1719 2526 1846 2550 correxit
1867 2533 1904 2550 ev

141 2569 245 2587 curare
266 2564 309 2587 vel
328 2565 419 2589 simili
442 2573 463 2589 ι·.
519 2566 546 2595 6)
568 2565 603 2589 In
625 2566 649 2590 Α
669 2566 803 2597 sequitur
822 2565 945 2597 Romae,
966 2568 1056 2592 oblitt.

263 2705 272 2724 ¹
298 2706 556 2741 Mercurianus.
703 2708 715 2727 ²²
742 2708 953 2742 Paradinas.
1101 2709 1113 2729 ³
1140 2708 1337 2749 Roseffius;
1366 2708 1410 2743 cf.
1438 2720 1547 2753 supra
1572 2720 1605 2753 p.
1626 2709 1705 2743 257.

262 2760 273 2777 ⁴
299 2758 351 2792 De
378 2760 569 2793 cardinalis
598 2759 851 2794 Commendoni
877 2760 1057 2804 legatione
1084 2773 1117 2795 v.
1145 2773 1255 2806 supra
1281 2774 1313 2806 p.
1333 2762 1416 2796 223¹
1443 2761 1643 2796 237—238.

262 2811 274 2829 ⁵
300 2811 469 2845 Albertus
487 2813 530 2847 V.
558 2813 630 2847 dux
659 2814 713 2847 18.
740 2814 863 2847 Martii
892 2815 982 2848 1569
1010 2815 1160 2848 Romam
1195 2815 1239 2848 ad
1266 2814 1485 2848 cardinalem
1511 2814 1710 2849 Truchsess
1745 2814 1899 2859 scripsit,

142 2864 181 2896 ut
207 2864 364 2907 pontifici
392 2865 424 2897 id
453 2867 719 2900 commendaret
744 2867 928 2910 negotium
957 2868 1095 2911 (Goetz,
1126 2867 1290 2911 Beitrage
1309 2867 1340 2901 V
1357 2868 1459 2911 469).

262 2917 275 2935 ⁶
301 2916 465 2960 Synodus
492 2918 579 2952 haec
605 2919 837 2962 provincialis
864 2919 1064 2963 Salisburgi
1092 2932 1111 2954 a
1133 2922 1186 2955 14.
1214 2921 1257 2954 ad
1285 2920 1339 2955 28.
1358 2920 1481 2954 Martii
1502 2921 1591 2955 1569
1618 2920 1740 2955 habita
1767 2923 1831 2955 est.

262 2970 273 2988 ⁷
301 2969 448 3003 Carolus
475 2982 495 3003 a
520 2971 739 3015 Fraunberg,
766 2973 834 3006 nisi
861 2973 967 3007 fallor
995 2973 1133 3018 (GoetZ,
1162 2974 1330 3017 Beitrage
1348 2973 1381 3007 V
1400 2974 1484 3008 3333
1509 2975 1595 3009 4414
1619 2974 1734 3017 4712).

263 3023 275 3041 Β
299 3022 451 3066 Propter
476 3023 530 3056 Pii
551 3024 591 3057 V.
618 3024 734 3067 legem
762 3027 824 3058 aut
849 3029 1101 3070 praeceptum;
1131 3039 1163 3060 v.
1191 3037 1299 3071 supra
1325 3038 1358 3071 p.
1378 3026 1449 3060 93⁷.

262 3076 274 3095 ⁹
300 3075 388 3109 Rom
415 3076 446 3116 6,
476 3076 515 3109 11
545 3076 607 3116 23;
635 3077 667 3119 8,
695 3077 750 3111 39.
805 3080 820 3111 1
850 3078 917 3112 Cor
946 3080 999 3121 15,
1028 3079 1083 3114 31.
1135 3079 1212 3124 Eph
1240 3080 1270 3121 3,
1300 3080 1339 3113 11
1370 3082 1435 3114 etc.
