2044 3335
133 86 221 128 612
410 83 505 117 Mon.
533 82 602 118 980
627 82 706 116 sive
731 92 808 116 oen.
830 80 896 125 (8).
939 81 1038 115 Inter
1064 80 1119 115 17.
1138 81 1175 114 et
1200 79 1255 115 30.
1275 80 1484 115 Decembris
1512 81 1612 116 1567.

130 200 163 243 11
187 201 232 243 P.
256 201 544 248 Hetzcouaeo,
578 212 663 239 non
685 197 721 239 si
752 196 1030 240 mandassino
1062 196 1133 250 piu
1156 211 1227 239 ma
1248 197 1326 239 che
1348 211 1394 239 se
1416 197 1633 239 volessino
1665 197 1756 240 loro
1790 198 1893 240 dare

130 265 316 319 qualche
358 264 475 305 aiuto
514 262 555 304 al
588 261 791 316 Collegio,
833 261 910 304 che
943 262 979 303 si
1020 262 1189 304 facesse
1220 262 1264 303 in
1296 262 1408 304 altro
1441 262 1567 304 modo
1599 262 1784 304 secondo
1817 263 1894 305 6116

131 329 315 372 auisaua
345 328 389 370 13
410 328 457 370 P.
482 327 533 369 V.
588 327 725 369 Senza
758 327 884 369 dubio
908 326 992 381 egli
1016 329 1039 368 6
1062 341 1162 369 6063
1195 326 1342 370 odiosa
1365 329 1410 369 et
1442 327 1520 369 che
1553 327 1607 369 da
1628 327 1715 369 mal
1748 327 1891 378 odore,

131 395 175 437 al
209 392 397 447 Collegio
432 394 476 434 et
508 406 533 434 a
566 391 707 446 quelle
747 406 944 446 persone,
988 391 1066 433 6116
1099 392 1243 445 quella
1274 406 1408 447 pocca
1439 392 1587 442 robba,
1630 394 1807 446 portata
1840 392 1894 435 da

132 459 233 501 duoi
264 458 467 501 seruitori
498 457 697 512 passanti
719 457 869 500 auant-i
901 460 945 500 et
977 471 1054 511 per
1084 457 1151 499 la.a
1178 455 1238 512 [P]
1272 457 1443 511 piazza³
1467 455 1542 511 [?]‚
1578 457 1646 499 del
1678 457 1853 500 fratello
1865 459 1892 508 1,

131 537 276 576 venga
317 523 359 565 al
401 522 605 576 Collegio,
651 525 746 577 pur'
778 522 932 564 adesso
965 536 1052 564 vno
1093 522 1306 565 seruitore
1347 523 1438 564 solo
1481 522 1518 564 ci
1559 525 1744 576 apporta
1784 522 1893 565 detti

130 588 264 642 quelli
305 588 387 630 cibi
427 588 620 639 insieme,
661 588 704 630 Jl
743 588 820 630 che
852 587 1036 629 hauesse
1067 590 1220 641 potuto
1262 587 1356 629 fare
1389 601 1559 642 sempre
1592 601 1711 629 come
1743 601 1892 642 spesso

131 652 360 696 habbiamo
394 653 577 696 auisatO.

250 719 308 761 Jn
351 718 709 761 substantialibus
755 718 923 771 donque
966 731 1052 759 non
1097 717 1132 759 si
1176 720 1199 759 e
1244 719 1413 760 mutato
1458 717 1605 760 niente
1650 717 1691 759 di
1739 720 1891 771 questo

131 784 321 838 negotio.

250 849 419 899 Quanto
452 851 577 891 tocca
608 848 650 891 al
682 848 842 898 futuro,
878 850 921 890 et
954 862 980 889 a
1011 847 1039 889 Γ
1063 847 1333 890 habitatione
1358 862 1472 890 noua
1494 850 1672 902 sperata
1685 849 1714 899 2,
1748 862 1833 890 non
1856 848 1892 890 si

130 916 155 957 6
177 917 329 969 potuto
364 914 653 957 determinare
676 913 822 955 niente
845 927 929 954 non
952 912 1137 954 volendo
1169 913 1213 954 la
1244 915 1371 967 parte
1394 916 1513 955 stare
1536 913 1623 956 alla
1645 913 1892 956 definitione

130 980 200 1022 del
223 979 523 1022 Commissario
557 992 677 1021 come
709 978 864 1020 huomo
898 980 1096 1032 suspetto
1120 992 1146 1020 a
1176 978 1282 1028 loro,
1318 992 1439 1020 come
1470 978 1542 1032 gia
1575 979 1621 1020 fu
1652 980 1826 1021 toccato
1850 978 1891 1020 di

130 1059 274 1100 sopra.
339 1045 460 1087 Onde
493 1046 656 1097 quanto
689 1058 715 1086 a
747 1046 900 1097 questo
934 1043 971 1085 si
1002 1045 1245 1098 proponera
1276 1043 1319 1086 la
1352 1057 1453 1086 cosa
1485 1044 1573 1086 alla
1606 1044 1654 1087 P.
1686 1044 1740 1087 V.

130 1187 243 1225 980
272 1188 350 1222 sive
377 1197 497 1223 oen.
518 1186 620 1232 (8).
695 1186 798 1223 Inter
823 1186 868 1222 17.
887 1187 924 1222 61
951 1186 1009 1222 30.
1027 1185 1236 1222 Decembris
1262 1186 1354 1223 1567.

250 1248 306 1281 Ex
331 1247 565 1292 autographo.
617 1246 658 1281 G.
678 1246 742 1292 Ep.
761 1247 810 1281 IX
837 1248 860 1280 f.
882 1247 1078 1281 190—191.

252 1309 398 1342 Canisio
424 1308 626 1351 discedente,
657 1308 893 1350 Oenipontani
918 1308 966 1340 ad
987 1308 1129 1350 ,oratius
1153 1307 1300 1340 iubildei
1332 1308 1581 1350 percipiendas
1604 1318 1640 1340 se
1670 1318 1810 1350 parare
1837 1307 1891 1340 in-

130 1362 289 1405 cipiunt‚·
326 1361 522 1404 archidux,
558 1371 697 1394 sorores
735 1362 820 1404 eius,
858 1361 1014 1394 homines
1036 1361 1190 1403 plurimi
1213 1361 1328 1394 sacris
1357 1361 1495 1404 pompis
1529 1361 1715 1396 intersunt.
1767 1361 1892 1394 Multis

127 1415 365 1459 paenitentiae
390 1419 419 1447 et
445 1414 701 1448 communionis
717 1418 939 1447 sacramenta
956 1415 1211 1447 ministrantur
1236 1415 1274 1446 in
1293 1418 1441 1457 anyusto
1466 1414 1527 1446 ilio
1552 1414 1677 1457 templo
1698 1414 1889 1448 Societatis.

131 1470 184 1503 De
209 1478 297 1502 novo
332 1468 466 1510 colleyii
492 1468 652 1509 aedificio
687 1472 716 1500 et
750 1468 874 1510 templo
910 1467 1058 1500 consilia
1094 1468 1329 1509 conferuntur
1363 1478 1440 1500 cum
1471 1467 1637 1509 Canisio;
1671 1479 1693 1500 a
1719 1478 1787 1511 quo
1822 1468 1892 1501 duo

132 1523 229 1556 Socii
262 1523 356 1555 inter
388 1533 432 1565 sc,
467 1522 576 1564 specie
609 1521 741 1564 saltem,
776 1522 1064 1554 reconciliantur.
1116 1521 1269 1554 Iudicem
1305 1522 1379 1563 ayit
1417 1520 1584 1554 Canisius
1618 1522 1654 1553 in
1695 1522 1763 1564 lite,
1802 1532 1892 1564 quae

129 1576 295 1609 ministro
321 1586 398 1608 cum
424 1578 557 1608 rectore
582 1579 639 1608 est.
678 1575 790 1608 Varia
809 1585 944 1618 quoque
962 1575 1136 1617 proponit
1160 1575 1210 1607 vel
1233 1575 1358 1607 statuit
1383 1575 1424 1607 de
1441 1574 1754 1618 contionatoribus,
1780 1576 1892 1618 scrip-

127 1630 237 1663 tionis
262 1629 426 1662 adiutore
450 1632 508 1661 etc.
560 1629 748 1671 Merquitii
771 1629 1027 1662 contionatoris
1051 1639 1174 1662 mores.

250 1696 297 1738 P.
340 1695 544 1736 Nicotaus
584 1695 777 1736 Lanoius
819 1695 861 1736 S.
895 1694 937 1736 J.
981 1695 1139 1748 colleyii
1179 1695 1451 1749 oenipontani
1490 1699 1624 1735 rector
1666 1694 1891 1748 Oeniponte

129 1764 170 1803 6.
214 1761 416 1802 Ianuarii
458 1761 574 1801 1568
615 1760 657 1802 S.
697 1760 927 1802 Francisco
969 1760 1152 1813 Borqiae
1188 1761 1428 1814 praeposito
1466 1760 1656 1814 yeneralt
1695 1761 1891 1814 scripsit:

128 1825 387 1867 Auanthieri
420 1824 455 1866 si
488 1824 755 1866 communico
788 1824 816 1866 il
850 1825 1007 1878 populo
1044 1825 1085 1866 di
1109 1828 1263 1877 questa
1285 1824 1380 1867 Cita
1411 1837 1489 1878 per
1511 1837 1642 1866 causa
1665 1824 1733 1866 del
1756 1824 1890 1867 Santo

128 1890 299 1934 Jubileo
316 1891 344 1940 3,
384 1890 446 1931 La
476 1889 711 1932 settimana
742 1890 885 1931 inanzi
915 1890 952 1931 si
983 1890 1148 1932 ritrouo
1180 1889 1210 1931 il
1242 1889 1441 1943 Principe
1472 1888 1776 1931 Jllustrissimo
1810 1903 1890 1932 con

129 1970 206 1997 sue
241 1955 437 1998 Sorelle4
475 1957 519 1996 et
559 1955 849 2007 grandissima
889 1955 1162 1997 moltitudine
1204 1954 1245 1996 di
1285 1957 1417 2008 gente
1457 1955 1569 1996 nelle
1610 1954 1889 2009 processionj.

128 2021 186 2063 Jn
217 2023 368 2062 nostra
391 2020 559 2074 capella
590 2020 688 2072 quel
720 2020 872 2073 giorno
895 2020 931 2062 si
964 2020 1309 2062 communicorno
1342 2019 1467 2073 quasi
1498 2021 1583 2061 400
1616 2033 1812 2073 persone,
1846 2024 1889 2063 et

129 2086 166 2128 si
206 2099 341 2140 pensa
379 2084 457 2127 6116
497 2085 570 2138 piu
610 2084 652 2126 di
687 2087 799 2128 .100.
833 2085 1024 2127 andorno
1057 2099 1083 2127 3
1115 2085 1455 2127 communicarse
1487 2085 1572 2126 3116
1604 2085 1716 2127 31116
1748 2085 1889 2128 chiese

128 2165 215 2193 non
255 2149 443 2205 potendo
481 2149 616 2191 hauer
648 2150 776 2203 luogo
809 2164 1015 2204 appresso
1049 2149 1090 2192 di
1121 2150 1193 2191 noi
1232 2149 1275 2191 in
1307 2151 1434 2192 tanta
1466 2152 1713 2200 6116116ΖΖ3,
1756 2164 1887 2192 613110

127 2230 209 2270 pur
240 2215 486 2258 confessate
519 2214 592 2256 alli
624 2215 774 2257 nostri.
837 2216 954 2257 Gran
986 2229 1191 2256 concorso
1223 2215 1406 2256 sarebbe
1437 2215 1521 2256 3116
1554 2214 1810 2268 confessionj
1845 2217 1889 2258 et

127 2280 417 2333 communionj
460 2279 495 2321 si
536 2280 579 2321 13
611 2279 756 2322 6111663
788 2280 892 2322 fossi
925 2294 1083 2334 capace
1124 2280 1168 2322 la
1199 2280 1266 2322 cui
1304 2280 1509 2333 longezza
1541 2281 1563 2321 e
1596 2279 1639 2321 di
1679 2281 1735 2321 30
1774 2280 1889 2334 piedi

126 2346 382 2396 solamente,
415 2345 458 2386 la
489 2345 686 2398 largezza
719 2345 761 2386 di
784 2347 867 2396 24„
902 2345 1126 2399 essendouj
1151 2359 1207 2386 vn
1231 2345 1383 2395 altare,
1416 2348 1484 2387 tre
1506 2345 1598 2387 sedi
1619 2359 1645 2386 a
1667 2345 1889 2388 confessar

127 2413 172 2453 61
204 2410 307 2453 31111
338 2409 644 2464 impedimenti.
701 2410 742 2452 Jl
777 2411 906 2452 choro
940 2424 962 2452 e
993 2411 1122 2463 longo
1146 2412 1229 2453 .12.
1253 2410 1365 2464 piedj
1400 2413 1444 2452 et
1474 2410 1597 2463 largo
1630 2409 1888 2452 similmente

129 2477 213 2518 .12.
248 2475 357 2517 doue
390 2488 576 2517 nessuno
608 2489 691 2529 puo
725 2478 844 2517 stare
875 2476 944 2517 nel
986 2478 1132 2529 tempo
1166 2476 1278 2517 delle
1310 2489 1450 2517 messe
1482 2475 1516 2516 si
1550 2477 1648 2516 non'
1680 2475 1711 2516 il
1744 2489 1887 2517 sacer-

129 2541 230 2583 dote
254 2540 333 2582 col’
353 2554 429 2582 suo
453 2539 651 2581 Ministro
676 2575 685 2584 .
711 2541 958 2594 occupando
991 2541 1017 2582 l'
1037 2541 1178 2582 altare
1201 2542 1245 2582 et
1276 2540 1370 2582 suoi
1403 2540 1582 2582 cancelli
1616 2540 1738 2592 quasi
1769 2542 1885 2583 tutto

126 2605 157 2647 il
190 2605 332 2658 luogo.
388 2604 467 2646 Gia
500 2604 643 2646 scrissi
677 2605 764 2647 alla
786 2605 832 2648 P.
856 2605 908 2648 V.
933 2620 1053 2648 come
1085 2605 1127 2647 in
1161 2608 1315 2658 questa
1337 2618 1450 2646 noua
1482 2604 1679 2646 fabrica5
1704 2605 1885 2647 essendo

246 2686 273 2715 a)
295 2686 359 2716 Sic5
378 2685 485 2710 convicio
505 2685 649 2710 Lcmoium
667 2686 794 2711 scribere
817 2687 938 2711 voluisse
958 2685 979 2711 11
999 2685 1131 2719 palazzo.

250 2801 259 2819 ¹
286 2799 499 2833 Ferdinandi
524 2799 568 2834 ΙΙ.
595 2798 807 2833 archiducis.

248 2852 260 2871 ‘³
287 2852 560 2887 Archiducissae
587 2852 700 2886 Halae
736 2855 771 2886 61
797 2852 986 2896 collegium
1021 2852 1160 2897 piarum
1195 2851 1407 2886 feminarum
1435 2853 1470 2885 61
1496 2851 1637 2884 (1011111111
1663 2850 1884 2884 noviciorum

127 2904 318 2938 Societatis
344 2906 494 2939 condere
519 2905 705 2945 volebant;
733 2917 768 2939 v.
794 2917 903 2950 supra
928 2918 961 2950 p.
981 2906 999 2939 7
1030 2906 1073 2940 18
1098 2906 1144 2940 49
1170 2907 1237 2940 etc.

248 2958 260 2977 ³
286 2957 370 2991 Dies
394 2959 427 2992 4.
454 2958 609 2992 Ianuarii
636 2958 811 2992 dominica
837 2960 923 2992 erat.
975 2958 1026 2992 De
1051 2958 1118 2992 hoc
1144 2958 1297 2992 iubilaeo
1323 2970 1358 2992 v.
1384 2968 1492 3003 supra
1517 2969 1550 3001 p.
1572 2957 1650 2991 128.

248 3011 259 3028 ⁴
287 3009 529 3044 Ferdinandus
555 3011 598 3045 II.
626 3012 800 3045 archidux
826 3023 906 3045 cum
931 3011 1148 3055 Magdalena
1173 3013 1209 3045 et
1234 3011 1371 3045 Helena
1397 3010 1587 3045 sororibus.

246 3062 260 3081 ⁵
286 3061 455 3096 Societati
481 3063 669 3106 collegium
696 3064 968 3105 aedificabatur;
996 3065 1041 3099 cf.
1071 3066 1158 3099 Can.
1177 3064 1209 3098 V
1235 3064 1304 3098 342
1331 3064 1398 3098 776
1425 3065 1461 3097 61
1485 3075 1594 3107 supra
1619 3074 1653 3107 p.
1672 3063 1692 3096 3
1720 3063 1739 3096 7
1766 3061 1822 3096 80.
