2044 3335
249 119 352 153 1518.
379 118 561 153 Adurnius
588 118 673 153 Can.
710 119 788 154 Oct.
811 120 912 156 1567.
966 120 1067 156 1519.
1096 119 1181 155 Can.
1200 120 1366 155 Polanco.
1401 120 1457 154 24.
1477 119 1557 155 Oct.
1579 121 1680 156 1567.
1801 125 1854 165 95

91 239 268 276 maneret;
296 248 330 270 v,
357 236 461 276 infra,
488 248 581 271 mon.
609 248 685 271 oen.
715 237 782 281 (4).
816 238 896 273 Etsi
923 239 1090 273 Canisius
1116 238 1304 272 Aretinum
1331 238 1398 272 sibi
1426 238 1617 283 scripsisse
1643 239 1760 284 planis
1787 252 1856 274 non

88 289 184 323 dicat
209 289 340 330 verbis,
368 290 402 324 id
427 292 548 323 tamen
576 301 620 324 ex
647 291 724 324 tota
750 291 827 325 eius
853 292 1013 326 oratione
1040 291 1233 334 colligitur.
1270 292 1340 325 Per
1366 291 1507 326 litteras
1526 303 1666 337 quoque
1684 293 1856 327 Aretinus

88 354 109 376 a
135 342 277 377 Canisio
303 342 467 388 petierat,
496 346 535 376 ut
560 342 628 377 sibi
654 343 698 377 ad
726 343 959 379 Cartusianos
985 345 1139 379 transire
1165 344 1292 378 liceret
1319 344 1425 388 (Can.
1445 344 1477 378 V
1494 346 1593 388 499).

87 460 232 498 1518.
310 462 372 498 P.
400 461 829 500 FRANCISCUS
856 464 1210 502 ADURNIUS
1236 466 1444 510 provinciae
1471 465 1747 509 longobardicae
1774 466 1809 500 S.
1824 467 1855 501 J.

275 516 503 561 praepositus
530 516 731 551 CANISIO.
957 519 1161 553 Mediolano
1187 519 1253 553 sub
1281 519 1417 553 exitum
1446 531 1490 553 m.
1511 519 1677 554 Octobris
1707 520 1808 554 1567.

206 588 291 620 Vide
316 588 503 630 epistulam
528 590 748 631 superiorem
777 594 831 630 (a.
860 590 985 633 1517),
1013 594 1043 623 et
1069 591 1113 633 cf.
1143 591 1256 633 infra,
1284 601 1377 623 mon.
1405 601 1478 624 oen.
1508 591 1581 631 (4).

86 707 229 744 1519.
338 708 556 743 CANISIUS
595 707 653 744 P.
681 707 927 745 IOANNI
961 708 1281 746 POLANCO
1319 712 1513 745 secretario
1545 711 1736 746 Societatis
1762 712 1855 747 Iesu.

1214 764 1406 799 Monachio
1432 765 1488 799 24.
1509 765 1676 800 Octobris
1705 766 1807 801 1567.

205 826 259 860 Ex
294 826 518 871 autographo
547 826 619 868 (2⁰;
659 827 673 861 1
704 838 757 871 p.;
797 827 832 861 in
859 840 893 872 p.
919 829 942 862 4
968 827 1074 862 inscr.
1112 831 1148 862 et
1173 831 1296 873 partes
1322 829 1419 873 sig),
1459 829 1579 864 Germ.
1609 830 1685 872 183,
1724 843 1757 865 n.
1785 832 1853 866 215

87 879 128 923 (f.
154 879 224 915 400
250 882 286 914 et
311 891 365 924 sq.
391 891 460 913 non
487 879 609 923 sign.).

204 951 242 984 P.
271 951 503 985 &horremus
528 952 643 984 Roma
671 952 718 984 ad
744 952 783 985 P.
804 952 996 994 Hoffaeam
1021 954 1165 995 scripsit
1192 954 1313 987 animo
1340 954 1482 987 turbato
1510 959 1539 988 et
1564 955 1716 998 infenso.
1760 957 1855 997 Quas

85 1005 222 1037 litteras
250 1004 418 1038 canisius
443 1005 596 1047 Hoffaeo
623 1016 694 1038 non
719 1006 884 1040 tradidit.
935 1006 1172 1049 Impeffatar,
1208 1018 1250 1040 ne
1287 1008 1344 1040 ille
1379 1012 1452 1041 tam
1485 1019 1587 1052 saepe
1621 1010 1662 1042 de
1685 1010 1856 1052 plurimis

85 1058 187 1091 rebus
211 1058 355 1091 scribat.

297 1129 324 1181 †
356 1129 451 1171 Pax
483 1128 641 1171 Christi
673 1129 894 1171 nobiscum
928 1130 1184 1173 Reuerende
1218 1132 1362 1176 Pater.

201 1200 315 1242 Dum
344 1199 413 1241 hic
443 1214 595 1242 uersor
625 1200 669 1242 in
692 1201 862 1254 collegij
887 1201 1150 1253 uisitatione,
1175 1203 1338 1245 allatae
1360 1207 1462 1246 sunt
1484 1204 1638 1246 literae
1656 1204 1702 1247 Ρ.
1721 1204 1853 1246 Scho-

82 1264 249 1318 richij1,
303 1265 482 1308 Doctori
524 1266 660 1308 Paulo
676 1267 705 1316 2,
760 1266 826 1319 cuj
870 1266 1105 1321 inscriptae
1152 1267 1352 1318 fuerunt,
1407 1269 1595 1311 nondum
1640 1270 1850 1313 redditae.

81 1330 195 1372 Nam
230 1345 324 1372 cum
358 1330 401 1372 in
433 1345 552 1373 meas
586 1331 700 1374 forte
731 1346 884 1374 manus
907 1332 1092 1386 primum
1117 1334 1353 1384 venissent,
1388 1334 1514 1377 libuit
1535 1335 1633 1377 illas
1655 1349 1853 1378 reserare

84 1409 134 1438 ac
176 1396 344 1449 legere,
389 1399 437 1439 ut
475 1396 629 1439 scirem
664 1397 765 1449 quid
798 1397 840 1438 in
874 1397 959 1438 illis
992 1401 1261 1441 tractaretur
1276 1401 1305 1443 3.
1369 1400 1477 1453 Legi
1508 1400 1607 1442 illas
1640 1403 1685 1443 ct
1717 1400 1853 1455 relegi

82 1475 166 1502 non
210 1461 303 1503 sine
344 1461 653 1513 admiratione,
701 1477 796 1504 cum
836 1462 964 1504 facile
1005 1463 1196 1506 uiderem
1240 1465 1385 1507 uarios
1426 1468 1470 1507 et
1509 1466 1689 1508 acerbos
1721 1466 1853 1508 animi

81 1527 325 1581 perturbati
359 1530 503 1570 motus
536 1542 749 1581 nusquam
781 1542 867 1570 non
901 1528 1143 1579 admisceri,
1180 1532 1223 1572 et
1255 1530 1502 1583 ignorarem
1530 1534 1678 1573 tamen
1701 1546 1851 1574 veram

82 1592 388 1646 propriamque
440 1607 616 1635 causam
665 1593 791 1635 huius
839 1594 1121 1644 tentationis,
1176 1609 1287 1648 quae
1335 1596 1590 1650 scriptorem
1641 1597 1851 1651 epistolae

85 1657 276 1709 anxium,
319 1661 364 1701 et
395 1659 573 1701 Doctori
605 1658 740 1701 Paulo
773 1673 964 1713 prorSUS,
1004 1662 1053 1702 ut
1085 1660 1270 1711 uidetur,
1310 1661 1526 1703 infensum
1559 1665 1694 1705 tenet.
1758 1662 1851 1704 Nec

83 1723 185 1765 mihi
229 1724 493 1778 persuadere
538 1738 714 1778 possum
761 1739 865 1767 uera
912 1739 1029 1776 esse,
1077 1740 1187 1779 quae
1232 1727 1478 1781 suspicatur
1523 1730 1567 1769 et
1608 1728 1757 1770 scribit
1799 1728 1851 1769 de

83 1789 134 1832 D.
168 1789 303 1832 Paulo
344 1789 498 1831 harum
540 1790 764 1832 turbarum
805 1791 926 1834 uelut
965 1791 1160 1834 authore.
1215 1806 1310 1833 cum
1342 1792 1379 1834 is
1412 1795 1665 1836 constanter
1697 1796 1852 1846 negeta

83 1868 108 1896 a
130 1868 177 1896 se
200 1854 410 1909 scriptum
432 1855 677 1897 huiusmodi
700 1856 876 1909 aliquid,
912 1857 1025 1898 sicut
1047 1856 1120 1898 ille
1142 1857 1279 1910 fingit.
1323 1857 1495 1900 Literas
1516 1858 1689 1900 interim
1713 1858 1849 1900 eidem

83 1920 131 1962 D.
167 1920 301 1962 Paulo
346 1921 653 1964 monstrandas
698 1935 783 1962 non
828 1922 999 1976 putaui,
1046 1923 1120 1964 sed
1166 1923 1275 1965 satis
1319 1923 1413 1965 fore
1459 1923 1582 1973 duxi,
1627 1924 1663 1965 si
1701 1938 1849 1966 earum

82 1985 327 2040 exemplum
369 1985 512 2029 isthuc
554 2000 634 2040 ego
675 1987 989 2041 transcriptum
1031 1988 1274 2039 mitterem,
1317 1992 1361 2031 et
1393 1989 1443 2031 R.
1480 1990 1527 2031 T.
1562 1989 1848 2042 relinquerem

80 2050 356 2094 iudicandum
373 2053 402 2094 4.
451 2051 499 2094 P.
519 2052 794 2094 Schorichius
817 2054 977 2107 partim
1003 2053 1274 2104 Germanice,
1302 2055 1459 2109 partim
1484 2055 1639 2098 Latine
1662 2055 1850 2109 scripsit.

81 2117 238 2159 Latina
279 2117 413 2159 uerba
453 2131 538 2159 non
580 2118 770 2169 mutaui,
814 2119 890 2160 sed
931 2121 1103 2161 tantum
1146 2120 1382 2162 subnotata
1420 2120 1534 2162 linea
1576 2120 1756 2162 distinxi
1797 2121 1849 2162 ab

80 2182 197 2236 alijs,
245 2196 356 2235 quae
390 2182 650 2226 Germanica
691 2187 839 2234 erant,
885 2184 1068 2238 ideoque
1110 2185 1193 2227 fide
1236 2186 1350 2227 bona
1391 2189 1494 2228 sunt
1532 2200 1557 2228 a
1590 2200 1658 2227 me
1691 2185 1848 2228 uersab

80 2247 248 2290 Latine.
306 2248 522 2290 „Iudicium
556 2252 694 2291 totum
730 2249 787 2292 sit
819 2264 952 2304 penes
985 2250 1035 2292 R.
1061 2251 1108 2293 T.
1134 2254 1178 2293 et
1211 2251 1256 2294 P.
1282 2251 1336 2294 N.
1364 2251 1633 2300 Generalem,
1668 2251 1740 2304 qui
1772 2265 1848 2305 pro

79 2328 159 2356 sua
199 2313 432 2368 prudentia
473 2315 518 2356 et
559 2315 831 2358 authoritate
872 2316 1046 2358 nouerit
1088 2317 1200 2358 hunc
1241 2317 1423 2358 fratrem
1460 2330 1755 2370 compescere,
1802 2319 1850 2358 ut

81 2379 252 2422 desinat
292 2380 405 2421 hunc
447 2380 629 2421 mundi
671 2380 969 2435 spiritum5
1010 2381 1153 2434 sequi,
1198 2385 1242 2424 et
1285 2382 1446 2424 nostris
1487 2397 1583 2424 esse
1623 2382 1846 2425 molestus.

82 2444 243 2499 Scripsi
275 2446 328 2487 de
359 2445 433 2487 illo
466 2445 640 2499 saepius
673 2448 718 2488 et
750 2447 885 2495 oraui,
919 2449 969 2488 vt
1001 2447 1043 2488 in
1071 2447 1297 2489 scribendo
1321 2448 1490 2490 cautius
1513 2462 1644 2501 agere
1668 2447 1848 2489 nostris-

82 2525 162 2564 que
196 2525 376 2565 parcere
409 2514 660 2553 moneretur
676 2513 703 2553 6.
770 2512 920 2565 Pergit
961 2513 1134 2554 interim
1170 2527 1299 2567 saepe
1332 2527 1434 2555 suas
1466 2514 1663 2562 mittere,
1709 2513 1848 2554 alieno

188 2592 216 2621 a)
237 2592 377 2624 Sequitur
396 2591 481 2622 nihil,
501 2600 519 2616 a
540 2593 568 2617 G.
590 2593 678 2617 omitt.
754 2591 784 2622 b)
805 2593 946 2624 Sequitur
965 2592 1074 2624 salute,
1094 2594 1184 2618 oblim.

204 2695 213 2713 ¹
240 2693 295 2727 Ex
322 2693 532 2737 *Cataloyis
556 2694 715 2728 romanis
741 2693 807 2728 hoc
833 2697 993 2739 tempore
1020 2695 1165 2740 scriptis
1191 2694 1425 2738 intellegitur,
1453 2695 1492 2730 P.
1521 2695 1715 2739 Georgium
1743 2694 1848 2729 Scho-

81 2746 232 2781 richium
260 2750 309 2790 (V.
338 2759 448 2793 supra
473 2759 506 2792 p.
526 2747 587 2791 24)
615 2748 750 2782 Romae
786 2748 821 2781 in
857 2748 1009 2792 collegio
1041 2749 1248 2791 germanico
1281 2760 1390 2782 unum
1427 2761 1471 2782 ex
1511 2749 1725 2793 „praefectis
1753 2749 1848 2783 cubi-

82 2800 263 2835 culorum“
297 2800 484 2846 („prefetti
503 2801 537 2834 di
557 2803 739 2845 camera“)
770 2801 883 2836 fuisse
905 2801 1021 2843 (Rom.
1043 2801 1104 2837 78¹³
1130 2803 1155 2836 f.
1176 2803 1263 2845 672¹).
1304 2802 1350 2836 Hi
1378 2803 1553 2847 praefecti
1578 2802 1743 2836 alumnos
1769 2814 1848 2836 con-

80 2855 308 2898 victoresque
344 2854 516 2890 ecclesias
551 2855 735 2896 obeuntes,
781 2867 843 2890 rus
878 2858 1112 2890 excurrentes
1148 2858 1215 2890 etc.
1252 2856 1415 2890 comitari
1449 2856 1614 2891 solebant
1652 2856 1850 2899 (Stoeckius

80 2909 102 2943 1.
130 2921 158 2943 c.
187 2909 201 2942 I
228 2909 302 2951 34).
461 2908 474 2928 ²
500 2908 540 2943 P.
568 2908 679 2942 Paulo
706 2908 866 2943 Hoffaeo.

201 2962 213 2982 3
240 2962 407 2996 Canisius
445 2962 672 3006 praepositus
711 2961 945 3006 provincialis
984 2962 1039 2996 ius
1078 2964 1367 3007 potestatemque
1405 2964 1563 2998 habebat
1600 2963 1634 2998 id
1673 2963 1847 3003 faciendi;

81 3027 115 3049 v,
142 3027 250 3059 supra
277 3027 308 3060 p.
330 3015 409 3055 61³;
437 3015 483 3049 cf.
511 3015 619 3049 etiam
648 3015 931 3050 Constitutiones
958 3015 992 3049 S.
1012 3016 1045 3050 J.
1074 3017 1112 3051 P.
1140 3017 1171 3058 3,
1199 3029 1228 3051 c.
1250 3018 1278 3057 1,
1306 3017 1346 3051 B.

200 3070 213 3089 4
239 3068 331 3103 Vide
357 3080 450 3113 quae
476 3069 519 3102 de
545 3069 611 3103 hoc
639 3069 803 3114 exemplo
830 3069 896 3104 sub
924 3070 1037 3114 ipsam
1065 3070 1158 3104 hauc
1184 3071 1376 3115 epistulam
1403 3071 1577 3106 dicentur.

201 3124 213 3142 ⁵
242 3123 258 3156 1
289 3122 356 3156 Cor
383 3123 413 3163 2,
444 3122 497 3156 12.
645 3124 657 3141 ⁰
683 3123 775 3157 Vide
805 3124 890 3157 Can.
920 3123 951 3157 V
979 3123 1046 3157 323
1074 3124 1141 3158 346
1169 3124 1238 3159 362
1266 3125 1332 3159 387
1359 3126 1440 3159 474.
