2044 3335
136 85 221 126 232
634 81 736 116 1600.
763 81 803 114 Ρ.
824 80 974 114 loannes
1000 79 1043 114 de
1070 79 1225 114 Polanco
1252 79 1405 114 Canisio.

136 200 377 256 Superioris
409 199 656 255 pertinebit,
699 203 747 242 ut
780 213 867 250 eOS,
912 212 1019 252 quos
1061 198 1303 240 communia
1345 212 1476 240 onera
1511 198 1625 239 ferre
1657 211 1742 239 non
1773 211 1900 252 posse

135 266 305 317 uiderit,
340 265 520 308 aliorum
554 264 774 306 subleuari
806 266 929 306 curet
961 262 1136 313 auxilio,
1170 265 1215 305 et
1247 263 1393 316 aliqua
1421 262 1574 316 regula
1596 262 1739 312 eximi,
1774 262 1902 305 etita

141 332 304 373 Romae
336 332 397 373 fit.

255 396 307 438 V.
343 395 479 444 Quam
512 394 673 436 habeat
706 392 1038 448 dependentiam
1071 392 1233 435 Rector
1265 393 1307 435 S.
1342 392 1624 446 Hieronymj¹
1659 405 1684 433 a
1716 392 1903 434 Rectore

137 461 314 514 Collegij
349 462 394 502 et
416 458 728 502 Vniuersitatis
751 457 1030 512 Dilingensis.
1074 457 1345 512 Responsum
1379 459 1447 499 est
1478 457 1591 510 quod
1616 457 1903 498 omnimodam

137 526 296 568 habere
314 525 472 567 debeat
488 524 531 566 in
550 524 678 578 officij
698 524 762 566 sui
782 521 1171 573 administratione,
1200 525 1245 564 et
1266 522 1482 564 scribatur
1499 521 1858 576 Viceprouincialj
1873 522 1903 571 2,

138 593 186 633 ut
216 591 330 632 hunc
363 590 556 632 ordinem
589 592 799 643 tanquam
834 602 1070 642 congruum
1104 587 1158 629 ad
1191 587 1549 641 gubernationem
1578 586 1750 640 utrique
1772 586 1905 640 signi-

138 657 260 705 ficet;
304 656 467 697 nullam
509 656 658 697 tamen
700 653 985 696 diffidentiam
1025 653 1076 695 de
1107 653 1295 695 Rectore
1328 652 1369 695 S.
1403 651 1656 705 Hieronymj
1690 651 1905 694 ostendat.

258 720 331 763 VI.
377 720 499 770 Quod
543 720 703 762 attinet
747 719 802 761 ad
846 718 1020 760 modum
1071 717 1419 771 gubernationis,
1469 716 1808 758 ceremoniarum
1862 718 1907 758 et

139 785 501 828 exercitationum
542 784 585 826 in
626 783 925 826 Vniuersitate
966 783 1230 837 Dilingensj,
1282 782 1383 835 quid
1427 781 1750 836 praescribitur.
1823 781 1907 822 Re-

139 865 344 906 sponsum
379 854 468 893 est:
502 850 562 891 Vt
593 849 758 891 faciant
790 849 903 902 quod
934 848 1146 891 hactenus
1177 847 1390 898 fecerunt,
1425 847 1559 889 donec
1592 846 1753 900 aliquid
1792 846 1908 889 aliud

142 917 203 958 eis
235 915 572 971 praescribatur.

259 981 355 1023 VII.
399 981 463 1022 De
494 979 801 1035 promouendis
840 979 896 1020 ad
936 973 1111 1031 gradus,
1156 978 1256 1031 quid
1290 977 1437 1020 licebit
1470 976 1762 1030 Prouincialj‘?
1824 976 1909 1018 Re-

142 1060 349 1101 sponsum
382 1048 472 1088 est:
507 1045 615 1088 satis
639 1058 734 1087 esse
757 1043 894 1086 uideri
917 1043 1030 1097 quod
1051 1043 1264 1085 hactenus
1287 1044 1355 1085 est
1378 1056 1642 1092 concessum,
1675 1045 1724 1084 ut
1746 1041 1910 1083 scilicet

143 1111 197 1154 ad
239 1110 548 1153 necessitatem
589 1112 761 1152 tantum
800 1109 1081 1163 praelegendi
1122 1108 1292 1163 publice
1332 1108 1462 1150 liceat
1499 1107 1581 1161 ipsi
1614 1107 1779 1160 aliquot
1810 1120 1910 1160 pro-

143 1190 340 1218 mouere:
382 1175 465 1218 Vbi
497 1175 600 1218 talis
632 1175 871 1217 necessitas
904 1188 988 1216 non
1021 1174 1168 1224 fuerit,
1203 1173 1401 1216 consulat
1432 1172 1736 1226 Praepositum
1770 1171 1909 1214 Gene-

142 1241 278 1284 ralem
292 1242 321 1284 3.

260 1306 379 1349 VIII.
407 1305 515 1356 Quid
539 1306 590 1348 de
613 1305 871 1348 lectionibus
890 1304 1208 1347 Grammatices
1231 1307 1275 1346 et
1296 1303 1522 1347 literarum
1544 1301 1845 1344 humaniorum
1868 1300 1910 1342 in

143 1371 333 1425 Collegio
366 1370 710 1425 Jngolstadiensi
742 1370 1054 1413 statuendum?
1106 1370 1378 1424 Responsum
1411 1371 1500 1410 est:
1535 1368 1648 1421 quod
1679 1366 1912 1421 reprehen-

145 1437 272 1492 dendj
316 1436 485 1490 quidem
529 1436 616 1478 sint
656 1437 732 1487 illi,
779 1434 850 1489 qui
890 1435 933 1477 in
975 1436 1057 1477 hoc
1088 1434 1264 1488 negotio
1298 1434 1565 1484 Scholarum,
1612 1432 1739 1475 aliter
1783 1445 1911 1484 quam

146 1502 430 1545 Obedientiae
456 1502 569 1545 ratio
592 1502 848 1556 postularet,
882 1503 1202 1555 processerunt,
1237 1502 1281 1543 et
1302 1499 1436 1542 locuti
1459 1502 1561 1541 sunt
1573 1499 1601 1548 4,
1635 1497 1913 1539 nihilominus

144 1568 187 1610 in
209 1570 447 1622 posterum,
479 1566 640 1609 omissa
662 1567 802 1609 classe
824 1566 1094 1616 Rhetorices‚
1128 1565 1335 1618 reliquae,
1370 1578 1482 1618 quae
1505 1564 1560 1606 ad
1582 1562 1911 1605 Humanitatem

146 1635 190 1676 et
223 1632 563 1676 Grammaticam
594 1632 827 1686 pertinent,
861 1631 1115 1674 retinendae
1148 1633 1263 1673 sunt.

265 1698 337 1741 IX.
372 1697 482 1748 Quid
515 1698 567 1739 de
590 1697 911 1739 Professionem
943 1696 1196 1739 emissuris‘?
1239 1695 1511 1750 Responsum
1542 1696 1630 1736 est:
1664 1693 1914 1747 Expectan—

148 1764 247 1806 dum
282 1763 328 1807 P.
362 1762 520 1817 Canisij
554 1763 805 1814 aduentum,
838 1765 887 1805 ut
919 1776 1066 1804 eorum
1101 1760 1399 1803 Professiones
1432 1759 1651 1802 admittat.

269 1828 320 1871 X.
355 1827 464 1878 Quid
497 1828 549 1870 de
581 1827 795 1882 Magistro
829 1827 1106 1870 Nouitiorum
1139 1825 1295 1880 Domuj
1327 1824 1596 1880 probationis
1621 1821 1916 1865 Monachiensi

147 1893 479 1948 prospiciendo?
543 1893 814 1947 Responsum
857 1895 947 1935 est:
989 1892 1102 1945 quod
1135 1891 1474 1933 Bonauentura5
1514 1889 1633 1943 prius
1675 1889 1729 1930 ad
1763 1888 1916 1930 Sacer—

149 1958 314 2001 dotium
346 1960 584 2012 promotus,
619 1960 664 2000 et
694 1958 739 2000 in
769 1957 836 2000 his
859 1972 970 2011 quae
993 1957 1048 1999 ad
1070 1955 1344 1999 Nouitiatum
1367 1955 1601 2010 pertinent,
1636 1952 1916 2002 exercitatus.

150 2023 288 2077 primo
320 2036 424 2065 uere
455 2023 732 2065 Monachium
764 2023 1004 2066 mittendus
1037 2024 1118 2064 est.

270 2088 343 2130 XI.
377 2087 494 2130 Num
526 2088 796 2142 Herbipolim
830 2088 877 2130 P.
902 2087 1099 2130 Canisius
1132 2100 1178 2128 se
1211 2085 1407 2128 conferre
1439 2084 1604 2139 possit?
1647 2084 1917 2138 Responsum

151 2156 241 2196 est:
288 2153 401 2207 quod
443 2152 592 2196 licebit
633 2153 673 2195 ei
712 2153 775 2195 ire
817 2153 887 2195 uel
920 2167 1004 2194 non
1036 2153 1113 2202 ire,
1156 2154 1286 2206 prout
1317 2150 1475 2193 uiderit
1508 2149 1563 2191 ad
1595 2149 1702 2191 DEJ
1734 2148 1917 2202 gloriam

151 2219 369 2273 expedire,
402 2217 547 2272 potius
579 2221 728 2261 tamen
760 2218 1003 2268 uidebatur,
1038 2217 1151 2271 quod
1183 2217 1227 2258 in
1259 2230 1338 2258 sua
1370 2214 1623 2270 prouincia6
1654 2214 1793 2268 ipsum
1827 2226 1918 2254 ma-

151 2298 255 2326 nere
289 2285 525 2338 oporteret.

270 2349 367 2392 XII.
401 2348 510 2398 Quid
543 2348 594 2390 de
616 2348 894 2390 Kleselio‘?²'7
936 2348 1207 2401 Responsum
1242 2348 1331 2388 est:
1365 2348 1412 2387 ut
1435 2344 1633 2387 conferat
1655 2344 1701 2386 P.
1724 2341 1920 2385 Canisius

154 2428 249 2456 cum
284 2413 645 2468 Viceprouincialj
685 2427 736 2456 ac
775 2414 820 2456 P.
854 2413 1032 2467 Lanoyo
1078 2412 1169 2454 eius
1202 2412 1389 2453 Rectore
1430 2424 1486 2452 an
1526 2409 1664 2463 iuuarj
1707 2407 1845 2462 possit
1876 2407 1919 2449 in

272 2500 300 2531 a)
323 2501 357 2525 1η
378 2508 424 2531 (ῳ.
446 2500 489 2524 ita
509 2503 668 2525 correctum
688 2503 729 2525 est
750 2508 786 2525 ex
806 2498 956 2524 Kesselio.

278 2599 286 2618 ¹
314 2597 407 2631 Huic
443 2597 615 2631 iuvenum
641 2595 882 2629 studiosorum
911 2593 1092 2628 convictui
1119 2593 1158 2628 P.
1186 2593 1337 2627 Ioannes
1364 2590 1582 2626 Rabenstein
1609 2589 1643 2623 S.
1670 2590 1702 2623 J.
1738 2600 1817 2624 cum
1850 2599 1921 2630 „re-

156 2651 295 2693 genti&
326 2651 466 2684 nomine
494 2651 672 2694 praeerat.

275 2703 287 2722 2
316 2703 353 2737 P.
380 2703 493 2737 Paulo
521 2703 678 2736 Hoffaeo.

278 2757 290 2775 3
315 2755 367 2789 De
394 2755 568 2790 facultate
595 2755 638 2789 ab
666 2754 756 2788 Iulio
783 2754 845 2787 III.
873 2764 1055 2793 concessa,
1092 2763 1162 2796 qua
1188 2750 1406 2792 scholastici,
1441 2749 1502 2794 qui
1529 2749 1571 2783 de
1597 2748 1776 2783 Societate
1808 2749 1921 2787 erant,

158 2820 179 2842 a
213 2809 417 2853 praeposito
452 2808 612 2851 generali
638 2807 698 2841 vel
727 2807 791 2850 „de
818 2806 894 2841 eius
920 2806 1085 2840 licentia“
1116 2805 1160 2839 ab
1196 2804 1425 2838 inferioribus
1460 2801 1675 2847 praepositis
1710 2800 1754 2835 ad
1789 2799 1923 2844 gradus

159 2861 383 2895 academicos
409 2861 610 2905 promoveri
636 2862 815 2905 poterant,
841 2871 876 2894 v.
907 2860 993 2893 Can.
1022 2859 1071 2893 ΙΙΙ
1097 2859 1176 2892 452.

278 2915 290 2933 ⁴
316 2913 369 2947 De
394 2913 461 2947 hac
487 2925 525 2947 re
554 2925 585 2947 v.
614 2924 723 2957 supra
749 2925 783 2958 p.
806 2913 872 2947 132
898 2912 979 2946 228.
1125 2912 1138 2931 ⁵
1163 2910 1380 2950 Paradinas;
1407 2921 1442 2944 V.
1469 2920 1579 2953 supra
1604 2919 1637 2952 p.
1657 2907 1737 2941 229.

279 2968 291 2986 ⁶
318 2966 517 3008 Collegium
544 2966 795 3010 herbipolense
822 2966 865 2999 ad
893 2965 1084 2999 Societatis
1109 2963 1331 3009 provinciam
1358 2962 1553 2996 rhenanam
1581 2959 1793 3006 pertinebat.

281 3020 292 3039 ⁷
318 3019 357 3053 P.
384 3018 561 3052 Antonius
589 3018 711 3052 Klesel
738 3018 939 3063 Oeniponte
973 3019 1009 3052 in
1036 3017 1189 3051 ecclesia
1226 3015 1420 3061 parochiali
1456 3014 1737 3049 contionatorem
1773 3010 1922 3054 agebat:

163 3085 195 3106 V.
223 3083 332 3116 supra
357 3083 389 3116 p.
413 3071 489 3105 161.
