2044 3335
131 66 216 108 382
298 65 399 99 1697.
429 64 513 98 Can.
534 63 574 97 Ο.
596 62 799 96 Truchsess
817 61 859 95 de
878 60 1092 104 Waldburg.
1135 61 1228 104 Aug.
1247 60 1352 95 Vind.
1375 61 1403 95 1.
1423 60 1629 95 Decembris
1649 61 1750 96 1569.

129 181 451 224 contionatores
483 182 528 222 et
559 182 758 232 pastores
789 179 925 220 bonos
957 177 1114 231 ubique
1147 178 1309 221 deesse.
1361 178 1581 221 Extrudat
1613 178 1892 220 Dominus

129 246 422 301 operarios
462 244 514 286 in
554 245 813 285 messeml
845 243 1159 286 Germanicam.

246 311 345 352 Non
387 312 455 351 est
495 322 607 350 nunc
648 308 863 350 scribendi
905 307 1039 350 otium
1083 307 1136 349 de
1176 308 1327 361 medijs
1366 308 1420 349 ad
1454 307 1730 350 Germaniam
1763 307 1891 350 resti-

127 376 345 425 tuendam,
389 377 465 416 aut
506 373 636 416 etiam
670 373 713 415 in
745 373 953 427 religione
985 373 1209 415 Catholica
1240 372 1516 415 mediocriter
1549 373 1889 415 conseruandam

128 440 494 482 conuenientibus.
548 438 713 480 Deinde
746 438 849 480 nihil
883 452 909 480 a
940 451 1008 480 me
1040 440 1186 492 potest
1217 437 1378 480 adferri
1409 437 1582 488 rectius,
1617 451 1744 490 quam
1778 438 1890 491 quod

126 504 419 547 Jllustrissimi
465 503 714 546 Cardinales
762 504 813 546 D.
848 503 1190 545 Commendonus
1237 505 1281 545 et
1325 503 1376 545 D.
1400 502 1714 544 Warmiensis2
1760 502 1890 555 longo

127 584 270 611 rerum
313 584 392 611 usu
425 569 567 612 edocti
601 568 920 622 sapientissime
951 568 1215 610 iudicabunt.
1278 567 1399 617 Quod
1431 567 1486 609 ad
1519 568 1560 610 S.
1594 567 1740 609 sedem
1771 568 1890 621 Apo-

127 635 324 677 stolicam
357 634 528 685 attinet,
564 633 681 685 (nam
715 633 816 686 quid
848 633 971 674 nobis
998 633 1050 674 de
1082 632 1271 683 brachio,
1304 635 1354 674 ut
1375 635 1548 682 vocant,
1582 631 1765 673 seculari
1797 632 1890 686 pol-

127 700 345 750 liceamur,
379 713 463 742 non
495 698 711 752 intelligo)
744 699 1024 740 uehementer
1056 698 1255 752 optarim,
1294 697 1391 739 huic
1423 710 1589 739 summo
1620 696 1889 739 incommodo

127 764 357 818 prouideri,
391 767 441 807 vt
463 764 588 806 sedes
610 764 891 818 Episcopales
912 777 998 804 non
1020 762 1084 805 ita
1105 763 1176 804 diu
1198 761 1439 815 misereque
1462 761 1660 803 desertae
1681 761 1888 805 iacerent.

130 830 398 872 Diabolicum
419 829 500 871 hoc
522 842 617 871 esse
640 843 746 883 opus
769 828 969 878 arbitror,
1000 830 1050 870 vt
1072 827 1275 881 Episcopi
1298 830 1374 869 aut
1395 841 1479 868 non
1502 826 1652 869 statim
1674 826 1891 880 eligantur

128 898 171 938 et
203 895 500 945 instituantur,
535 908 631 936 cum
654 908 760 948 opus
784 896 864 943 est,
898 895 975 935 aut
1006 892 1132 935 electi
1164 895 1209 935 et
1240 891 1430 935 instituti
1462 905 1547 933 non
1579 894 1890 934 conseruentur

127 960 170 1001 in
204 960 359 1009 officio,
401 959 684 1013 praesertima
715 962 764 1001 vt
795 957 997 1000 vnionem
1039 971 1133 999 cum
1167 957 1292 1000 Pont.
1326 957 1443 999 Max.
1478 956 1667 998 debitam
1699 958 1887 999 seruent.

129 1025 265 1067 Omne
306 1025 515 1067 malorum
557 1038 694 1077 genus
735 1024 778 1065 in
818 1023 1037 1065 Ecclesias
1078 1025 1287 1064 uacantes
1329 1024 1377 1064 ut
1418 1024 1589 1072 uocant,
1633 1020 1888 1074 agminatim

125 1090 336 1144 irrumpit,
371 1104 509 1143 neque
541 1092 687 1144 potest
718 1089 809 1130 sine
841 1089 1132 1142 gubernatore
1164 1087 1288 1129 nauis
1311 1101 1394 1128 non
1417 1086 1605 1128 maxime
1637 1085 1887 1140 periclitari.

120 1156 192 1199 ,En
242 1156 529 1197 Viennensem
575 1155 817 1196 Ecclesiam
864 1157 933 1196 tot
977 1153 1101 1196 annis
1145 1155 1397 1203 uacantem,
1444 1165 1496 1193 en
1540 1151 1885 1193 Labbaccensem

125 1221 369 1274 multasque
410 1220 518 1262 alias
550 1219 887 1273 Westphalicas,
930 1221 979 1261 ut
1021 1218 1218 1260 omittam
1251 1217 1372 1268 alias,
1416 1231 1500 1259 non
1533 1217 1674 1259 dicam
1707 1229 1886 1269 quorum

124 1287 249 1340 culpa
281 1285 403 1327 nobis
430 1286 648 1339 abreptas,
683 1288 726 1328 et
748 1284 1008 1326 Lutheranis
1040 1282 1303 1337 principibus
1335 1282 1459 1324 foede
1491 1282 1721 1324 subiectas.
1775 1281 1887 1322 Hinc

124 1365 204 1405 ego
236 1351 472 1393 maximam
505 1350 656 1393 ouibus
677 1350 827 1391 inferri
850 1352 1043 1403 stragem
1067 1351 1185 1402 puto,
1220 1362 1315 1390 cum
1337 1348 1456 1389 nulla
1487 1346 1734 1401 pastoribus
1756 1346 1886 1387 relin-

123 1416 269 1470 quitur
310 1416 448 1467 sedes,
491 1419 536 1458 et
576 1415 688 1469 lupis
729 1418 929 1469 apertum
970 1416 1117 1456 manet
1158 1413 1329 1463 ostium,
1372 1415 1421 1455 ut
1457 1412 1619 1466 passim
1660 1411 1785 1453 sedes
1817 1410 1887 1453 etb

123 1481 329 1524 ecclesias
361 1484 574 1536 occupent
595 1480 889 1535 Episcopales.
939 1479 1203 1522 Obstruatur
1235 1492 1395 1532 quaeso
1428 1477 1534 1519 haec
1566 1477 1775 1526 fenestra,
1810 1490 1887 1530 per

123 1561 250 1600 quam
275 1546 577 1589 Sathanismus
600 1545 736 1588 omnis
758 1545 1014 1599 irrumpens,
1039 1544 1293 1586 clericorum
1316 1543 1499 1592 ordines,
1525 1545 1569 1584 et
1591 1541 1884 1583 Ecclesiarum

122 1612 227 1661 iura,
271 1614 315 1654 et
355 1611 716 1654 monasteriorum
756 1610 869 1652 bona
910 1624 1012 1652 mox
1054 1608 1224 1663 abripit,
1268 1610 1313 1650 et
1345 1607 1547 1661 quicquid
1578 1620 1681 1648 uero
1715 1606 1884 1648 Christo

121 1678 249 1728 tollit,
291 1692 394 1719 mox
434 1690 544 1719 nouo
587 1676 778 1730 applicat
809 1674 1092 1718 Antichristo.
1156 1674 1319 1715 Verum
1361 1673 1412 1714 de
1445 1672 1511 1714 his
1544 1672 1726 1714 aliorum
1757 1671 1885 1714 isthic

120 1742 324 1784 iudicium
357 1744 463 1785 esto.
527 1742 621 1783 Duo
660 1742 768 1782 haec
800 1754 881 1793 ego
914 1740 1060 1793 magni
1093 1752 1188 1781 esse
1227 1737 1434 1780 momenti
1477 1736 1672 1787 dixerim,
1715 1736 1752 1778 si
1793 1750 1883 1778 rem

124 1807 423 1850 Germanicam
457 1807 499 1848 in
532 1806 753 1849 meliorem
786 1808 951 1848 statum
983 1804 1164 1846 uelimus
1190 1803 1365 1845 adduci:
1399 1802 1583 1856 primum
1617 1801 1801 1854 quidem,
1835 1804 1885 1843 vt

123 1887 179 1914 ex
210 1872 489 1927 prouentibus
513 1870 904 1914 ecclesiasticorum
938 1870 1158 1912 alerentur
1189 1868 1353 1910 selecta
1385 1867 1586 1909 iuuenum
1619 1866 1805 1920 ingenia,
1839 1869 1884 1908 et

124 1952 178 1980 ex
209 1938 276 1980 his
307 1938 406 1980 boni
440 1937 624 1991 operarij
651 1936 694 1977 in
718 1935 1020 1978 Germanicam
1052 1948 1235 1976 messem
1268 1933 1381 1975 bona
1412 1933 1495 1974 fide
1526 1932 1690 1973 Romae
1722 1931 1884 1973 forma-

122 2006 271 2045 rentur
284 2004 312 2046 3.
371 2003 568 2044 Alterum
600 2015 717 2050 uero,
750 2003 799 2042 ut
831 2000 1046 2054 Episcopi,
1081 1999 1360 2041 Coadiutores
1392 2001 1561 2040 mature
1594 1996 1840 2050 acciperent
1852 1997 1881 2047 4,

122 2069 191 2110 uel
224 2068 294 2110 ubi
326 2067 432 2109 nulli
464 2069 578 2117 sunt,
621 2080 646 2107 a
679 2066 802 2108 Pont.
836 2065 954 2107 Max.
988 2064 1332 2112 instituerentur,
1366 2065 1442 2104 aut
1474 2062 1511 2104 si
1542 2061 1772 2116 prohibent
1803 2060 1883 2102 hoc

120 2134 307 2187 quidam,
350 2135 399 2175 vt
431 2131 725 2174 Ecclesiarum
766 2129 1015 2172 uacantium
1047 2129 1186 2182 tituljc
1223 2128 1478 2181 quibusdam
1510 2130 1657 2169 tamen
1690 2125 1882 2180 applica—

119 2203 291 2249 rentur,
340 2212 393 2240 ne
435 2197 496 2239 sic
538 2196 707 2238 omnino
749 2196 880 2238 liceat
921 2194 1098 2248 Harpijs
1139 2194 1182 2235 in
1223 2192 1381 2235 Christi
1422 2191 1729 2244 Ecclesiaeque
1770 2190 1881 2232 nidis

119 2264 288 2305 omnino
321 2276 519 2317 regnare,
552 2261 668 2303 nullo
702 2261 793 2303 fere
826 2260 1163 2302 contradicente.
1219 2258 1301 2300 Sed
1334 2258 1440 2299 haec
1469 2256 1653 2311 sapienti
1677 2256 1879 2306 Patrono,

119 2328 185 2370 cui
228 2342 384 2370 nouum
429 2330 626 2370 sanctum
670 2328 714 2367 et
757 2325 929 2367 felicem
973 2338 1132 2366 annum
1176 2337 1331 2377 precor
1375 2336 1400 2364 a
1442 2322 1611 2364 Christo
1655 2320 1877 2375 paruulo5.

118 2394 343 2447 Augustae
375 2392 583 2447 postridie
615 2392 667 2434 D.
691 2391 893 2433 Andreae
926 2389 1125 2443 Apostoli
1159 2390 1301 2431 .1569.

1009 2461 1167 2502 Seruus
1199 2459 1242 2501 in
1276 2458 1446 2501 Christo
1479 2458 1525 2501 P.
1551 2456 1757 2499 Canisius.

237 2545 264 2573 a)
287 2545 332 2568 Im
354 2546 382 2569 (J.
403 2544 530 2569 forres-it
551 2552 586 2568 em
606 2542 822 2576 praeseruetur
845 2543 885 2567 cel
905 2543 1151 2574 praeseruentur.
1278 2539 1307 2571 b)
1336 2539 1473 2571 Sequitur
1499 2546 1522 2563 v.
1545 2539 1586 2562 rel
1608 2537 1685 2562 verbi
1701 2546 1785 2568 pars,
1811 2546 1828 2562 α
1849 2538 1877 2561 C.

120 2587 207 2610 mmm.
282 2591 307 2616 c)
330 2588 352 2610 A
375 2588 403 2610 (J.
423 2593 497 2610 corr.
517 2593 553 2610 ex
573 2584 689 2610 titulus.

242 2728 248 2745 ¹
278 2727 329 2760 Mt
356 2727 386 2767 9,
414 2727 469 2760 38.
521 2726 568 2760 Lc
597 2726 650 2767 10,
678 2725 709 2759 2.

239 2780 249 2797 ²
277 2779 475 2813 Stanislaus
507 2779 640 2813 Hosius
675 2779 863 2823 episcopus
898 2777 1131 2817 varmiensis;
1169 2776 1250 2809 vide
1286 2785 1376 2819 quae
1411 2773 1477 2808 sub
1512 2773 1611 2818 ipsas
1645 2772 1711 2806 has
1736 2771 1877 2806 litteras

120 2831 291 2865 dicentur.

239 2886 250 2903 ³
276 2884 315 2917 ln
342 2884 503 2926 collegiis
529 2895 673 2918 romano
701 2886 735 2917 et
761 2883 976 2926 germanico.

240 2939 250 2956 4
278 2937 354 2970 Hoc
381 2936 545 2970 Canisius
571 2937 641 2970 iam
668 2948 698 2970 a.
721 2937 810 2971 1566
837 2939 873 2970 et
901 2937 990 2971 1567
1019 2935 1349 2973 comniendaverat3
1378 2945 1412 2966 v.
1443 2934 1528 2966 Can.
1548 2931 1580 2965 V
1608 2932 1674 2966 169
1702 2932 1769 2965 174
1795 2931 1875 2964 515.

239 2991 251 3008 '³
276 2989 341 3023 Die
367 2990 421 3023 27.
441 2989 652 3023 Novembris
677 2988 859 3033 inceperat
884 3000 1026 3024 sacrum
1051 2988 1238 3023 Adventus
1263 2989 1415 3031 tempus,
1442 2996 1510 3029 quo
1537 2985 1645 3019 animi
1670 2984 1713 3019 ad
1741 2983 1874 3019 Christi

120 3042 274 3077 natalem
302 3042 551 3076 celebrandum
577 3045 845 3085 praeparantur.
