2044 3335
75 72 175 107 1568.
204 72 289 107 Can.
307 72 466 106 Hoffaeo.
513 71 614 106 1569.
643 70 728 106 Can.
749 71 913 115 Borgiae.
962 70 1062 106 1570.
1084 70 1235 113 Borgias
1254 69 1339 104 Can.
1379 70 1433 104 13.
1452 70 1558 104 Mart.
1579 70 1681 105 1568.
1760 74 1841 115 175
1873 95 1879 102 .

190 189 354 221 Lanoz'as
371 186 415 220 ad
434 197 486 226 ea,
501 197 593 230 quae
609 186 775 221 Oanisius
793 187 861 232 ipsi
881 188 923 222 de
940 186 1217 231 amplificatione
1232 185 1294 219 illa
1308 184 1482 219 Kalendis
1496 184 1639 219 Martiis
1657 185 1707 226 (v,
1722 197 1841 230 supra,

72 252 126 285 ep.
145 252 178 274 n.
201 240 307 283 1565)
336 241 372 273 et
389 240 420 273 9.
436 239 559 273 Martii
586 239 792 284 scripserat,
819 240 854 274 in
881 239 1038 285 epistula
1056 239 1209 281 Borgiae
1228 238 1349 279 missa,
1377 250 1484 282 quam
1512 238 1615 272 modo
1641 238 1726 279 dixi,
1754 238 1843 273 haec

71 294 230 327 notavit:
271 293 347 335 „Ex
380 292 436 326 his
471 291 578 326 facile
613 292 761 335 colligat
791 293 832 327 P.
859 293 901 327 V.
939 305 984 328 an
1020 292 1152 326 Rector
1188 291 1450 336 OEnipontanus
1486 291 1520 324 in
1556 292 1701 334 negotio
1736 290 1842 325 huius

72 346 229 381 fabricae
263 357 377 380 nouae
413 344 566 379 violator
602 345 765 379 extiterit
791 345 1094 380 subordinationis
1120 344 1157 379 in
1182 344 1391 379 fabricando
1418 344 1627 378 seruandae.
1679 344 1720 378 Js
1747 346 1843 378 certe

71 399 231 434 oblatum
265 399 409 443 saepius
445 409 570 432 aurum
607 398 690 432 dum
727 401 824 433 esset
853 399 985 433 Rector
1012 397 1163 443 Collegij
1190 398 1407 432 Viennensis
1442 397 1646 442 repudiauit
1682 409 1726 430 ne
1752 396 1842 441 Regi

72 453 296 487 Ferdinando
322 451 505 486 fundatori
533 451 593 494 (ad
613 463 719 495 quem
750 452 900 497 subsidij
929 463 1038 486 causa
1064 452 1095 486 si
1120 462 1310 485 necessum
1337 453 1433 485 esset
1460 461 1642 484 recurrere
1669 450 1842 493 malebat)

72 506 235 540 iniuriam
262 505 381 539 facere
407 504 602 538 videretur.
655 504 759 538 Jdem
787 505 911 549 procul
939 504 1045 539 dubio
1072 505 1151 538 erat
1176 516 1197 538 a
1223 503 1297 538 solo
1324 503 1490 548 Principe
1517 503 1692 537 auxilium
1719 503 1843 548 ampli-

71 559 202 594 ficandi
228 557 352 603 templi
378 557 628 603 postulaturus
654 557 724 591 nisi
751 551 803 591 tot
831 557 1097 603 impedimentis
1123 557 1254 591 fuisset
1277 556 1447 591 exclusus
1465 559 1573 600 atque
1592 558 1838 601 praeuentus.“

73 673 225 710 1568.
301 672 519 709 CANISIUS
545 671 607 708 P.
635 671 864 709 PAULO
893 671 1220 709 HOFFAEO
1250 671 1303 708 S.
1324 671 1378 707 J.
1407 673 1622 708 Germaniae
1649 672 1843 716 superioris

211 726 518 772 viceprovinciali.
685 727 833 770 Dilinga
859 727 953 762 inter
978 727 1160 761 ineuntem
1189 728 1226 760 et
1250 726 1406 760 medium
1435 738 1480 760 m.
1500 726 1670 760 Martium
1693 725 1793 760 1568.

191 792 246 826 Ex
273 791 413 826 Hoffaei
438 790 673 835 autographo.
727 791 768 825 G.
796 791 860 836 Ep.
887 791 938 825 IX
965 792 989 825 f.
1020 791 1112 826 1702.

193 864 368 906 Hoffaeas
394 862 584 896 Monachio
622 864 674 895 17.
707 863 834 895 Martii
860 865 953 895 1568
979 863 1135 906 Borqiae
1165 862 1372 904 praeposito
1404 861 1567 904 qenerali
1600 861 1767 903 scribens,
1802 862 1843 894 de

73 918 111 951 P.
143 917 277 951 Thoma
307 916 412 950 Gallo
448 919 478 949 et
503 916 568 949 Fr.
596 916 732 949 Ioanne
758 916 841 948 Vico
881 916 1196 957 (in-universitate
1225 914 1416 956 dilinqana
1441 914 1499 947 hie
1524 914 1750 957 rhetoricam,
1786 915 1844 947 ille

72 971 281 1014 theoloyiam
322 971 554 1012 doqmatieam
597 969 805 1007 tradebant)
852 970 937 1002 haec
976 970 1109 1002 notavit
1152 969 1216 1010 (cf.
1256 979 1370 1010 supra
1406 980 1442 1010 p.
1485 968 1595 1007 146):
1633 968 1759 1010 „Quod
1797 968 1844 1000 ad

73 1025 116 1058 D.
142 1024 311 1057 Thomam
338 1023 483 1056 Gallam
509 1026 538 1055 et
556 1023 614 1055 Jo.
635 1023 803 1066 Amatam,
830 1025 919 1055 satis
944 1024 1054 1066 qaietz'
1079 1022 1181 1055 modo
1206 1026 1289 1055 sant
1314 1023 1362 1054 vti
1388 1032 1430 1054 ear
1456 1025 1600 1064 ‘Utroque
1625 1025 1655 1053 et
1681 1021 1725 1054 ab
1753 1025 1843 1054 etro-

73 1089 137 1121 qae
163 1078 201 1111 P.
233 1077 377 1111 Canisio
403 1074 552 1120 aoeepif‘

193 1147 323 1181 Petrus
342 1146 507 1181 Canisius
533 1145 600 1180 hoc
625 1148 786 1190 tempore
813 1146 848 1179 in
875 1145 1025 1188 collegio
1052 1145 1246 1189 dilingano,
1274 1145 1330 1179 cui
1357 1144 1601 1179 Theodoricus
1627 1145 1740 1179 frater
1767 1145 1843 1179 eius

73 1203 247 1247 praeerat,
274 1199 483 1235 refutationi
510 1199 761 1233 Centuriarum
788 1210 931 1244 operam
959 1198 1087 1239 dabat;
1114 1211 1148 1233 v,
1175 1210 1285 1243 supra
1311 1210 1343 1243 p.
1367 1199 1443 1233 138.

75 1322 227 1359 1569.
328 1322 545 1357 CANISIUS
573 1319 840 1357 SANCTO
869 1318 1259 1357 FRANOISCO
1288 1318 1606 1357 BORGIAE
1639 1320 1843 1365 praeposito

263 1376 423 1420 generali
451 1375 641 1410 Societatis
666 1375 758 1410 Iesu.
1302 1374 1447 1417 Dilinga
1478 1374 1530 1408 11.
1550 1373 1672 1408 Martii
1693 1374 1794 1408 1568.

192 1441 246 1475 Ex
273 1440 491 1486 apographo,
519 1441 561 1475 de
588 1452 657 1484 quo
685 1440 789 1480 infra,
818 1451 871 1485 ep.
898 1451 932 1474 n.
955 1440 1056 1474 1:377.

192 1512 347 1555 Borqias
371 1513 486 1545 Roma
516 1514 568 1545 10.
598 1512 739 1555 Aprilis
766 1514 858 1545 1508
886 1512 1032 1545 Canisz'o
1066 1512 1233 1554 scripsit:
1270 1511 1334 1555 „st
1367 1521 1452 1544 sono
1488 1511 1644 1544 ric-eunte
1670 1511 1780 1554 quelle
1806 1511 1844 1543 dt

74 1566 111 1599 V.
140 1566 182 1599 R.
209 1567 247 1598 di
276 1568 328 1599 11.
357 1570 386 1598 et
411 1568 468 1599 20.
495 1566 549 1598 del
572 1563 752 1608 passato.“

192 1635 356 1679 Utraque
394 1635 548 1680 epistula
586 1635 724 1680 perisse
760 1634 922 1676 videtur;
962 1634 1048 1679 quid
1087 1636 1207 1668 autem
1245 1633 1411 1668 canisius
1450 1633 1657 1678 scripserit,
1693 1633 1844 1677 colligas

74 1689 159 1724 licet
185 1701 230 1724 ex
255 1689 387 1724 litteris
414 1689 578 1733 Borgiae,
606 1700 696 1733 quas
723 1687 809 1723 dixi.

74 1809 228 1847 1570.
304 1809 611 1847 SANCTUS
631 1808 1060 1846 FRANCISGUS
1080 1807 1394 1845 BORGIAS
1418 1810 1645 1854 praepositus
1664 1809 1845 1852 generalis

266 1864 456 1899 societatis
482 1865 564 1899 Iesu
591 1863 792 1899 CANISIO.
1328 1862 1442 1896 Roma
1471 1863 1524 1897 13.
1545 1862 1666 1896 Martii
1695 1862 1796 1896 1568.

194 1935 249 1969 Ex
274 1934 482 1980 apographo
509 1935 620 1969 eiusd.
648 1937 776 1979 temp.;
814 1935 849 1968 in
876 1934 1050 1976 margine,
1087 1933 1209 1967 eadem
1238 1944 1364 1966 manu:
1405 1932 1571 1976 „Dilinga
1599 1933 1637 1967 P.
1667 1932 1844 1967 Canisio“.

75 1989 195 2024 Germ.
222 1989 265 2023 67
293 1989 317 2023 f.
348 1988 442 2023 llssb.

193 2061 347 2103 Borqias
382 2061 430 2093 ad
464 2061 600 2094 litteras
635 2062 845 2103 reqinaram
880 2064 909 2092 et
946 2059 1152 2092 archidaez's
1189 2070 1259 2091 non
1294 2059 1529 2102 respondebit,
1568 2063 1758 2101 antequam
1794 2059 1846 2090 in-

75 2115 256 2157 tellexerit,
292 2125 379 2147 nam
412 2115 468 2147 illi
502 2116 537 2147 in
575 2125 743 2157 responso
770 2124 885 2156 nuper
910 2114 992 2146 dato
1020 2113 1254 2156 acquiescant.
1309 2112 1487 2155 Pontifex,
1525 2123 1603 2145 eam
1637 2112 1846 2144 mandatnm

77 2169 167 2202 illud
202 2168 262 2210 (de
294 2168 545 2210 inrestiqana'is
578 2168 796 2211 hominibus,
835 2167 962 2210 quibas
995 2167 1091 2199 sedes
1127 2166 1319 2209 apostoliea
1356 2168 1494 2208 neqotia
1530 2166 1739 2199 committere
1773 2169 1846 2197 tato

73 2222 206 2265 posset)
234 2222 346 2264 daret,
372 2222 609 2265 sinqalare'ter
634 2222 840 2255 memoravit
870 2221 1076 2262 Canisiam;
1102 2231 1162 2252 nee
1188 2224 1304 2252 tamen
1329 2219 1412 2252 haic
1438 2221 1513 2253 eius
1531 2221 1584 2252 rei
1599 2220 1722 2261 qratia
1741 2229 1848 2262 neque

77 2276 245 2318 refutatio
269 2275 521 2309 Centztriaram
543 2275 808 2308 intermittenda
829 2285 939 2318 neque
961 2275 1034 2307 alio
1053 2274 1207 2307 eandam
1227 2278 1273 2306 est
1285 2286 1297 2314 ,·
1323 2273 1507 2316 supplebit,
1534 2274 1564 2305 si
1582 2283 1672 2316 qaae
1689 2273 1847 2314 deerant,

77 2329 388 2372 vieeprovincialis.
439 2329 607 2371 Pontifeoe
639 2329 830 2372 constituit,
867 2333 905 2361 ut
930 2328 998 2361 soli
1018 2327 1261 2370 provinciales
1288 2327 1472 2360 Societatis
1497 2327 1536 2359 id
1562 2326 1718 2368 officiam
1737 2335 1847 2368 prae-

74 2387 233 2424 starent;
258 2383 321 2416 hos
346 2383 438 2415 enim
464 2383 607 2425 colleyia
634 2382 812 2415 visitando
838 2393 912 2415 rem
938 2382 1168 2414 dissimulare
1187 2391 1302 2423 posse.
1347 2379 1385 2412 P.
1413 2381 1486 2412 Vae
1513 2380 1692 2412 creabitur
1714 2379 1847 2421 doctor,

77 2447 145 2480 qao
178 2437 314 2469 maiore
349 2436 562 2470 auctoritate
598 2437 634 2469 in
665 2436 863 2468 Germania
899 2435 1021 2468 docere
1056 2439 1170 2477 queat.
1221 2434 1342 2477 Neqae
1367 2438 1484 2466 tamen.
1511 2444 1586 2466 cam
1613 2433 1731 2474 fratre
1756 2432 1848 2465 laico

73 2491 329 2534 proficiscetur,
356 2495 545 2533 antequam
572 2501 615 2522 ea:
645 2490 843 2522 Germania
870 2490 997 2521 viatico
1022 2490 1068 2521 sit
1097 2490 1300 2521 instructas.

195 2562 289 2604 Pax
324 2567 393 2604 etc.
456 2561 538 2603 Del
579 2560 754 2614 negotio
797 2562 1111 2614 appertenente
1153 2559 1238 2600 alle
1272 2557 1553 2600 Serenissime
1585 2557 1752 2611 Regino
1793 2557 1848 2598 ho

77 2627 230 2670 scritto
263 2626 390 2681 pochi
422 2625 563 2679 giomi
595 2628 744 2673 sono¹,
779 2627 804 2666 a
838 2625 982 2678 quella
1014 2625 1174 2667 lettera
1206 2623 1265 2665 mi
1296 2623 1485 2673 rimetto‚
1521 2625 1566 2665 et
1597 2623 1760 2665 benche
1793 2622 1848 2663 ho

78 2693 272 2735 riceuuto
312 2706 397 2734 una
430 2691 703 2734 dell’istesse
736 2691 903 2743 Regine
936 2690 1169 2731 Madalena
1201 2691 1246 2731 et
1278 2689 1488 2739 Helena2,
1531 2690 1576 2730 et
1609 2688 1745 2730 anche
1777 2690 1848 2729 un'

78 2759 193 2801 altra
226 2758 293 2799 del
326 2757 602 2799 serenissimo
635 2756 854 2798 Arciduca
886 2755 1172 2804 Ferdinando‚
1217 2754 1360 2808 potria
1395 2768 1539 2796 essere
1573 2753 1774 2795 differissi
1806 2753 1849 2795 la

78 2824 267 2878 risposta
307 2822 431 2864 insin'
463 2824 490 2864 a
530 2825 655 2865 tanto
699 2821 777 2863 che
826 2821 937 2862 ueda
979 2834 1027 2862 se
1071 2819 1107 2861 si
1150 2822 1412 2862 contentano
1459 2833 1540 2861 con
1584 2819 1726 2872 quello
1772 2819 1850 2860 che

79 2889 378 2932 ultimamente
425 2887 479 2930 ho
522 2888 699 2938 scritto,
749 2901 869 2928 come
914 2885 971 2927 mi
1017 2899 1121 2940 pare
1167 2899 1212 2926 se
1258 2885 1492 2927 doueriano
1538 2884 1848 2934 contentarsi³,

198 2969 226 2999 a)
248 2970 281 2993 In
303 2977 349 3000 ap.
370 2969 503 3000 seqnitur
523 2967 612 2994 credo
635 2969 678 2993 vel
699 2968 782 2992 alind
804 2975 838 2999 zu,
858 2968 948 2992 oblite.

203 3072 211 3090 ¹
239 3069 329 3104 Vide
356 3081 465 3114 supra
491 3081 523 3114 p.
546 3069 624 3104 169.
772 3068 784 3088 ²
812 3068 887 3103 Has
913 3068 1054 3102 litteras
1080 3080 1115 3102 V.
1142 3068 1246 3109 infra,
1273 3080 1365 3102 mon.
1394 3080 1470 3103 oen.
1502 3068 1590 3112 (12).
