2044 3335
754 102 920 137 21.——·23.
940 102 1095 136 Ianuarii
1124 102 1226 137 1570.
1785 102 1868 142 649

221 218 276 252 Ita
311 219 453 262 quidem
490 220 675 253 Martinus
710 220 932 264 Eisenyrein.
993 218 1059 259 Qui
1097 218 1223 252 deinde
1259 218 1491 257 demonstrat,
1527 216 1735 250 daemonem
1770 214 1869 248 illum

102 270 254 305 eiectum
282 283 361 306 esse
386 284 450 316 per
476 272 602 313 Deum,
629 274 664 306 et
693 284 752 306 eos
779 273 924 312 refutat,
961 272 1022 316 qui
1052 272 1207 306 fortasse
1243 270 1373 305 dicturi
1407 271 1491 310 sint,
1526 281 1636 303 unum
1663 269 1870 302 daemonem

100 336 164 368 per
190 324 279 359 alios
306 325 497 359 daemones
533 337 612 359 esse
648 325 813 359 eiectum.
863 325 1045 366 Dominus,
1081 325 1208 368 inquit,
1245 324 1435 358 daemones
1471 323 1554 357 eicit
1588 321 1721 365 „durch
1756 320 1873 355 mitte]

101 378 219 412 seiner
243 378 360 412 lieben
387 378 525 412 Msitter
551 378 649 412 vnnd
674 378 825 412 anderer
852 378 1044 422 Hayligen.
1095 377 1143 411 Er
1177 377 1349 420 bezeugts
1385 376 1474 410 doch
1510 375 1623 410 selbst
1656 375 1723 409 mit
1752 374 1872 408 claren

101 430 263 470 VVorten,
284 431 327 465 da
347 443 384 465 er
402 432 481 465 dort
499 431 647 476 spricht,
667 431 749 465 Die
775 431 976 465 zaichen
1003 430 1113 464 aber
1140 429 1212 463 die
1239 430 1292 463 da
1317 429 1483 472 folgen
1502 429 1705 468 werden,
1733 427 1870 463 denen

101 484 175 517 die
202 484 255 518 da
281 484 509 527 glauben,
542 484 645 518 sein
681 484 773 525 die,
811 485 898 518 Jnn
936 483 1133 517 meinem
1168 493 1332 516 namen
1358 482 1545 516 werden
1581 482 1650 516 sie
1677 480 1872 515 Teuffel

101 536 511 572 ausst1·eiben¹etc.
555 537 660 571 Vnnd
680 537 887 577 widerumb,
915 535 1114 570 warlich
1141 535 1343 569 warlich
1369 547 1484 578 sage
1510 534 1584 569 ich
1612 535 1744 575 euch,
1772 534 1873 567 Wer

101 601 154 624 an
180 590 302 624 mich
329 591 517 634 glaubt,
554 591 634 624 der
659 591 812 624 wiirdt
847 590 921 624 die
948 589 1102 623 werck
1137 588 1255 622 auch
1291 587 1407 621 thfin
1434 589 1507 622 die
1543 588 1617 622 ich
1644 587 1746 627 thfi,
1783 587 1871 621 vnd

100 644 253 678 wurdt
279 644 511 687 griissere
538 644 658 678 dann
686 643 788 678 dise
814 642 1014 677 tl1s1n.“‘-’.
1035 669 1042 676 .
1062 669 1071 676 .
1118 641 1228 683 „VVas
1255 641 1311 675 die
1338 641 1517 686 Hayligen
1545 641 1580 674 in
1607 641 1686 675 dem
1713 641 1788 675 fahl
1815 641 1873 674 fur

100 696 248 731 zaichen
273 696 373 738 thfin,
401 698 516 741 nimpt
542 697 685 731 Christo
711 696 841 737 nichts,
868 696 1000 730 sunder
1026 695 1103 739 gibt
1125 694 1199 739 jme
1225 706 1303 735 nur,
1330 693 1434 728 Dann
1461 706 1498 728 er
1521 694 1686 728 Christus
1712 694 1797 728 thfit
1821 694 1873 727 sie

100 750 232 784 selbst:
261 749 457 784 Gleichwol
476 750 588 784 durch
613 750 712 784 seine
732 750 932 793 Hailigen.“
970 749 1067 782 Idem
1087 747 1213 781 deinde
1233 747 1409 792 exemplis
1428 759 1473 781 ex
1492 747 1706 791 Augustino,
1733 746 1871 788 Rufino,

101 802 257 844 Socrate,
285 803 478 837 Sozomeno
506 807 572 837 etc.
600 803 750 848 prolatis
776 803 937 837 illustrat
965 802 1003 844 (l.
1031 813 1060 835 c.
1087 802 1111 835 f.
1142 800 1391 844 135b—1472).

217 856 317 890 Haec
343 856 485 899 longius
512 856 678 901 prosequi
704 868 774 890 non
800 856 887 890 mihi
913 857 1032 889 vacat.
1079 855 1198 889 Unum
1225 856 1346 888 tamen
1373 865 1517 888 moneo:
1545 854 1723 887 Martinus
1750 853 1872 887 Eisen-

99 909 199 952 grein
228 909 289 952 (cf.
316 921 426 954 supra
452 921 485 954 p.
513 910 596 952 366)
626 910 681 943 vir
717 911 795 943 erat
829 912 865 943 et
891 908 1121 943 doctissimus
1156 909 1192 941 et
1226 907 1461 952 probissimus
1492 910 1528 941 et
1553 906 1870 944 honoratissimus:

99 962 133 996 S.
153 962 239 996 Pius
257 962 300 996 V.
320 974 400 996 eum
428 962 591 996 comitem
619 962 722 996 aulae
749 962 988 996 lateranensis
1015 961 1153 995 creavit
1180 961 1284 1004 eique
1311 962 1528 1005 potestatem
1554 960 1643 994 fecit
1669 960 1784 1001 mitra,
1812 971 1871 993 an-

98 1015 192 1056 nulo,
220 1015 320 1060 pedo,
347 1015 497 1059 reliquis
524 1016 743 1049 ornamentis
769 1015 1035 1060 pontificalibus
1053 1014 1196 1054 utendi;
1224 1014 1495 1048 Maximilianus
1515 1014 1557 1048 II.
1577 1014 1773 1058 imperator
1791 1025 1871 1047 eum

99 1071 135 1102 et
153 1068 401 1102 Vindobonam
429 1069 630 1108 arcessivit,
657 1071 695 1102 ut
723 1069 1004 1103 contionatorem
1031 1080 1135 1102 suum
1159 1070 1293 1111 ageret,
1321 1070 1358 1102 et
1375 1068 1541 1102 comitem
1568 1067 1766 1112 palatinum
1792 1078 1872 1100 con·

97 1121 234 1162 stituit;
261 1121 432 1156 Albertus
456 1121 497 1156 V.
519 1122 695 1156 Bavariae
723 1122 795 1155 dux
821 1134 903 1156 eum
929 1122 1174 1167 praepositum
1200 1122 1428 1164 ottinganum
1455 1123 1491 1155 et
1516 1121 1871 1165 superintendentem

99 1175 346 1209 universitatis
381 1175 677 1218 ingolstadiensis
712 1175 913 1209 nominavit
945 1178 981 1209 et
1015 1174 1095 1209 aliis
1131 1175 1324 1209 honoribus
1360 1176 1521 1215 ornavit;
1559 1173 1708 1209 Carolus
1743 1174 1873 1208 Stiriae

97 1228 272 1262 archidux
307 1228 551 1273 episcopatum
587 1228 815 1263 labacensem
853 1229 883 1262 ei
919 1228 1048 1263 obtulit
1085 1228 1135 1272 (v.
1172 1240 1283 1273 supra
1318 1240 1350 1273 p.
1387 1229 1475 1267 3673
1513 1230 1583 1262 Iac.
1613 1229 1734 1271 Irsiny
1769 1227 1802 1261 S.
1828 1227 1872 1267 J„

98 1282 140 1316 D.
168 1281 329 1326 Virginis
366 1281 590 1325 Oetinganae
626 1281 788 1316 Historia
815 1283 840 1323 I,
873 1282 1054 1316 Monachii
1091 1282 1203 1323 1663,
1238 1282 1398 1323 62—66;
1435 1283 1571 1326 Pfi'eyer
1596 1282 1618 1316 l.
1647 1293 1676 1315 c.
1703 1279 1873 1324 58-86).

98 1335 290 1369 Praeterea
315 1335 406 1369 haec
424 1335 663 1378 Eisengreinii
681 1336 840 1369 narratio
860 1336 917 1378 (ut
942 1335 1030 1369 nihil
1057 1336 1173 1369 dicam
1200 1335 1243 1369 de
1262 1334 1396 1369 Canisii
1423 1334 1555 1368 litteris
1574 1335 1605 1369 8.
1626 1333 1762 1378 Aprilis
1782 1334 1873 1368 1570

98 1388 140 1422 ad
169 1388 203 1423 S.
230 1388 462 1423 Franciscum
490 1388 659 1431 Borgiam
697 1389 941 1433 praepositum
977 1388 1183 1432 generalem
1219 1389 1331 1429 datis;
1368 1401 1402 1423 v.
1430 1399 1540 1433 supra
1574 1400 1607 1432 p.
1635 1387 1720 1430 399)
1749 1388 1873 1432 paucis

97 1442 204 1475 annis
230 1443 310 1486 post
337 1441 486 1486 probata
513 1444 550 1475 et
576 1442 725 1476 defensa
760 1444 816 1476 est
850 1444 926 1476 tum
954 1454 974 1476 a
1001 1443 1126 1476 Iacobo
1152 1443 1254 1476 Rabo
1290 1442 1391 1476 ducis
1418 1441 1594 1475 Bavariae
1630 1440 1873 1475 contionatore

97 1495 304 1529 monacensi
326 1494 578 1537 (Christlicher
602 1495 674 1529 vnd
693 1495 986 1539 wolgegriindter
1005 1495 1271 1539 Gegenbericht
1288 1507 1358 1529 von
1377 1495 1578 1529 Mirackeln
1597 1495 1693 1528 vnnd
1712 1494 1874 1528 wunden

99 1548 257 1590 zaichen,
284 1548 453 1592 Dilingen
474 1549 574 1590 1573,
602 1549 626 1583 f.
648 1549 894 1593 109a—142b),
921 1552 997 1583 tum
1025 1550 1068 1583 ab
1095 1549 1172 1594 ipso
1199 1550 1304 1583 Petro
1327 1550 1472 1583 Canisio
1503 1548 1571 1592 (De
1590 1549 1706 1582 Maria
1723 1547 1873 1592 Virgine

98 1601 379 1646 incomparabili,
406 1602 619 1646 Ingolstadii
648 1603 749 1644 1577,
776 1603 997 1646 667—669);
1030 1605 1139 1647 atque
1173 1603 1282 1637 etiam
1315 1603 1392 1648 ipse
1418 1603 1569 1636 Ioannes
1596 1602 1768 1636 Marbach
1796 1613 1873 1646 pro-

94 1655 306 1689 testantium
341 1655 688 1699 argentoratensium
722 1656 885 1690 minister
920 1656 1011 1691 libro
1044 1668 1074 1691 a.
1104 1657 1193 1692 1571
1233 1656 1327 1690 edito
1364 1656 1572 1690 daemonem
1606 1655 1758 1690 eiectum
1794 1666 1874 1689 esse

96 1709 283 1750 concessit,
319 1720 536 1753 quamquam
564 1709 738 1744 diabolica
763 1710 890 1744 fraude
926 1710 960 1743 id
990 1710 1125 1744 factum
1162 1722 1242 1745 esse
1277 1710 1493 1750 affirmavit3
1531 1710 1573 1743 de
1608 1721 1679 1753 qua
1705 1721 1743 1742 re
1770 1709 1873 1749 infra,

96 1773 188 1796 mon.
216 1764 280 1797 ott.
303 1762 368 1807 (4).

215 1815 380 1850 Dubitari
414 1818 555 1851 tantum
590 1819 720 1862 potest,
755 1819 874 1851 utrum
912 1817 1060 1851 ultimus
1096 1817 1156 1851 ille
1193 1817 1359 1858 daemon,
1396 1816 1467 1860 qui,
1503 1816 1652 1860 reliquis
1685 1817 1873 1860 Augustae

97 1868 231 1910 eiectis,
259 1869 431 1913 Ottingae
458 1870 593 1905 eiectus
612 1873 678 1913 est,
705 1872 882 1916 septimus
908 1870 1019 1905 fuerit
1037 1882 1081 1905 an
1102 1871 1271 1905 decimus.
1308 1870 1541 1915 Septenarius
1559 1881 1740 1909 numerus,
1768 1880 1873 1913 quem

97 1923 309 1966 Ee'senyrein
329 1924 366 1966 (†
387 1924 492 1967 1578)
515 1924 647 1969 posuit,
674 1936 790 1969 neque
816 1925 860 1959 ab
880 1936 930 1966 eo,
958 1925 1019 1968 qui
1046 1924 1247 1969 proximam
1274 1924 1380 1958 huius
1406 1923 1488 1957 libri
1508 1923 1700 1957 editionem
1720 1923 1873 1959 curavit.

97 1987 213 2020 neque
248 1988 268 2010 a
295 1978 394 2011 Raho
429 1989 544 2022 neque
580 1978 624 2012 ab
658 1978 737 2023 ipso
768 1979 912 2012 canisio
939 1978 1038 2020 locis,
1075 1978 1205 2022 quibus
1232 1978 1358 2012 horum
1386 1980 1537 2021 uterque
1565 1977 1608 2010 de
1635 1976 1873 2020 Eisengreinii

97 2030 271 2064 relatione
308 2031 442 2073 scribit,
478 2043 593 2075 neque
626 2043 646 2065 a
673 2033 852 2066 Matthaeo
879 2033 1033 2076 Radero,
1070 2032 1309 2076 Eisengreinii
1344 2031 1530 2065 historiam
1564 2031 1676 2064 latine
1703 2030 1874 2064 reddente

99 2083 138 2126 (l.
165 2095 195 2117 c.
225 2084 321 2127 158),
348 2096 464 2129 neque
491 2085 534 2119 ab
562 2087 719 2129 Ινείηρίο
749 2086 787 2129 (l.
816 2097 845 2120 c.
873 2086 887 2119 Ι
917 2086 999 2129 186)
1028 2086 1250 2130 improbatus
1277 2088 1344 2119 est.
1396 2085 1557 2119 Eundem
1586 2096 1773 2119 numerum
1803 2085 1872 2117 Au-

99 2139 228 2180 gustae
255 2138 348 2182 apud
367 2140 610 2182 protestantes
628 2139 817 2173 recitatum
839 2151 918 2173 esse
937 2140 1132 2173 conieceris
1152 2151 1197 2173 ex
1219 2141 1372 2173 Gassarc
1393 2139 1628 2181 „Annalium“
1650 2138 1739 2179 loco,
1767 2149 1873 2181 quem

98 2190 203 2234 paulo
239 2190 334 2225 infra
371 2203 512 2237 ponam.
564 2193 613 2226 At
639 2192 793 2236 Borgiae
827 2193 996 2227 Caw'sius
1029 2192 1061 2227 8.
1091 2192 1224 2237 Aprilis
1262 2193 1353 2227 1570
1388 2192 1554 2237 scripsit:
1595 2191 1742 2234 „Adfuit
1777 2191 1874 2225 Deus

97 2243 183 2277 mihi
210 2244 254 2277 ad
281 2244 404 2278 decem
431 2257 476 2279 ex
502 2245 564 2278 illa
591 2245 781 2280 daemones
807 2246 1019 2290 profligatos
1045 2245 1302 2291 [profligandos
1314 2246 1367 2288 ·?]“
1399 2248 1450 2288 (V.
1469 2257 1579 2290 supra
1602 2257 1635 2290 p.
1655 2244 1873 2287 399—400).

96 2296 277 2331 Dicerem:
299 2298 481 2332 Canisium
497 2299 613 2343 ipsum
628 2299 818 2343 scripsisse
832 2300 890 2333 vel
905 2300 1015 2334 scribi
1033 2300 1182 2334 iussisse
1206 2301 1384 2344 „septem“
1399 2313 1406 2340 ;
1426 2301 1466 2333 ut
1480 2301 1600 2333 autem
1615 2299 1651 2332 in
1666 2297 1873 2343 apographo

97 2351 240 2385 saeculo
258 2351 372 2386 XVII.
400 2352 532 2396 scripto
561 2352 840 2397 (autographum
867 2353 927 2387 vel
959 2353 1197 2398 archetypum
1224 2353 1361 2398 perisse
1388 2353 1547 2395 videtur)
1578 2354 1675 2386 esset
1696 2352 1873 2394 „decem“‚

97 2404 234 2438 factum
262 2416 341 2438 esse
365 2405 453 2438 vitio
471 2405 620 2445 librarii,
647 2405 813 2440 similiter
832 2409 940 2450 atque
958 2406 994 2440 in
1014 2406 1220 2452 apographo
1239 2407 1442 2440 litterarum
1463 2406 1494 2440 8.
1515 2405 1723 2440 Decembris
1743 2405 1835 2440 1570
1853 2416 1873 2439 a

100 2457 241 2492 Canisio
268 2458 312 2492 ad
331 2459 501 2502 Borgiam
529 2459 694 2493 datarum
724 2458 805 2502 (hoc
832 2460 866 2493 in
895 2460 1018 2494 eodem
1046 2463 1101 2494 est
1120 2460 1249 2495 Codice
1277 2462 1385 2504 atque
1412 2459 1516 2503 illud)
1536 2459 1729 2493 manifesto
1755 2470 1874 2493 errore

97 2523 160 2556 pro
183 2511 430 2554 „Decembris“
454 2513 610 2557 positum
629 2515 685 2546 est
707 2512 969 2557 „Septembris“
996 2516 1045 2557 (v.
1065 2525 1175 2558 supra
1193 2526 1226 2558 p.
1241 2514 1342 2557 420).
1378 2513 1446 2548 Sed
1467 2514 1663 2547 Saeehinus
1680 2512 1874 2547 historicus

98 2565 157 2599 ille
185 2565 422 2608 gravissimus
454 2569 489 2600 et
521 2566 556 2600 in
584 2566 670 2600 Vita
697 2566 850 2601 Canisii:
888 2566 1143 2609 „Monuerim“,
1171 2567 1296 2611 inquit,
1337 2569 1394 2609 „et
1421 2566 1614 2608 Canisium,
1642 2568 1678 2600 et
1703 2566 1828 2601 literas
1854 2578 1875 2600 a

98 2618 290 2652 Prouincia
315 2620 533 2664 tempestate
560 2619 684 2653 eadem
710 2620 876 2664 scriptas,
903 2620 1026 2654 decem
1052 2632 1241 2655 numerare
1268 2620 1438 2666 expulsos
1465 2620 1676 2662 Daemones,
1704 2631 1784 2654 cum
1811 2620 1872 2665 alij

98 2683 168 2705 non
193 2671 263 2706 nisi
289 2676 479 2707 numerent
504 2674 662 2718 septem“
698 2673 799 2717 (Can.
826 2674 924 2714 271),
962 2677 996 2708 et
1024 2675 1059 2707 in
1085 2674 1246 2708 Historia
1273 2674 1465 2708 Societatis
1501 2673 1650 2707 eundem
1686 2685 1874 2708 numerum

99 2725 220 2770 posuit
249 2725 358 2768 (Hist.
379 2726 412 2760 S.
432 2726 465 2760 J.
486 2726 548 2767 Ill,
575 2726 598 2761 1.
619 2728 650 2768 6,
677 2739 711 2761 n.
731 2726 805 2770 89).
841 2726 986 2761 Viditne
1006 2727 1202 2762 Sacchinus
1223 2727 1357 2762 Canisii
1385 2727 1648 2772 autographum
1672 2728 1708 2761 et
1733 2727 1875 2762 litteras

99 2789 237 2812 annuas
263 2779 469 2823 provinciae
497 2779 710 2814 Germaniae
745 2781 970 2825 superioris‘.>
1022 2782 1173 2815 Annuae
1209 2784 1434 2824 augustanae
1470 2780 1608 2815 nullum
1643 2781 1778 2815 habent
1812 2793 1874 2815 nu-

99 2843 236 2865 merum
266 2833 315 2875 (v.
335 2844 444 2877 supra
471 2845 504 2877 p.
524 2833 621 2877 641).
672 2834 729 2868 An
756 2835 862 2868 Anna
896 2836 978 2878 post
1008 2834 1077 2868 iter
1103 2834 1340 2878 ottinganum,
1377 2834 1471 2868 inter
1496 2836 1687 2868 exeuntem
1714 2846 1874 2869 mensem

100 2885 305 2919 Ianuarium
342 2887 378 2919 et
411 2886 593 2920 ineuntem
622 2887 782 2931 Aprilem
822 2888 921 2928 1570,
958 2899 978 2921 a
1004 2888 1120 2922 tribus
1156 2888 1258 2922 novis
1291 2888 1523 2922 daemonibus
1559 2888 1706 2922 obsessa
1742 2891 1778 2922 et
1812 2900 1876 2934 per

223 2992 233 3011 ¹
263 2991 374 3034 „Man
403 2993 480 3033 16⁴⁴,
508 2993 529 3027 i.
558 3005 587 3027 e.
614 2993 674 3027 Mc
703 2994 755 3035 16,
786 2994 838 3028 17.

221 3045 234 3066 ²
264 3045 357 3087 „Iolr
388 3047 464 3087 14“‚
491 3046 512 3080 i.
541 3058 569 3081 e.
598 3047 635 3080 lo
664 3047 716 3088 14,
746 3048 799 3081 12.
853 3047 921 3081 Per
949 3046 1132 3082 Christum
1171 3048 1362 3083 daemones
1399 3048 1534 3084 eiectos
1566 3060 1646 3084 esse
1672 3050 1742 3083 iam
1769 3049 1875 3094 paulo

101 3110 210 3144 supra
237 3099 389 3134 dixerat.
