2044 3335
679 91 824 134 Dilinga
853 92 906 126 11.
927 89 1136 125 Decembris
1165 89 1267 124 1567.
1783 90 1863 130 141

211 212 314 254 (311111
332 211 555 263 hucusque
572 209 842 264 scripsissem
860 244 868 253 .
887 209 1044 252 obtulit
1066 207 1169 249 mihi
1192 221 1351 249 nouum
1369 205 1578 260 scriptum
1597 205 1666 248 hic
1686 206 1867 258 Anglus,

92 278 145 320 de
178 291 261 331 quo
294 276 499 318 collectos
526 274 807 317 Consultores
840 274 999 317 audiui.
1043 273 1197 315 Visum
1231 274 1299 314 est
1332 270 1542 321 omnibus,
1577 273 1626 312 vt
1657 270 1742 325 ipsi
1764 285 1870 323 quo-

91 356 175 396 que
208 341 412 391 scribent,
456 340 618 382 diutius
655 339 769 381 inter
801 342 976 381 nostros
1007 337 1235 380 ferendum
1269 351 1353 378 non
1387 349 1496 386 esse,
1539 335 1612 388 qui
1643 338 1712 378 tot
1745 335 1870 389 signa

91 407 218 450 daret
248 405 582 455 inobedientiae,
618 408 663 447 et
694 405 998 459 praesentibus
1020 416 1134 444 nunc
1156 401 1452 456 superioribus
1474 403 1715 455 opponeret
1736 406 1869 451 sesea,

92 471 393 528 praescribens
424 471 559 524 leges,
593 484 702 523 quas
733 469 826 524 ipse
858 469 993 511 uellet
1025 471 1179 510 contra
1210 469 1433 521 receptum
1466 465 1593 507 huius
1618 465 1869 508 academiae

93 551 256 580 morem
274 536 492 586 inducere,
518 538 563 578 et
585 534 734 577 multis
756 534 895 576 modis
918 533 1140 588 excipiens
1158 534 1312 574 contra
1330 545 1600 573 communem
1619 531 1870 584 regularum

91 601 457 645 obseruationem.
510 599 663 643 Voluit
696 602 928 653 praeterea
960 613 1083 641 suam
1117 611 1294 640 causam
1328 610 1354 638 a
1387 596 1433 638 P.
1460 595 1666 638 Generali
1697 598 1870 638 tantum

93 667 286 717 iudicari,
330 669 374 709 et
416 668 569 721 aperte
609 665 854 719 praesefert
891 663 1225 707 amarulentiam
1260 660 1498 704 aduersusb
1530 664 1621 703 tres
1655 675 1678 702 e
1710 660 1872 702 nostris

93 733 359 782 sacerdotes,
392 735 441 774 ut
474 731 547 784 alij
582 733 734 785 aperte
767 733 963 773 cernunt.
1007 728 1210 772 Breuiter
1243 726 1517 768 obedientiae
1547 725 1746 780 spiritum
1773 728 1873 780 post

92 797 411 841 admonitiones
443 800 488 839 et
519 796 813 851 poenitentias
836 796 1000 837 nullum
1023 794 1092 835 hic
1116 792 1390 835 exhibiturus
1413 791 1657 840 uidebatur,
1693 794 1737 833 et
1760 791 1873 845 peri-

94 863 238 906 culum
281 864 389 912 erat,
432 876 486 904 ne
527 865 733 916 pergeret
774 861 864 902 suis
905 858 1321 902 murmurationibus
1359 857 1571 899 infestare
1604 860 1648 898 et
1681 870 1874 897 corrum-

98 943 198 983 pere
231 928 406 977 fratres,
450 927 522 980 qui
560 941 646 968 non
679 928 862 981 possunt
895 940 979 967 11011
1012 924 1163 967 mirari
1195 926 1240 966 et
1273 923 1433 972 dolere,
1473 921 1586 963 hunc
1619 936 1750 963 vnum
1784 924 1874 964 tam

94 993 333 1036 insolenter
374 996 419 1036 et
459 992 708 1047 praefracte
750 1005 896 1045 agere,
941 993 985 1033 et
1023 1003 1274 1032 communes
1307 989 1427 1041 leges
1459 986 1697 1040 negligere.
1761 985 1875 1036 Quo-

95 1059 211 1102 circa
251 1059 391 1101 uisum
434 1061 502 1101 est
544 1056 741 1099 omnibus
775 1059 820 1099 et
852 1056 969 1106 mihi,
1012 1060 1061 1099 ut
1092 1069 1260 1097 mecum
1292 1054 1366 1095 ille
1408 1052 1664 1102 discederet,
1707 1053 1752 1094 et
1783 1053 1874 1093 Au-

94 1127 251 1178 gustae
284 1127 482 1166 maneret
512 1122 744 1177 tantisper,
783 1123 883 1164 dum
917 1123 1137 1164 statueret
1169 1121 1222 1162 de
1255 1119 1328 1161 illo
1362 1119 1408 1162 P.
1443 1119 1491 1162 T.
1526 1118 1581 1160 ad
1614 1131 1744 1170 quam
1775 1131 1875 1171 spe-

94 1190 213 1232 ciosa
244 1190 434 1232 fortasse
465 1189 538 1231 ille
571 1189 746 1238 scribet,
780 1188 857 1229 sed
889 1187 1057 1230 vtinam
1085 1200 1191 1228 uera
1214 1184 1371 1228 omnia.
1416 1184 1486 1227 Fit
1509 1183 1683 1226 interim
1705 1181 1875 1236 ingenti

95 1270 192 1297 cum
227 1255 489 1298 detrimento
522 1254 765 1297 studiorum
793 1256 838 1295 et
860 1252 1076 1307 gymnasij
1100 1251 1240 1301 huius,
1275 1250 1389 1303 quod
1412 1249 1608 1303 cogimur
1628 1246 1873 1290 huiusmodi

96 1321 283 1375 peritum
315 1320 506 1373 alioquin
540 1319 776 1362 Rhetorem
800 1318 897 1360 hinc
919 1319 1149 1371 ablegare:
1183 1316 1257 1358 sed
1281 1317 1478 1370 praestat
1502 1328 1633 1356 vnum
1657 1313 1874 1363 amittere,

96 1400 226 1441 quam
257 1386 419 1428 multos
451 1385 657 1440 perdere:
700 1399 779 1427 nec
822 1383 985 1434 dubito,
1029 1382 1131 1436 quin
1165 1381 1350 1434 collegio
1382 1380 1504 1422 huic⁰
1535 1382 1689 1434 optata
1720 1378 1878 1420 redibit

96 1451 394 1505 tranquillitas
435 1451 517 1493 hoc
550 1451 704 1493 Dauo1
745 1450 933 1499 sublato,
977 1448 1097 1490 cuius
1138 1448 1268 1501 salutj
1311 1446 1478 1488 utinam
1520 1445 1562 1486 in
1601 1444 1744 1487 aliena
1776 1458 1876 1498 pro—

98 1517 235 1560 uintia
267 1517 337 1559 uel
370 1517 536 1558 Romae
570 1515 735 1558 consuli
768 1518 930 1570 posset.

216 1588 409 1631 Adiunxi
441 1602 568 1630 casus
602 1587 826 1641 quosdam.
853 1621 861 1629 .
888 1621 931 1629 ..
980 1584 1246 1628 Dominus
1278 1582 1462 1626 nostri
1494 1581 1875 1631 misereatur2‚

97 1658 144 1698 et
176 1654 382 1697 admittat
414 1653 628 1696 sacrificia
661 1656 706 1696 et
738 1667 890 1707 preces
914 1652 959 1695 P.
984 1651 1033 1695 T.
1065 1664 1177 1704 quae
1199 1663 1277 1704 pro
1300 1648 1425 1691 nobis
1448 1649 1614 1698 offeret,
1649 1646 1713 1689 uti
1735 1659 1876 1700 spero.

98 1720 301 1773 Dilingae
336 1721 387 1761 11
423 1719 626 1762 Decemb.
663 1720 790 1761 1567.

991 1782 1153 1824 Seruus
1184 1780 1229 1822 in
1261 1779 1431 1822 Christo
1464 1779 1510 1822 P.
1546 1777 1755 1820 Canisius.

220 1904 247 1955 †
279 1901 522 1944 Admodum
550 1901 809 1944 Reuerendo
842 1900 885 1942 in
908 1899 1079 1942 Christo
1102 1899 1225 1941 Patri
1247 1897 1479 1940 Francisco
1512 1910 1539 1939 a
1560 1895 1722 1949 Borgia
1744 1894 1877 1936 Prae-

100 1968 243 2024 posito
277 1966 567 2023 [Genera]l[i]
603 1966 836 2010 Societatis
868 1966 1024 2008 JESV.
1124 1965 1304 2008 Romae.

225 2092 435 2135 Sacchz’nus,
462 2091 522 2125 ubi
549 2090 615 2125 has
642 2090 785 2124 litteras
813 2090 1070 2123 commemorat
1099 2087 1202 2130 (Can.
1221 2085 1440 2127 246—247)‚
1468 2085 1518 2118 ita
1544 2084 1687 2117 narrat:
1716 2081 1881 2115 Canisius

100 2145 148 2180 ad
167 2145 358 2180 Centurias
377 2145 712 2189 Magdeburgenses
739 2143 952 2177 refutandas
984 2141 1192 2184 ⁷,saci-ificia,
1222 2143 1258 2174 et
1284 2150 1409 2184 preces
1435 2137 1471 2171 in
1498 2148 1577 2171 eam
1603 2148 1690 2176 rem,
1717 2135 1881 2180 proprias

104 2212 125 2233 a
152 2199 363 2244 Praeposito
390 2198 559 2232 Generali
595 2210 675 2232 cum
704 2197 906 2237 societatis,
943 2198 1021 2230 tum
1057 2194 1268 2229 nominatim
1305 2192 1421 2237 ipsius
1448 2191 1562 2236 petiit.
1614 2189 1669 2223 Ad
1696 2189 1785 2223 haec
1819 2200 1883 2233 per

104 2253 256 2287 eundem
283 2252 534 2298 Praepositum
572 2263 592 2286 a
627 2263 767 2285 summo
795 2250 971 2284 Pontifice
1007 2248 1294 2284 benedictionem
1322 2245 1555 2289 singularem,
1594 2243 1810 2288 plenamque
1836 2253 1883 2275 ex

103 2306 314 2351 Apostolica
348 2305 575 2349 indulgentia
602 2306 898 2339 condonationem
926 2302 1104 2346 rogauit“.
1154 2301 1230 2335 Nec
1257 2312 1343 2334 vero
1380 2300 1500 2344 potest
1524 2308 1641 2341 neque
1676 2309 1722 2330 ex
1748 2295 1884 2330 Canisii

106 2360 247 2401 litteris,
273 2371 391 2404 neque
418 2371 464 2393 ex
482 2359 637 2402 Borgiae
664 2369 836 2403 responso
865 2356 1068 2401 (respondit
1093 2356 1152 2389 hic
1179 2355 1223 2389 ad
1251 2365 1329 2388 eam
1349 2352 1485 2387 Canisii
1512 2351 1722 2396 petitionem
1749 2349 1804 2383 24.
1829 2349 1883 2382 Ia-

103 2414 220 2448 nuarii
243 2415 349 2457 1568)
380 2413 501 2457 colligi
530 2412 713 2446 Canisium
741 2414 885 2457 praeter
911 2409 1197 2444 benedictionem
1225 2407 1445 2453 pontificiam
1472 2404 1607 2450 petisse
1634 2404 1741 2437 etiam
1769 2402 1884 2436 indul-

105 2468 263 2512 gentiam
291 2467 509 2513 plenariam;
538 2466 745 2500 confudisse
771 2465 917 2499 videtur
945 2463 1143 2498 Sacchinus
1170 2461 1381 2507 petitionem
1408 2457 1669 2493 benedictionis
1695 2469 1716 2490 a
1740 2455 1884 2491 (33111510

106 2522 360 2556 refutationem
388 2520 640 2555 Centuriarum
669 2519 904 2563 aggrediente
930 2518 1065 2552 factam
1102 2519 1139 2550 et
1173 2515 1383 2560 petitionem
1420 2511 1666 2555 indulgentiae
1700 2510 1884 2555 plenariae

106 2589 127 2609 a
144 2575 184 2610 P.
205 2574 353 2609 Hoffaeo
372 2574 640 2608 Catechismum
662 2574 860 2607 Romanum
880 2571 1087 2614 germanice
1107 2572 1273 2603 vertente
1300 2568 1434 2602 factam
1461 2566 1520 2609 (de
1539 2577 1612 2609 qua
1629 2576 1738 2609 supra
1756 2575 1789 2609 p.
1809 2563 1884 2605 59).

108 2630 232 2673 Neque
259 2628 451 2663 Societatis
477 2639 603 2673 preces
631 2626 797 2661 Canisius
824 2626 930 2670 petiit
957 2625 1007 2667 (id
1036 2624 1130 2668 quod
1158 2623 1280 2666 aliqua
1306 2622 1445 2655 ratione
1471 2621 1586 2653 Boero
1613 2629 1755 2662 quoque
1782 2616 1884 2661 [Can.

106 2682 190 2727 321]
218 2685 254 2717 et
279 2684 330 2717 Io.
350 2684 514 2726 Dore'yny
533 2682 566 2716 S.
584 2681 616 2715 J.
645 2680 709 2725 [La
721 2680 788 2714 Vie
815 2680 860 2713 du
888 2678 1062 2712 reverend
1092 2678 1182 2711 Pere
1209 2677 1330 2710 Pierre
1350 2673 1526 2714 Canisius,
1555 2672 1658 2706 Paris
1679 2671 1781 2713 1707,
1800 2670 1883 2715 296]

105 2736 371 2779 affirmarunt);
398 2736 461 2769 sed
488 2736 643 2778 Borgiae
669 2746 795 2779 preces
826 2732 965 2775 „offerri
992 2731 1144 2765 Domino
1171 2729 1374 2774 cupiebat“.

227 2813 379 2857 Borgias
407 2812 550 2846 Canisio
577 2810 764 2856 respondit
791 2810 845 2844 17.
873 2811 910 2843 et
935 2809 991 2843 24.
1020 2806 1178 2841 Ianuarii
1207 2805 1310 2840 1568.

229 2915 256 2944 a)
278 2915 339 2938 Hoc
359 2922 383 2938 v.
404 2921 421 2938 α
442 2914 471 2938 C.
491 2920 584 2944 supra
606 2920 722 2937 versum
741 2911 884 2942 scripum
905 2912 955 2934 est.
1023 2907 1054 2940 b)
1078 2908 1217 2939 Sequitur
1237 2905 1295 2937 tot,
1315 2906 1406 2932 oblitt.
1473 2906 1498 2936 c)
1519 2903 1610 2929 huius
1630 2907 1744 2935 ccutoyr.

234 3050 243 3069 ¹
270 3049 403 3082 luvene
429 3050 559 3082 nasuto
586 3050 622 3081 et
648 3045 880 3081 correctionis
906 3043 1136 3090 impatiente3
1165 3055 1199 3077 v.
1231 3044 1318 3077 Can.
1347 3042 1397 3076 111
1423 3041 1520 3075 473⁴.

230 3103 243 3123 2
270 3102 317 3136 Ps
344 3102 400 3143 66,
427 3102 468 3142 2;
497 3102 574 3143 122,
602 3101 622 3135 2
649 3101 670 3135 3
697 3102 765 3135 etc.
