2044 3335
698 103 811 138 Roma
836 104 892 138 22.
911 102 1067 137 Ianuarii
1087 101 1190 136 1569.
1748 101 1832 140 243

70 237 178 277 gran
210 221 386 264 fastidio
420 234 500 263 con
532 219 604 270 lui,
640 234 718 262 con
752 234 858 274 poco
891 219 1042 269 frutto,
1078 220 1122 261 et
1153 217 1196 259 in
1230 220 1385 270 questa
1407 217 1533 270 parte
1555 218 1683 268 potra
1706 215 1758 258 V.
1782 215 1833 257 R.

70 287 257 337 credere,
292 286 369 328 che
400 286 427 327 Γ
446 285 675 327 habbiamo
709 284 989 337 cognosciuto
1022 286 1066 326 et
1099 283 1177 325 che
1204 283 1357 335 questo
1380 281 1506 322 modo
1530 280 1582 322 de
1605 279 1838 334 diportarsi

69 366 148 394 con
190 351 263 400 lui,
307 350 388 392 eil
423 349 634 402 migliore,
680 352 724 392 et
765 350 806 391 al
839 350 995 391 Rettor
1037 347 1078 390 di
1120 346 1348 389 Monachio
1390 345 1520 399 glielo
1562 344 1839 387 raccomandi

70 416 203 458 molto
236 416 289 458 V.
322 415 372 458 R.
408 417 452 456 et
493 428 572 456 con
615 416 767 467 questo
810 414 846 456 si
886 413 1061 456 intende
1103 412 1181 454 che
1222 410 1515 454 l’obedientia
1553 424 1638 452 non
1670 409 1839 464 patisca

70 481 332 524 detrimento
364 480 407 522 la
440 479 566 532 quale
599 479 659 520 lui
691 479 851 521 deuera
883 478 1101 531 guardare
1132 476 1437 519 intieramente
1471 489 1591 517 come
1622 475 1707 517 bon
1739 474 1839 516 reli-

69 546 204 600 gioso,
248 548 293 587 et
334 558 380 586 se
411 543 545 598 hoggi
576 558 662 585 non
695 543 730 585 si
763 543 903 586 scriue
936 544 978 585 al
1011 543 1057 586 P.
1091 543 1143 584 D.
1178 541 1348 583 Canisio
1381 539 1652 582 Prouinciale
1686 541 1841 592 questa

70 610 239 653 seruira
280 623 441 652 ancora
481 623 560 663 per
600 609 671 659 lui,
715 609 756 650 al
799 609 926 662 quale
968 608 1003 649 si
1046 611 1068 649 0
1101 606 1256 649 scritto
1291 607 1328 648 8.
1364 605 1405 647 (11
1447 620 1565 656 sono,
1611 605 1666 648 N.
1700 604 1841 646 Padre

73 676 284 718 Generale
317 678 387 717 sta
420 688 580 716 ancora
611 673 806 724 infermo,
843 677 886 716 et
915 673 952 715 si
974 672 1265 715 raccomanda
1297 676 1367 713 etc.
1412 670 1466 712 Di
1488 670 1627 712 Roma
1648 670 1678 711 11
1702 672 1770 712 22.
1799 669 1841 711 di

73 741 274 783 Gennaro
311 741 436 782 1569.

192 843 335 878 Canisio
354 843 534 878 Polancus
560 855 600 876 eo
627 842 684 876 die
709 854 780 876 non
806 842 972 887 scripsit;
998 842 1078 876 ideo
1104 842 1172 876 hae
1198 841 1342 876 litterae
1361 840 1460 875 —id
1486 841 1580 885 quod
1607 852 1651 874 ex
1678 840 1766 884 ipsis
1792 839 1842 873 in-

72 895 259 939 tellegitur
286 916 328 920 —
356 908 426 930 non
452 896 496 930 ad
525 895 712 930 Hoffaeum
740 895 867 936 solum,
894 896 955 930 sed
984 896 1092 929 etiam
1120 895 1165 929 ad
1192 894 1375 929 Canisium
1402 894 1642 939 pertinebant.

193 955 258 989 His
283 955 427 997 litteris,
455 958 496 989 ut
522 967 567 989 ex
593 955 682 1000 ipsis
709 957 820 1000 patet,
847 955 938 988 duae
965 954 1057 989 aliae
1085 954 1263 999 epistulae
1290 953 1435 987 additae
1461 955 1564 987 sunt:

194 1015 223 1049 1.
260 1015 341 1059 Ipse
367 1016 405 1050 S.
431 1016 651 1049 Franciscus
676 1016 832 1057 Borffl'as
866 1014 980 1048 Roma
1014 1014 1070 1048 22.
1099 1013 1255 1047 Ianuarii
1284 1013 1374 1047 1569
1409 1011 1585 1056 Fuggeris
1620 1012 1664 1046 ad
1700 1011 1844 1046 litteras

76 1067 128 1102 18.
148 1067 357 1103 Decembris
378 1069 468 1103 1568
493 1069 598 1102 datas
622 1067 855 1112 *respondit;
882 1067 1054 1101 certiores
1081 1078 1142 1101 eos
1166 1066 1323 1100 faciebat
1348 1077 1398 1108 se,
1425 1068 1466 1100 ut
1492 1066 1649 1110 ipsorum
1669 1065 1845 1099 desiderio

72 1121 311 1161 satisfaceret,
346 1121 385 1155 Ρ.
414 1121 561 1155 Hoffaeo
598 1121 800 1160 mandasse,
837 1123 876 1154 ut
911 1120 1075 1165 proxima
1102 1119 1388 1163 Quadragesima
1414 1120 1604 1162 Augustae
1639 1119 1675 1152 in
1710 1118 1845 1163 templo

74 1173 107 1208 S.
135 1174 295 1208 Mauritii
331 1175 615 1209 contionatorem
651 1177 795 1218 ageret;
832 1174 939 1208 simul
978 1185 1039 1207 eos
1077 1173 1264 1214 laudabat,
1301 1173 1394 1216 quod
1429 1172 1618 1216 Augustae
1652 1172 1844 1215 collegium

73 1227 265 1261 Societatis
292 1228 441 1262 condere
477 1229 513 1261 in
540 1228 698 1261 animum
727 1227 973 1267 induxissent;
1015 1226 1092 1269 „del
1129 1228 1233 1260 canto
1260 1226 1341 1259 dela
1369 1225 1590 1270 Compagnia
1621 1227 1756 1267 nostra,
1792 1237 1844 1259 se-

73 1280 184 1314 condo
210 1282 333 1315 nostre
360 1280 476 1315 deboli
504 1281 600 1314 forze
635 1293 706 1315 non
732 1281 984 1315 mancharemo
1012 1279 1175 1314 d'aiutar
1202 1280 1302 1313 detta
1329 1280 1456 1323 opera“
1490 1279 1550 1322 (ex
1583 1290 1703 1323 apogr.
1732 1278 1844 1312 eiusd.

72 1335 202 1378 temp.;
229 1334 349 1368 Germ.
377 1334 419 1368 67
448 1335 471 1368 f.
499 1333 752 1377 alab—2132).

193 1393 224 1427 2.
252 1393 384 1427 Eodem
412 1393 468 1427 die
494 1394 549 1428 22.
579 1393 737 1427 Ianuarii
759 1393 848 1427 1569
874 1393 1031 1436 Borgiae
1058 1392 1201 1426 nomine
1229 1392 1407 1425 Pozancus
1424 1391 1538 1425 Roma
1563 1390 1776 1436 *respondit
1801 1390 1845 1424 ad

75 1446 246 1480 *litteras
274 1447 305 1481 7.
333 1447 542 1481 Decembris
570 1447 661 1481 1568
689 1447 793 1480 datas
819 1458 839 1480 a
866 1446 904 1480 P.
937 1448 1089 1490 Georyio
1117 1446 1340 1489 Sakorsa-hio,
1368 1445 1429 1489 qui
1456 1457 1520 1489 per
1546 1456 1689 1479 sacrum
1714 1444 1846 1478 adven-

73 1501 150 1533 tum
174 1499 365 1534 Guilielmo
389 1500 530 1534 Alberti
555 1500 598 1534 V.
627 1501 729 1534 ducis
754 1500 828 1533 filio
855 1504 942 1534 natu
968 1500 1126 1533 maximo
1154 1499 1428 1533 contionabatur
1456 1498 1680 1539 Landishuti,
1716 1498 1845 1532 deinde

73 1556 192 1587 autem
229 1553 459 1588 Monachium
497 1565 710 1588 reversurus
746 1555 841 1587 erat:
886 1552 983 1595 „Non
1010 1553 1058 1586 mi
1084 1552 1334 1596 marauiglio“‚
1374 1552 1492 1596 inquit
1526 1553 1715 1594 Polcmczcs,
1759 1550 1845 1593 „che

77 1607 216 1651 [queste
243 1607 508 1641 conuersationi
534 1609 570 1641 et
596 1607 712 1640 fauori
739 1605 860 1650 aulici]
893 1607 918 1640 li
945 1607 1046 1640 siano
1073 1607 1176 1650 graui
1289 1605 1342 1640 .V.
1371 1605 1411 1639 R.
1523 1605 1602 1639 fara
1628 1605 1697 1639 ben
1723 1604 1766 1638 de
1792 1616 1844 1638 re-

72 1660 195 1695 tirarsi
230 1661 345 1704 (come
380 1663 517 1694 mostra
552 1660 786 1703 desiderarlo)
826 1662 960 1704 quanto
996 1660 1211 1694 bonamente
1249 1659 1280 1693 si
1316 1661 1420 1704 potra
1456 1659 1536 1693 dela
1571 1657 1845 1693 conuersatione

74 1714 155 1748 dell’
168 1714 271 1755 Aula,
299 1714 429 1759 perche
456 1715 529 1748 cosi
556 1714 692 1748 hauera
718 1713 830 1747 anche
857 1713 1021 1757 maggior
1048 1714 1207 1748 autorita
1233 1725 1295 1758 per
1322 1712 1346 1746 il
1373 1712 1525 1747 seruicio
1544 1712 1676 1753 diuino,
1703 1712 1843 1756 quando

73 1768 206 1802 andara
232 1768 293 1812 piu
329 1779 408 1801 rare
434 1767 532 1801 nolte
565 1768 610 1801 da
636 1767 748 1811 quelli
775 1767 928 1810 Signori.
1065 1766 1206 1808 Quanto
1243 1766 1275 1800 al
1314 1766 1535 1811 promouersi
1570 1766 1604 1799 al
1640 1767 1752 1808 grado
1787 1765 1844 1799 del

73 1821 263 1863 dottorato,
291 1823 361 1866 qua
387 1824 406 1856 e
432 1833 549 1866 parso,
576 1833 646 1855 non
674 1821 770 1855 saria
797 1832 836 1854 se
862 1832 930 1854 non
957 1820 1058 1861 bene.
1085 1820 1272 1854 facendosi
1298 1822 1383 1865 pero
1410 1820 1469 1854 nel
1488 1820 1590 1854 modo
1609 1820 1844 1854 conueniente

72 1874 126 1909 cio
153 1878 171 1909 e
197 1875 420 1920 precedendo
455 1875 480 1909 li
516 1875 583 1908 atti
620 1874 755 1919 publici
793 1874 854 1908 alli
890 1874 967 1908 suoi
994 1874 1128 1918 tempia
1164 1874 1197 1908 in
1227 1873 1466 1917 Jngolstadio,
1503 1873 1635 1918 perche
1670 1873 1743 1906 cosi
1779 1884 1844 1906 con

72 1929 237 1973 maggior
262 1929 418 1963 1111101110υ
452 1940 515 1973 1101·
549 1929 585 1962 la
621 1928 866 1973 predicatione
893 1927 950 1961 del
976 1928 1085 1962 uerbo
1114 1928 1234 1961 diuino
1270 1928 1301 1961 si
1337 1927 1560 1972 pigliarebbe
1595 1927 1620 1960 il
1655 1926 1767 1970 grado
1800 1926 1844 1959 ri-

71 1983 277 2028 spondendo
303 1983 393 2017 bene
419 1982 504 2016 nelli
531 1982 662 2016 essami
698 1981 764 2016 che
790 1981 821 2015 si
846 1982 1008 2022 faranno,
1045 1994 1063 2015 o
1091 1980 1268 2026 disputeb,
1305 1984 1341 2015 et
1371 1981 1469 2015 accio
1495 1981 1627 2015 habbia
1652 1992 1686 2015 v.
1714 1980 1756 2014 R.
1784 1981 1844 2025 piu

72 2038 192 2081 1001110
231 2037 273 2070 (10
308 2036 469 2070 studiare
505 2038 540 2069 et
575 2035 781 2080 prepararsi
816 2047 899 2069 sara
934 2034 1024 2069 bene
1061 2035 1216 2068 differire
1252 2037 1381 2078 questa
1419 2035 1652 2080 promotione,
1691 2033 1843 2078 qualche

72 2092 202 2135 tempo,
230 2090 328 2124 accio
355 2089 423 2123 nel’
440 2100 579 2123 essame
606 2089 636 2123 si
663 2089 783 2123 truoui
810 2091 909 2122 tanto
936 2089 996 2133 piu
1022 2089 1210 2129 instructo,
1239 2091 1274 2122 et
1301 2088 1335 2122 di
1363 2091 1491 2132 questa
1518 2099 1600 2122 cosa
1627 2088 1658 2122 si
1684 2088 1844 2121 scrinei-a

72 2143 133 2178 alli
160 2144 262 2188 padri
289 2143 515 2177 Prouinciale
552 2147 587 2176 et
613 2142 927 2187 Viceprouinciale
963 2154 1006 2176 ne
1040 2153 1213 2176 conuerra
1248 2153 1311 2187 per
1337 2144 1465 2186 questo
1500 2141 1640 2176 saccino
1666 2153 1773 2186 spesa
1810 2142 1843 2175 di

73 2197 154 2232 300.
182 2197 302 2231 ducati
329 2196 410 2241 quei
430 2196 599 2241 Principi,
627 2195 757 2241 perche
783 2195 815 2230 le
835 2207 963 2241 pompe
988 2208 1058 2229 non
1085 2196 1194 2229 fanno
1219 2207 1282 2240 per
1299 2196 1368 2236 noi,
1396 2207 1453 2229 ma
1479 2196 1510 2229 si
1529 2195 1596 2229 ben
1623 2195 1657 2228 la
1676 2195 1843 2236 dottrina,

72 2253 108 2285 et
135 2250 370 2285 conueniente
396 2250 667 2284 dimostratione
695 2250 728 2283 di
757 2249 896 2294 quella“
932 2250 992 2292 (ex
1019 2261 1143 2294 apogr.
1171 2249 1284 2283 eiusd.
1311 2252 1439 2294 temp.;
1478 2248 1597 2283 Germ.
1625 2250 1668 2282 67
1697 2249 1720 2283 f.
1748 2249 1842 2283 213³.

73 2303 126 2338 Cf.
145 2305 264 2349 Dalm-7
291 2304 365 2338 Jes.
392 2315 438 2337 an
456 2303 645 2337 Fiirstenh.
667 2303 883 2347 106—107).
924 2303 1066 2347 Reapse
1085 2302 1192 2336 valde
1219 2303 1414 2347 optandum
1441 2305 1528 2342 erat,
1557 2305 1594 2336 ut
1613 2301 1843 2336 Schorichius

71 2357 275 2400 theologiae
302 2357 425 2391 doctor
452 2359 654 2398 crearetur;
694 2357 746 2390 sic
772 2357 866 2390 enim
892 2356 970 2401 ipse
997 2357 1230 2390 Schorichius
1256 2355 1457 2401 Oeniponte
1483 2355 1539 2390 22.
1568 2356 1723 2389 Ianuarii
1753 2357 1842 2391 1569

73 2411 228 2446 Polanco
254 2411 429 2456 *scripsit
455 2411 498 2444 de
524 2411 672 2445 Alberto
692 2410 734 2444 V.
763 2410 852 2444 duce
879 2412 915 2444 et
941 2410 1134 2445 Guilielmo
1161 2410 1322 2455 principe
1350 2412 1437 2444 etc.:
1479 2409 1530 2452 „ll
1556 2408 1657 2443 Duca
1691 2410 1716 2443 il
1742 2410 1843 2444 Prin·

72 2465 150 2510 cipe
176 2465 200 2499 li
221 2465 362 2509 Signori
381 2464 467 2499 tutti
493 2467 530 2498 et
556 2464 793 2498 communiter
820 2475 943 2498 omnes
969 2475 1026 2498 me
1052 2467 1185 2498 uocant
1203 2464 1393 2497 Doctorem
1421 2465 1456 2496 et
1481 2463 1644 2497 scribunt
1669 2466 1843 2508 tanquam

72 2519 117 2553 ad
143 2518 353 2553 Doctorem:
390 2530 456 2562 ego
491 2517 628 2552 centies
654 2517 785 2551 millies
811 2517 885 2550 dixi
912 2517 1094 2551 declaraui
1131 2519 1168 2551 et
1200 2521 1324 2561 aperte
1351 2517 1549 2550 monstraui
1584 2528 1640 2550 me
1666 2529 1735 2551 1100
1763 2530 1842 2552 esse

72 2572 272 2607 doctorem:
299 2583 357 2606 ma
384 2583 449 2606 con
474 2573 570 2606 tutto
597 2574 726 2615 questo
752 2582 822 2604 non
848 2570 896 2604 mi
923 2582 1029 2615 posso
1055 2570 1209 2604 liberare
1229 2570 1281 2604 ,11
1308 2569 1408 2604 Duca
1435 2571 1471 2603 et
1495 2569 1521 2603 li
1547 2569 1690 2613 Signori
1716 2571 1842 2606 dicano

72 2626 138 2660 che
163 2638 182 2660 e
208 2625 413 2660 necessario
440 2625 506 2659 che
532 2625 565 2658 io
590 2624 722 2659 habbia
749 2627 877 2668 questo
903 2635 1026 2658 nome:
1066 2636 1131 2669 per
1157 2635 1257 2658 esser
1283 2623 1488 2668 predicator
1513 2626 1549 2657 et
1575 2625 1760 2659 confessor
1786 2626 1841 2660 del

73 2680 239 2724 Principe
266 2707 274 2714 .
300 2691 359 2713 ma
393 2679 419 2713 li
455 2679 538 2713 altri
565 2678 706 2712 Dottori
741 2678 874 2712 nostri:
912 2678 994 2712 Jmo
1020 2678 1130 2711 Padri
1167 2680 1203 2711 et
1238 2677 1372 2722 fratellj
1408 2689 1446 2711 se
1481 2678 1589 2711 fanno
1623 2690 1694 2712 non
1728 2679 1843 2724 pocha

72 2733 175 2768 burla
202 2734 236 2767 di
262 2745 337 2767 me:
373 2745 443 2767 non
470 2731 613 2767 credino
641 2732 706 2766 che
733 2732 766 2766 io
792 2731 843 2765 tal
869 2742 973 2765 nome
1000 2743 1070 2765 non
1101 2731 1263 2765 desidero
1291 2758 1297 2765 .
1325 2731 1417 2764 altro
1452 2731 1600 2768 rimedio
1635 2744 1706 2766 non
1740 2735 1842 2768 trouo

73 2799 111 2822 se
143 2799 212 2821 non
248 2786 313 2822 che
349 2787 404 2821 .V.
432 2786 472 2820 R.
510 2786 652 2831 procuri
691 2797 711 2819 a
750 2796 875 2830 presso
912 2784 937 2818 il
972 2783 1089 2818 Padre
1117 2784 1273 2818 General
1308 2783 1373 2818 che
1407 2785 1456 2818 mi
1491 2785 1599 2819 mutti
1635 2786 1679 2820 da
1714 2790 1843 2831 questa

72 2841 265 2886 prouinza:
306 2840 330 2874 il
368 2840 433 2874 che
472 2841 519 2874 mi
558 2840 662 2874 basto
701 2839 862 2873 obtinere
900 2850 1008 2872 senza
1046 2838 1222 2883 dispiezer
1260 2837 1320 2871 All
1355 2838 1541 2883 Principe“
1584 2839 1644 2882 (ex
1683 2843 1842 2885 autogr.;

74 2894 116 2930 G.
144 2894 208 2940 Ep.
236 2894 268 2928 X
306 2894 331 2929 f.
361 2893 475 2938 10612).

193 2971 359 3007 Canisius
385 2972 539 3015 Borgiae
565 2970 750 3015 respondit
778 2970 831 3004 19.
859 2968 1044 3003 Februarii
1073 2969 1175 3003 1569.

193 3066 221 3098 a)
243 3067 289 3091 Ita
309 3065 455 3090 librarius
473 3065 612 3096 correxit,
632 3072 705 3096 quae
724 3065 815 3096 prius
830 3066 989 3095 posuerat.-
1010 3061 1119 3095 publici
1142 3061 1172 3088 di
1193 3061 1304 3096 tempo.
1409 3062 1439 3095 b)
1463 3064 1541 3094 Quae
1560 3067 1733 3096 sequuntur,
1754 3074 1841 3096 usque

31 3123 36 3128 -
74 3110 113 3134 (td
133 3107 285 3134 instructo
307 3108 385 3138 incl..
406 3107 500 3138 ipsius
520 3107 639 3132 Polcmci
660 3114 749 3131 manu
768 3106 800 3130 in
821 3105 953 3136 maryine
973 3105 1076 3130 addita
1096 3108 1172 3130 sunt.

1484 3154 1556 3188 16·ys
