2044 3335
140 70 224 112 666
609 66 704 100 Mon.
733 65 822 100 1015
849 65 928 98 sive
954 64 1024 99 litt.
1047 64 1139 107 (10).
1185 63 1430 99 1565-1575.

140 183 364 219 Catechismo
391 182 446 217 del
475 182 591 216 Padre
618 180 770 220 canisio,
803 191 821 213 e
848 179 920 223 glie
946 178 979 213 lo
1005 179 1168 214 facciano
1204 179 1317 213 anche
1353 179 1530 224 imparare
1556 190 1577 213 a
1602 179 1783 220 memoria,
1810 191 1829 214 e
1855 191 1909 214 re-

139 238 249 273 citare
276 237 331 270 fra
357 236 431 270 loro
457 246 581 279 spesse
601 233 707 273 volte,
734 232 904 267 massime
930 232 964 266 le
989 232 1115 267 feste.“
1153 231 1266 274 Quem
1295 232 1554 267 catechismum
1574 243 1655 266 cum
1680 232 1781 277 pueri
1799 233 1908 277 probe

139 289 394 329 intellexerint,
422 288 465 321 ad
494 286 760 321 Catechismum
787 284 987 320 Romanum
1023 285 1333 330 interpretandum
1359 285 1538 328 magistri,
1574 286 1635 329 qui
1661 285 1704 319 ad
1731 285 1766 319 id
1792 285 1907 320 idonei

139 344 208 378 visi
235 344 348 381 erunt,
374 340 649 385 progrediantur
674 338 807 373 licebit.

259 394 489 438 Significatur
528 404 548 426 a
587 391 620 427 S.
650 391 776 426 Carolo
812 391 947 426 Canisii
981 392 1144 434 „Parvus
1180 391 1431 426 Catechismus
1466 391 1750 426 Catholicorum‘
1789 391 1909 427 italice

139 450 210 484 iam
237 447 477 492 compluriens
504 446 621 480 editus
650 445 714 488 (v.
744 446 831 480 Gan.
859 445 910 479 III
947 445 1032 485 788;
1073 445 1123 479 IV
1151 445 1242 480 1009
1280 445 1390 485 1025;
1429 444 1462 479 V
1489 445 1587 488 802).
1638 444 1690 479 De
1728 445 1910 479 doctrinae

140 502 357 537 christianae
393 499 515 534 libello
541 498 734 532 Mediolani
771 500 857 533 tunc
893 498 1045 532 multum
1081 498 1226 539 usitato,
1263 498 1323 543 qui
1354 498 1674 542 „Iuterrogatorio“
1704 498 1911 538 vocabatur,

139 557 184 591 cf.
209 554 408 598 ,Biografia
435 553 469 587 di
497 552 567 587 San
593 551 697 586 Carlo
719 552 912 586 Borromeo
940 551 996 586 del
1014 552 1224 586 Professore
1242 555 1401 586 Antonio
1430 553 1532 596 Sala,
1557 551 1744 586 corredata
1770 551 1805 586 di
1830 554 1912 586 note

140 622 159 644 e
186 607 434 643 dissertazioni
460 605 684 640 illustrative
708 605 752 639 da
779 607 940 639 Aristide
958 605 1065 639 Saler‘
1091 605 1235 649 (Diss.)‚
1262 604 1396 639 Milano
1416 605 1518 647 1858,
1546 604 1696 646 62-90,
1724 607 1760 639 et
1784 605 1914 639 Tacehi

142 664 293 696 Venturi
318 660 340 695 l.
369 672 397 695 c.
425 660 441 694 I
468 659 668 694 295—296.

257 715 413 759 Tempus
432 713 575 757 quidem
598 712 871 755 „Instructioni“
892 724 961 746 non
989 713 1045 746 est
1062 711 1279 756 ascriptum;
1307 723 1352 745 ex
1378 710 1423 745 iis
1441 713 1572 753 tamen,
1599 722 1691 755 quae
1710 710 1743 746 S.
1764 710 1913 745 Carolus

140 770 183 804 de
210 767 437 803 Catechismo
456 767 615 800 Romano
643 767 679 799 et
705 765 747 799 de
775 764 924 799 concilio
951 776 1016 799 suo
1042 764 1254 810 provinciali
1283 764 1427 809 (primo)
1457 764 1554 806 dicit,
1582 764 1810 808 cognoscitur
1836 775 1913 798 eam

140 835 172 858 a.
201 821 434 857 1566—1569
469 820 590 854 datam
626 830 716 853 esse.
769 818 822 853 Cf.
850 818 958 852 etiam
989 819 1086 860 „San
1117 819 1224 852 carlo
1250 819 1444 852 Borromeo
1477 817 1534 852 nel
1572 820 1667 852 terzo
1703 817 1915 852 Centenario

141 875 237 910 della
264 873 585 909 Canonizzazione“
616 873 720 906 Anno
746 872 772 913 I,
798 883 832 905 n.
860 872 881 906 9
910 871 1061 913 (Milano
1089 871 1211 913 1909),
1240 871 1436 906 142—146.

259 928 291 963 2.
319 927 359 962 Ρ.
387 927 535 960 Iacobus
560 927 601 959 de
626 927 799 959 Ledesma
825 924 859 959 S.
880 925 912 960 J.
943 925 992 968 (V.
1023 925 1111 959 Can.
1137 924 1170 958 V
1199 924 1310 968 183⁶),
1347 924 1408 969 qui
1443 924 1518 958 fere
1554 924 1598 958 ab
1625 935 1655 958 a.
1685 924 1776 959 1558
1802 935 1915 968 usque

141 983 185 1018 ad
212 983 361 1016 mortem
391 980 426 1024 (†
447 979 552 1023 1575)
574 979 709 1013 Romae
734 979 771 1013 in
798 978 949 1022 collegio
976 977 1168 1013 Societatis
1193 978 1368 1020 magister
1394 979 1430 1011 et
1455 978 1515 1011 diu
1542 978 1748 1023 praefectus
1775 989 1916 1021 quoque

140 1035 339 1071 studiorum
366 1036 454 1074 erat,
481 1032 528 1066 ibi
555 1032 757 1077 complures
783 1031 998 1077 conscripsit
1027 1031 1208 1074 „ordines“
1231 1032 1309 1065 sive
1337 1031 1514 1074 „rationes
1532 1031 1768 1072 studiorum“,
1795 1042 1916 1075 quam-

142 1101 249 1134 quam
276 1087 522 1122 institutiones
546 1086 667 1127 hasce,
693 1085 806 1120 variis
836 1085 1030 1130 impeditus
1055 1084 1257 1126 laboribus,
1293 1084 1398 1130 plene
1433 1084 1620 1118 absolvere
1647 1084 1706 1118 vel
1741 1084 1918 1129 perpolire

141 1155 211 1177 non
246 1143 397 1186 poterat.
449 1139 586 1181 Quibus
623 1141 659 1173 et
693 1139 881 1184 praeclara
917 1138 978 1173 illa
1017 1137 1142 1181 „Ratio
1178 1137 1419 1179 Studioru1n“,
1456 1149 1548 1181 quae
1583 1149 1613 1171 a.
1643 1138 1733 1172 1586
1761 1137 1856 1171 edita
1883 1140 1917 1171 et

143 1195 269 1231 deinde
295 1194 331 1228 in
357 1195 471 1228 totam
490 1192 707 1227 Societatem
734 1192 881 1226 inducta
900 1194 965 1233 est,
993 1191 1289 1236 praeparabatur,
1316 1194 1362 1232 et,
1389 1191 1564 1235 quomodo
1583 1190 1709 1236 primis
1728 1191 1918 1225 Societatis

143 1247 364 1294 temporibus
403 1246 607 1280 litterarum
642 1245 762 1280 studia
798 1245 967 1279 instituta
1001 1245 1090 1286 sint,
1127 1244 1347 1284 ostenditur;
1383 1256 1465 1278 nam
1504 1244 1695 1287 collegium
1733 1255 1917 1278 romanum

142 1302 336 1336 multorum
355 1300 506 1334 aliorum
525 1298 770 1342 collegiorum,
797 1310 889 1343 quae
915 1310 978 1343 per
996 1300 1109 1332 totum
1137 1299 1315 1332 terrarum
1334 1298 1455 1332 orbem
1475 1297 1677 1339 exstabant,
1704 1297 1915 1342 principium

144 1355 323 1400 quoddam
350 1355 429 1388 erat
456 1355 491 1386 et
517 1351 714 1397 exemplar.

262 1408 438 1442 Ledesma
464 1406 575 1450 igitur
600 1406 635 1439 in
659 1405 813 1449 „Ordine
840 1407 876 1439 et
893 1404 1045 1439 Ratione
1072 1404 1278 1439 Studiorum
1304 1406 1443 1449 septem
1471 1403 1642 1438 classium
1669 1402 1916 1437 humaniorum

144 1462 367 1496 litterarum“
407 1460 450 1494 de
476 1459 602 1504 quinta
637 1459 754 1493 classe
788 1460 909 1493 notat:
949 1457 1068 1501 „Libri
1102 1460 1188 1492 sunt
1211 1470 1218 1492 :
1245 1457 1482 1501 grammatica
1518 1456 1661 1500 collegii
1688 1455 1848 1497 Romani,
1885 1457 1920 1489 et

146 1515 327 1551 Ciceronis
353 1513 527 1559 epistolae
562 1512 771 1554 familiares,
809 1514 845 1546 et·
880 1512 1042 1546 doctrina
1077 1511 1274 1546 christiana
1309 1510 1480 1555 paruula;
1518 1513 1626 1554 atque
1659 1521 1740 1544 cum
1766 1521 1844 1543 eam
1872 1509 1920 1543 di-

146 1569 307 1610 dicerint,
336 1567 577 1601 catechismus
597 1566 750 1608 Canisii;
778 1565 907 1609 quibus
933 1577 1027 1599 nunc
1045 1565 1206 1599 utimur.
1228 1592 1234 1598 .
1255 1592 1262 1599 .
1310 1564 1372 1598 Bis
1397 1565 1433 1597 in
1459 1563 1692 1605 hebdomada,
1719 1563 1776 1597 die
1793 1563 1921 1596 martis

146 1625 182 1657 et
207 1621 385 1662 sabbathi,
413 1620 568 1663 recitant
594 1619 794 1654 doctrinam
820 1619 1086 1653 ch1·istianam.“
1132 1618 1172 1652 In
1198 1619 1232 1652 4.
1251 1617 1366 1652 classe
1397 1617 1497 1660 „libri
1516 1618 1602 1651 sunt
1629 1643 1636 1650 .
1657 1643 1665 1650 .
1686 1644 1692 1650 .
1721 1615 1920 1650 cathechis-

145 1688 226 1710 mus
246 1674 381 1710 Canisii
407 1685 541 1719 paruus
562 1701 567 1706 .
590 1701 595 1707 .
618 1701 624 1707 .
673 1672 791 1707 Semel
817 1673 852 1706 in
879 1672 1114 1713 hebdomada,
1141 1671 1281 1705 scilicet
1307 1670 1363 1704 die
1381 1670 1558 1711 sabbathi,
1586 1669 1739 1714 vesperi,
1766 1669 1919 1703 recitant

147 1729 406 1764 catechismum
426 1727 559 1761 Canisii
586 1728 681 1761 inter
698 1726 801 1760 alia.“
840 1726 886 1760 Et
904 1725 939 1759 in
959 1725 1092 1759 Ordine
1111 1726 1268 1769 quinque
1283 1724 1464 1765 classium,
1496 1723 1624 1766 „trium
1643 1722 1919 1763 Grammaticae,

147 1786 183 1817 et
200 1781 457 1823 Humanitatis,
485 1783 521 1814 et
538 1779 786 1822 Rhetoricae“,
814 1781 964 1824 quartae
991 1779 1098 1813 classi
1125 1779 1333 1821 assignatur
1362 1778 1554 1820 „Doctrina
1580 1776 1778 1811 christiana
1803 1775 1858 1810 bis
1885 1776 1919 1810 in

147 1835 380 1876 hebdomada,
409 1836 444 1868 et
471 1845 552 1868 cum
579 1845 657 1867 eam
685 1833 815 1875 sciunt,
849 1844 985 1878 paruus
1011 1832 1144 1867 Canisii
1181 1831 1457 1872 catechismus“,
1492 1830 1621 1864 tertiae
1652 1829 1921 1872 „Catechismus

150 1888 284 1923 Canisii
309 1888 364 1922 bis
390 1888 425 1921 in
452 1887 709 1928 hebdomada“,
736 1887 926 1927 secundae,
953 1898 1044 1930 quae
1081 1887 1136 1919 est
1161 1884 1407 1925 humanitatis,
1443 1884 1535 1917 idem
1566 1883 1697 1926 „semel
1731 1883 1765 1916 in
1792 1882 1920 1916 hebdo—

149 1942 286 1976 mada“.
338 1940 474 1975 Deinde
500 1940 536 1974 in
563 1940 817 1974 commentario
847 1940 910 1982 „de
936 1940 1074 1974 ratione
1110 1941 1144 1972 et
1180 1937 1302 1972 ordine
1337 1937 1536 1972 studiorum
1573 1936 1715 1979 collegii
1740 1935 1920 1970 romani“:

148 1996 187 2029 In
215 1996 246 2029 6.
266 1995 383 2029 classe
411 1994 520 2038 (quae
547 1995 602 2027 est
627 1993 744 2038 prima
769 1996 851 2038 post
877 1992 1052 2036 infimam)
1073 1992 1198 2026 diebus
1220 1990 1376 2034 „martis‚
1401 1991 1496 2035 jonis
1523 1992 1559 2024 et
1584 1989 1746 2024 sabbati“
1768 1989 1921 2023 recitant

150 2048 348 2083 doctrinam
384 2047 616 2081 christianam
652 2058 814 2091 parvam,
850 2047 910 2090 qui
947 2058 1024 2080 eam
1059 2046 1215 2080 nondum
1251 2045 1464 2086 didicerunt,
1500 2043 1629 2087 reliqui
1662 2042 1920 2077 catechismum

152 2102 286 2136 Canisii
313 2113 477 2146 parvum.
513 2101 551 2134 In
571 2101 603 2134 5.
623 2100 682 2134 vel
708 2100 907 2134 doctrinam
924 2099 985 2134 vel
1011 2099 1269 2134 catechismum
1289 2098 1423 2131 Canisii
1449 2097 1604 2131 recitant
1629 2096 1754 2130 diebus
1775 2095 1922 2139 „martis

150 2158 186 2189 et
219 2155 399 2189 veneris“.
450 2154 490 2187 In
527 2155 656 2197 quarta
692 2153 835 2187 discunt
869 2152 1128 2187 catechismum
1163 2163 1316 2197 parvum
1344 2150 1498 2191 Canisii;
1539 2150 1615 2192 „die
1650 2149 1793 2183 veneris
1818 2159 1922 2182 mane

150 2208 259 2242 tertia
285 2208 382 2248 hora,
409 2219 481 2241 una
507 2218 586 2240 cum
624 2205 704 2240 aliis
738 2205 968 2240 inferioribus
1003 2205 1191 2246 classibus,
1225 2205 1408 2238 intersunt
1442 2203 1587 2238 lectioni
1613 2203 1797 2237 doctrinae
1832 2201 1922 2236 chri-

152 2262 292 2296 stianae
312 2289 319 2296 .
339 2261 397 2294 uel
424 2261 459 2294 in
486 2260 612 2302 classe,
639 2259 698 2293 uel
724 2260 759 2293 in
787 2259 949 2294 ecclesia.
971 2287 978 2293 .
999 2287 1004 2293 .
1027 2287 1032 2292 .
1081 2259 1215 2293 Diebus
1242 2257 1429 2292 dominicis
1448 2268 1490 2291 ac
1508 2257 1648 2297 festis³,
1675 2256 1805 2290 saltem
1823 2266 1922 2299 prae-

151 2315 275 2360 cipuis,
303 2313 512 2354 aeceduntb‚
548 2313 672 2347 statim
709 2315 791 2358 post
825 2312 931 2346 finem
968 2312 1146 2346 secundae
1181 2310 1415 2345 recreationis
1450 2321 1471 2344 a
1496 2310 1655 2354 prandio,
1692 2309 1735 2343 ad
1762 2308 1922 2342 literaria

150 2368 334 2409 exercitia,
362 2370 398 2401 et
424 2367 550 2401 deinde
576 2366 809 2400 remittuntur
844 2366 888 2400 ad
916 2366 1115 2400 doctrinam
1143 2364 1376 2399 christianam
1404 2363 1615 2397 audiendam
1652 2374 1723 2396 una
1758 2373 1837 2395 cum
1872 2361 1923 2394 in-

151 2422 341 2455 ferioribus
368 2420 563 2459 classibus;
591 2419 650 2453 vel
677 2419 713 2453 in
738 2419 893 2464 ipsamet
919 2419 1037 2454 classe
1063 2420 1279 2453 exercentur
1304 2420 1340 2451 in
1377 2417 1538 2451 doctrina
1565 2416 1770 2453 christiana,
1803 2414 1861 2448 uel
1888 2414 1921 2447 in

152 2474 304 2508 ecclesia
331 2473 483 2517 collegii,
511 2473 555 2507 ad
583 2484 689 2517 quam
717 2484 839 2506 omnes
858 2472 1062 2506 accedent.“
1108 2470 1206 2512 Quae
1232 2471 1394 2505 doctrina
1424 2482 1507 2515 „per
1532 2469 1657 2503 horam
1683 2469 1764 2514 plus
1782 2467 1919 2501 minus‘

153 2527 363 2562 habebatur.
413 2527 454 2560 In
481 2526 512 2560 3.
541 2526 667 2566 classe,
700 2537 791 2570 quae
818 2529 873 2559 est
908 2537 1076 2570 suprema
1102 2525 1371 2568 grammaticae,
1408 2523 1557 2558 sabbato
1590 2533 1693 2555 mane
1733 2521 1924 2563 „recitatur

154 2580 261 2614 etiam
288 2580 449 2614 doctrina
476 2579 695 2613 christiana⁰
715 2606 720 2613 .
740 2590 852 2624 parua
883 2579 927 2612 ab
963 2579 1017 2619 iis,
1053 2579 1113 2622 qui
1150 2589 1229 2612 eam
1264 2577 1442 2617 nesciunt,
1477 2578 1539 2610 aut
1564 2587 1649 2609 uero
1684 2573 1924 2609 catechismus

155 2633 288 2667 Canisii
314 2633 358 2667 ab
386 2633 439 2674 iis,
466 2633 527 2676 qui
553 2633 673 2666 sciunt
707 2643 867 2677 paruam,
906 2632 999 2665 forte
1035 2631 1275 2665 catechismus
1302 2630 1436 2664 Canisii
1471 2629 1641 2663 latinus“.
1693 2628 1732 2661 In
1767 2626 1924 2661 secunda

154 2689 273 2719 autem
293 2686 421 2726 classe,
452 2697 564 2730 „quae
584 2688 640 2720 est
657 2685 902 2725 humanitatis,
930 2696 994 2719 seu
1020 2684 1223 2718 rhaetorica
1249 2683 1429 2724 inferior“,
1456 2682 1606 2716 sabbato
1624 2692 1728 2715 mane
1751 2679 1925 2722 „recitant

155 2750 275 2772 omnes
303 2740 498 2773 matutinas
525 2739 707 2780 lectiones,
733 2739 827 2772 forte
854 2738 960 2772 etiam
988 2737 1177 2771 lectionem
1205 2748 1314 2770 vnam
1341 2735 1551 2770 catechismi
1578 2734 1711 2769 Canisii
1737 2733 1922 2772 maioris“;

156 2791 284 2834 quibus
310 2791 432 2825 verbis
460 2792 592 2826 Canisii
624 2791 846 2834 „Summam“
877 2790 1075 2834 significari
1100 2790 1191 2824 satis
1217 2792 1354 2824 certum
1382 2791 1448 2822 est.

276 2844 368 2878 Socii
403 2845 539 2878 romani
566 2856 597 2879 a.
629 2845 717 2879 1565
754 2844 1053 2879 catechismorum
1080 2843 1215 2878 Canisii
1244 2843 1370 2887 (Parvi
1398 2840 1615 2876 Catechismi
1643 2839 1921 2880 Catholicorum)

157 2896 226 2930 tria
252 2896 360 2937 milia,
391 2897 662 2938 „Doctrinarum
682 2897 978 2931 christianarum“
1004 2897 1071 2930 duo
1098 2896 1195 2930 milia
1221 2895 1431 2930 excudenda
1458 2898 1630 2929 curarunt
1649 2893 1755 2936 (Can.
1774 2891 1807 2925 V
1825 2891 1922 2935 802),

158 2948 275 2989 Quare
301 2949 495 2983 verisimile
523 2951 587 2990 est,
616 2950 827 2984 Ledesmam
854 2951 949 2983 inter
975 2961 1006 2983 a.
1029 2950 1119 2984 1565
1147 2953 1182 2983 ct
1210 2950 1299 2983 1575
1325 2948 1414 2982 haec
1440 2947 1640 2992 scripsisse.

276 3018 304 3045 a)
326 3018 389 3042 Dur)
410 3026 451 3042 vv.
472 3026 531 3050 sqq.
551 3028 567 3043 (1
590 3020 729 3044 Ledesma
752 3023 855 3051 postea
877 3019 981 3044 addita
1001 3022 1077 3044 sunt.
1169 3017 1199 3045 b»
1223 3019 1352 3050 Quinque
1373 3026 1415 3043 vv.
1435 3026 1495 3049 sqq.
1515 3026 1531 3042 a
1553 3018 1585 3042 L.
1606 3019 1705 3049 postea
1725 3015 1827 3040 addita
1848 3017 1924 3039 sunt.

158 3060 183 3089 c)
207 3060 283 3089 Quae
303 3063 473 3090 sequnntur,
494 3068 580 3091 usque
600 3061 638 3085 ad
658 3060 771 3086 latinus
791 3062 867 3091 incl„
887 3069 904 3085 a
925 3062 957 3086 L.
973 3064 1074 3092 postea
1094 3061 1197 3085 addita
1218 3063 1293 3085 sunt.
