2044 3335
655 121 877 164 Ingolstadio
905 123 935 157 7.
956 121 1178 167 Septembris
1206 122 1307 157 1567.
1811 126 1865 166 37

94 240 226 274 Petrus
254 238 432 281 Canisius,
465 237 641 282 Freiburg
667 239 688 273 i.
708 239 767 273 ΒΓ.
798 239 898 280 1865,
927 240 1006 279 369,
1042 241 1078 273 et
1104 240 1208 273 Paul.
1236 240 1372 283 Dran-s,
1399 239 1531 273 Petrus
1559 238 1735 279 canisius.
1762 240 1868 274 Halle

96 292 199 333 1892,
228 291 426 326 123—124.
477 291 645 336 Epistula
680 303 769 326 usus
805 294 861 326 est
897 293 1006 326 etiam
1034 295 1078 326 A.
1105 293 1303 337 Etehhorn,
1330 292 1401 326 Der
1431 292 1696 327 ermlandische
1723 293 1873 328 Bischof

94 345 166 379 und
193 344 363 379 Cardinal
390 344 594 379 Stanislaus
621 344 756 379 Hosius
784 346 825 385 H,
853 346 974 379 Mainz
1003 346 1103 386 1855,
1132 346 1210 381 298.

213 410 308 443 Mali
344 411 384 443 in
417 411 517 452 peius
547 410 754 452 proficiunt.
806 411 945 444 Desunt
978 411 1184 444 sacerdotes.
1241 411 1375 443 Tirolis
1409 415 1439 443 et
1473 411 1655 444 Bavariae
1685 411 1869 454 principes

96 464 386 507 „Catholicorum
404 460 546 496 heroes“
565 468 659 496 seint.
690 464 926 497 Conte'onator
944 475 1141 497 caesareus.
1171 465 1311 507 Synodi
1327 464 1519 506 dilinyancc
1538 469 1568 497 et
1585 465 1866 498 constantiensis.

93 517 239 560 Reliqui
256 518 410 560 episcopi
426 516 520 549 nihil
537 521 659 559 afflant.
699 517 979 550 Protestanfinm
997 518 1147 559 theoloyi
1172 518 1266 551 inter
1282 529 1317 549 se.
1334 519 1521 550 rixantur.
1565 517 1870 550 Calvinianisnzus

94 571 346 613 amplificatur.
383 568 557 602 Catholici
581 581 699 613 seynes
723 574 828 610 sicne&
854 571 970 603 clerus
996 581 1064 603 non
1093 572 1329 611 reformatur.
1367 571 1481 604 Hosio
1506 571 1690 613 colleyium
1716 571 1869 604 brauns-

94 624 257 664 bei-,oense
282 624 500 656 commendat
510 635 524 665 ,·
558 633 636 655 eum
662 628 776 666 rocas,
812 628 852 656 ut
880 624 1049 656 Sooietati
1083 634 1186 657 secam
1221 624 1418 657 libertatem
1449 626 1636 667 peritziltat
1671 629 1700 657 et
1725 625 1869 668 scriptis

94 678 273 710 ecclesiam
300 678 402 709 iuvet.
442 677 639 709 Anatomi‘a
666 677 829 710 Lntlteri.

307 748 502 790 Jhesusa.
569 747 662 789 Pax
695 747 855 790 Christi
886 748 1152 802 sempiterna
1183 748 1421 790 nobiscum.

523 812 904 855 Reuerendissime
938 817 983 856 et
1014 813 1322 856 Jllustrissime
1355 813 1540 855 Domine
1572 815 1653 855 etc.

212 883 477 926 Valetudine
510 884 697 926 aduersa
728 884 1022 938 superioribus
1045 885 1265 927 mensibus
1288 885 1482 927 laboraui
1500 886 1527 927 1.
1576 884 1871 927 Accesserunt

95 952 249 1004 postea
292 949 669 1004 peregrinationes
703 964 827 991 meae
859 950 1132 1003 Moguntiam
1167 952 1212 992 et
1243 950 1532 1003 Argentinam
1565 963 1724 1002 usque:
1766 949 1871 991 hae-

93 1015 274 1057 rendum
316 1015 449 1056 etiam
482 1014 566 1056 fuit
598 1015 823 1069 Herbipoli
867 1017 911 1057 et
945 1015 1179 1069 Oeniponti
1211 1015 1569 1069 aliquantisper2.
1634 1015 1869 1056 Praetereo

91 1081 282 1134 reliquas
324 1079 646 1134 occupationes,
690 1094 802 1133 quae
842 1095 929 1122 non
971 1081 1118 1123 sinunt
1153 1095 1237 1122 uno
1271 1095 1339 1122 me
1370 1081 1414 1122 in
1445 1082 1540 1122 loco
1575 1081 1646 1122 diu
1679 1079 1868 1121 uersari:

93 1145 269 1199 eiusque
300 1145 363 1187 rei
396 1148 556 1187 testem
588 1145 673 1187 fide
704 1145 881 1198 dignum
906 1146 1043 1188 citare
1066 1160 1237 1200 possem
1261 1146 1616 1189 Jllustrissimum
1639 1144 1870 1186 Dominum

91 1211 364 1253 Cardinalem
386 1210 724 1264 Augustanum3
757 1213 802 1252 et
834 1211 942 1253 alios
976 1211 1093 1252 viros
1126 1212 1275 1262 bonos,
1310 1212 1347 1253 si
1378 1211 1574 1264 longiore
1601 1210 1773 1264 quidem
1796 1210 1870 1252 de-

91 1276 287 1318 fensione
329 1275 433 1317 mihi
476 1290 584 1330 opus
627 1279 745 1318 esset
777 1277 892 1330 apud
926 1276 1282 1318 humanissimum
1317 1276 1445 1319 simul
1479 1280 1524 1319 et
1556 1275 1870 1330 amplissimum

93 1341 197 1384 mihi
229 1344 461 1396 patronum
496 1341 727 1383 Dominum
761 1355 903 1384 meum
937 1342 1210 1384 Cardinalem
1235 1342 1569 1384 Warmiensem.
1614 1342 1724 1382 Eum
1758 1355 1871 1382 nunc

92 1407 136 1448 in
169 1407 321 1461 primis
354 1421 430 1449 oro
464 1409 508 1449 et
540 1407 733 1457 obsecro,
768 1409 817 1449 ut
849 1407 1069 1450 silentium
1103 1408 1183 1449 1100
1217 1421 1359 1449 111011111
1393 1410 1438 1450 et
1464 1407 1506 1448 in
1529 1406 1756 1448 scribendo
1777 1408 1871 1448 tar-

93 1473 278 1515 ditatem
318 1472 419 1514 boni
461 1472 672 1522 consulat,
720 1487 884 1525 suaque
926 1473 1066 1514 ueteri
1108 1476 1153 1515 et
1193 1487 1326 1527 saepe
1368 1473 1471 1514 1111111
1512 1473 1698 1527 probata
1738 1472 1870 1532 bene-

92 1537 285 1580 uolentia
304 1551 371 1579 me
395 1537 579 1591 quanuis
602 1538 827 1580 absentem
852 1540 896 1580 et
918 1541 1136 1581 tacentem
1161 1539 1362 1593 prosequi
1386 1541 1556 1593 pergat.
1591 1537 1701 1587 Quid
1723 1539 1870 1580 autem

93 1618 173 1657 ego
208 1604 260 1645 de
294 1602 528 1646 Germania
560 1605 713 1646 nostra
744 1603 931 1645 scribam
964 1603 1131 1657 ignoro,
1175 1604 1256 1645 nisi
1290 1605 1403 1657 quod
1436 1603 1538 1646 mali
1579 1602 1870 1657 proficiant

93 1670 145 1711 111
189 1669 398 1724 peius4,
446 1671 490 1710 et
531 1669 741 1710 bonorum
783 1669 1006 1711 Ecclesiae
1051 1669 1303 1712 Catholicae
1348 1669 1645 1711 Ministrorum
1690 1668 1871 1722 penuria

90 1735 135 1777 id
165 1735 315 1783 faciat,
349 1737 398 1776 ut
422 1733 666 1776 orthodoxi
689 1734 929 1787 Religionis
962 1749 1067 1776 suae
1098 1749 1273 1777 causam
1299 1749 1430 1789 aegre
1454 1737 1716 1776 conseruent
1738 1735 1871 1786 atque

92 1800 342 1843 defendant.
387 1800 611 1842 Habemus
642 1800 815 1842 interim
842 1800 921 1842 Dei
954 1800 1225 1854 benignitate
1259 1800 1379 1848 duos,
1415 1803 1459 1842 et
1481 1799 1737 1854 praecipuos
1759 1798 1869 1848 illos,

93 1866 415 1909 Catholicorum
459 1866 640 1916 Heroes,
684 1865 916 1907 Dominum
950 1866 1270 1907 Ferdinandum
1305 1865 1595 1907 Archiducem
1639 1863 1870 1918 Oeniponti

93 1946 205 1973 nunc
237 1931 539 1985 imperantem,
574 1935 619 1973 et
653 1931 882 1972 Dominum
917 1932 1148 1974 Albertum
1182 1931 1400 1973 Bauariae
1433 1932 1618 1972 Ducem:
1654 1932 1871 1982 utrunque

92 2011 198 2039 sane
232 1997 423 2050 dignum,
467 2011 594 2049 quem
633 1997 930 2050 amplitudinis
963 2000 1066 2039 tuae
1099 1997 1254 2038 literae
1288 1996 1521 2049 aliquando
1555 1995 1871 2045 commendent,

94 2066 138 2105 et
170 2062 213 2104 in
247 2063 327 2104 1100
361 2062 588 2115 praeclaro
621 2076 726 2104 suae
758 2062 940 2116 pietatis
971 2062 1174 2105 instituto
1209 2063 1477 2105 confirment.
1527 2062 1648 2103 Bono
1681 2060 1870 2108 Citardo,

93 2128 161 2171 cui
194 2128 246 2170 de
279 2128 421 2170 Calice
461 2129 590 2170 tanta
631 2142 737 2170 cura
778 2128 875 2178 fuit,
919 2128 1084 2170 nullum
1126 2128 1266 2169 adhuc
1305 2128 1349 2169 in
1381 2128 1599 2170 Cathedra
1631 2125 1872 2168 Caesareab

93 2193 355 2236 successisse
393 2193 603 2243 uidemus,
647 2193 730 2236 etsi
762 2193 975 2235 Catholici
1007 2193 1202 2235 nonnulli
1236 2193 1375 2235 adhuc
1408 2193 1716 2247 expetantur5.
1780 2192 1871 2233 Au-

93 2262 284 2313 gustana
329 2259 530 2312 Synodus
575 2274 600 2301 a
645 2273 722 2300 suo
769 2259 977 2301 Praesule
1021 2262 1112 2301 tam
1158 2258 1396 2308 laboriose,
1445 2272 1574 2311 quam
1619 2259 1872 2311 sumptuose

214 2341 242 2372 a)
264 2342 326 2366 Hoc
346 2349 370 2366 v.
391 2344 419 2366 et
439 2343 455 2365 9
474 2349 533 2372 sqq.
556 2349 612 2365 non
631 2344 699 2365 smel
720 2342 800 2372 apud
822 2340 910 2371 cypr.
985 2339 1015 2371 b)
1038 2339 1188 2366 Coesarea
1208 2341 1288 2365 arch.

217 2436 227 2456 ¹
253 2435 345 2470 Vide
375 2437 461 2470 Can.
490 2435 521 2469 V
547 2436 616 2470 437
644 2436 724 2471 635.
874 2436 887 2455 2
913 2435 1004 2469 Vide
1032 2436 1118 2470 Can.
1138 2436 1170 2469 V
1197 2435 1398 2477 504-508,
1426 2437 1462 2469 et
1487 2445 1598 2478 supra
1623 2445 1656 2478 p.
1678 2432 1806 2467 6-20.

215 2489 228 2509 ³
254 2488 425 2523 Ottonem
453 2489 666 2525 Truchsess.
814 2491 827 2510 ⁴
854 2489 874 2523 2
902 2490 982 2523 Tim
1009 2490 1041 2529 3,
1071 2490 1124 2524 13.

214 2544 228 2563 ⁵
253 2543 294 2578 P.
320 2543 496 2577 Matthias
524 2543 732 2588 Cythardus
760 2543 801 2577 O.
822 2543 881 2578 Pr.
911 2543 970 2585 (de
997 2544 1101 2577 cuius
1132 2543 1257 2585 „cura“
1289 2542 1352 2576 illa
1379 2542 1424 2577 cf.
1448 2542 1535 2576 Can.
1562 2540 1612 2574 IV
1632 2539 1716 2582 982)
1738 2539 1871 2573 Vindo-

94 2596 207 2631 bonae
233 2596 290 2631 30.
318 2596 487 2631 Octobris
514 2599 678 2631 mortuus
705 2599 772 2631 est.
824 2597 863 2630 In
891 2595 1072 2630 *Litteris
1109 2596 1238 2630 annuis
1270 2595 1415 2639 collegii
1441 2594 1721 2629 vindobonensis
1738 2593 1871 2627 Vindo-

95 2650 187 2685 bona
214 2651 244 2685 1.
273 2649 497 2695 Septembris
525 2651 614 2685 1567
644 2650 741 2684 datis
769 2651 1025 2695 „Wolfycznyus
1052 2648 1274 2694 Pyrrinyer“
1303 2649 1336 2683 S.
1358 2649 1392 2684 J.
1418 2650 1563 2682 narrat:
1592 2647 1712 2682 Nostri
1744 2647 1871 2689 „inter-

93 2704 195 2738 fuere
221 2716 302 2739 cum
330 2703 483 2738 aliorum
510 2704 632 2738 fructu
659 2706 695 2738 et
713 2704 964 2738 aedificatione
983 2714 1176 2748 supremae
1195 2703 1315 2737 luctae
1335 2702 1484 2743 Citardi,
1510 2701 1572 2746 qui
1591 2704 1627 2734 et
1646 2700 1871 2735 Ferdinando

94 2758 182 2799 seni,
218 2757 299 2803 piae
325 2758 531 2798 memoriae,
569 2760 605 2791 et
631 2757 714 2791 huic
741 2756 992 2791 Maximiliano
1020 2756 1312 2801 Jmperatoribus
1340 2767 1360 2790 a
1387 2756 1507 2790 Sacris
1534 2754 1766 2789 concionibus
1792 2755 1872 2796 fuit,

95 2822 208 2855 eoque
234 2812 270 2845 in
297 2811 427 2852 officio,
454 2814 529 2845 tam
556 2811 739 2845 excellens
766 2811 845 2850 fuit,
872 2812 912 2844 ut
938 2812 1016 2844 tota
1035 2809 1230 2844 Germania
1257 2821 1379 2854 parem
1405 2809 1564 2854 reperire
1590 2808 1654 2842 uix
1680 2809 1871 2852 quisquam

93 2865 229 2909 possit‘
262 2863 324 2908 (ex
342 2864 550 2910 archetypo,
577 2876 598 2899 a
616 2865 720 2909 Pyrr.
740 2864 964 2908 subscripto;
994 2863 1034 2898 G.
1055 2863 1120 2908 Ep.
1136 2863 1224 2898 VIlI
1243 2864 1268 2898 f.
1287 2864 1378 2906 40³).
1416 2862 1700 2897 Contionabatur
1727 2862 1872 2906 quidem

94 2918 130 2951 in
156 2918 240 2952 aula
265 2918 495 2963 imperatoris
521 2920 597 2952 tum
618 2921 702 2952 ante
722 2917 897 2963 Cythardi
924 2919 1075 2951 mortem
1104 2920 1181 2951 tum
1201 2919 1327 2962 postea
1345 2917 1455 2951 etiam
1470 2916 1638 2950 Urbanus
1656 2915 1872 2949 Austriacus

96 2971 351 3014 (Pfaffstetter,
378 2971 620 3015 Sagstette1·);
657 2974 694 3005 at
719 2971 778 3005 hic
804 2971 913 3005 simul
940 2970 1132 3015 episcopus
1159 2970 1349 3014 gurcensis
1376 2973 1413 3004 et
1437 2969 1710 3004 administrator
1737 2968 1872 3013 episco-

95 3026 202 3069 patus
227 3025 509 3060 vindobonensis
536 3028 635 3065 erat;
663 3036 774 3069 quare
800 3024 896 3058 haud
924 3025 976 3058 ita
1002 3035 1123 3068 saepe,
1150 3026 1248 3068 puto,
1277 3024 1396 3058 dicere
1422 3025 1584 3068 poterat;
1613 3022 1781 3056 dicebant
1807 3022 1873 3056 ali-

95 3078 237 3122 quando
264 3078 373 3112 etiam
401 3078 473 3118 alii,
500 3081 540 3112 ut
562 3079 599 3113 P.
619 3079 816 3123 Dionysius
843 3089 864 3112 a
891 3077 983 3111 Rain
1003 3077 1044 3112 0.
1064 3077 1121 3111 Fr.
1141 3077 1228 3111 Min.
1257 3080 1292 3111 et
1320 3078 1357 3111 P.
1378 3077 1595 3111 Laurentius
1614 3075 1758 3119 Magius
1782 3075 1816 3110 S.
1837 3075 1870 3109 J.

95 3132 366 3176 (Wolfsqrnber,
393 3131 707 3177 Hofburgkapelle
735 3132 780 3166 94
807 3131 906 3174 605).
