2044 3335
659 119 806 164 Dilinga
831 120 898 155 sub
924 121 980 155 25.
1001 120 1222 166 Septembris
1251 120 1353 155 1567.
1840 126 1890 166 61

121 236 175 271 sic
201 237 291 271 satis
318 237 472 281 quietus,
509 238 546 271 et
571 237 665 271 inter
691 238 888 281 Magistros
915 238 1147 283 praecipuum
1185 238 1261 272 fere
1288 238 1406 272 locum
1432 238 1486 272 illi
1513 239 1709 273 detulimus
1744 251 1895 285 semper.

123 291 164 324 vt
188 290 224 323 in
251 290 370 324 officio
397 290 541 324 facilius
567 290 796 325 retineretur.
848 292 930 325 Fuit
966 294 1087 325 autem
1124 291 1155 325 is
1181 291 1230 325 M.
1259 291 1405 331 Simoni,
1443 303 1524 325 cum
1560 291 1619 326 hic
1645 294 1751 333 esset,
1788 304 1896 336 quam

121 343 440 385 familiarissimus,
476 347 517 377 vt
543 344 705 387 grauiter
743 346 852 378 etiam
889 356 909 378 a
936 356 993 378 me
1019 345 1068 378 sit
1095 344 1338 389 reprehensus
1365 344 1559 388 aliquando
1586 347 1740 389 vterque
1776 346 1819 380 ob
1846 346 1896 379 in-

120 397 340 441 tempestiua
366 408 458 440 quae
484 397 579 430 inter
597 409 636 431 se
654 398 856 431 miscebant
875 398 1064 442 colloquia.
1100 397 1198 431 Nihil
1226 400 1348 432 tamen
1375 401 1499 442 aperte
1526 398 1622 432 circa
1648 398 1753 432 fidem
1780 400 1895 433 notari

121 449 158 483 in
184 449 234 484 M.
261 450 444 484 Anthonio
471 461 491 484 a
517 450 621 484 nobis
648 452 778 495 potuit,
814 451 982 495 quamuis
1008 463 1029 484 a
1056 451 1287 485 Lectionibus
1314 451 1543 494 Theologicis
1570 463 1713 496 semper
1738 452 1895 486 alienum

121 513 160 537 se
187 503 395 544 ostenderit,
424 503 684 538 Scholasticam
700 503 936 547 Theologiam
962 504 1066 549 parui
1092 504 1222 538 fecerit
1240 504 1299 538 vel
1318 504 1428 538 etiam
1447 516 1704 549 nonnunquam
1730 505 1897 546 irriserit,

122 555 319 591 Conciones
345 556 530 591 habendas
556 557 694 591 inuitus
721 557 827 602 plane
854 569 935 591 cum
955 558 1140 602 superiore
1159 558 1446 598 communicarit,
1473 558 1543 592 imo
1570 558 1696 592 maiori
1723 570 1768 592 ex
1794 561 1896 603 parte

120 609 385 658 communicare
411 609 625 653 neglexerit,
653 610 848 655 Opiniones
873 611 1049 654 quasdam
1067 611 1306 655 Theologicas
1332 612 1554 656 pertinacius
1579 616 1704 645 contra
1722 611 1896 646 Doctores

120 665 262 697 nostros
288 657 538 708 propugnarit,
574 663 627 697 De
654 664 824 708 pontifice
852 665 971 699 minus
997 664 1194 698 honorifice
1221 664 1364 698 locutus
1390 664 1541 698 subinde
1567 664 1615 699 sit
1641 668 1709 699 etc.
1760 665 1896 699 Verum

120 716 164 750 de
189 715 245 750 his
283 717 489 751 admonitus
527 717 765 761 pertinaciam
805 719 840 751 in
879 730 919 751 eo
955 729 1025 752 non
1060 718 1305 752 aduertimus*
1349 718 1411 761 (ex
1444 720 1606 761 autogr.;
1649 718 1690 752 G.
1718 718 1782 763 Ep.
1810 718 1896 752 VlII

119 769 144 803 f.
175 768 289 813 13612).
1468 808 1475 813 ,

238 823 291 857 De
317 823 445 865 Zugeri
474 826 594 857 autem
622 824 719 858 facto
752 825 992 859 Theodoricus
1012 825 1181 859 Canisius
1208 824 1346 869 aliquot
1372 825 1606 859 hebdomadis
1633 828 1715 870 post
1742 825 1895 868 Borgiae

118 875 266 919 Dilinga
294 876 472 922 (tempore
498 889 569 911 non
597 877 771 922 ascripto)
800 878 891 912 haec
917 877 1107 912 *rettulitz
1140 878 1307 920 „Vtinam
1326 878 1490 912 tristiora
1508 890 1602 912 nunc
1620 890 1690 912 non
1714 878 1893 913 adderem.

119 928 314 964 Balthasar
332 930 491 974 Zugerus
518 931 578 974 qui
606 942 750 964 cursum
778 931 1026 976 philosophiae
1053 931 1120 966 hoc
1147 943 1239 965 anno
1267 931 1498 966 absoluturus
1525 934 1612 973 erat,
1640 934 1722 976 post
1747 932 1893 966 nimiam

118 993 199 1016 cum
226 983 274 1018 M.
295 984 438 1018 Simone
457 983 634 1025 Demerio,
661 984 710 1019 M.
730 985 911 1018 Anthonio
931 985 1091 1018 Kleselio
1110 996 1294 1028 germano,
1321 985 1468 1019 Matheo
1489 984 1621 1019 Polono
1649 987 1685 1019 et
1703 985 1895 1019 Eduardo1

118 1037 237 1080 Anglo
263 1037 558 1079 familiaritatem,
586 1049 667 1071 cum
695 1050 716 1072 a
742 1042 845 1082 patre
872 1038 1094 1083 prouinciale
1122 1038 1352 1082 Jngolstadio
1378 1038 1607 1072 Monachium
1634 1050 1714 1072 cum
1743 1038 1894 1072 Domino

118 1089 275 1124 Martino
302 1091 552 1135 Eysengrenio
588 1103 695 1125 curru
731 1092 974 1133 mitteretur2,
1011 1092 1071 1126 ille
1107 1104 1153 1125 ex
1188 1104 1295 1126 curru
1332 1092 1504 1126 desiliens
1540 1094 1639 1126 recta
1673 1091 1893 1134 Lawingam,

118 1154 210 1187 quae
237 1144 343 1178 unius
369 1144 521 1178 horulae
548 1144 677 1178 itinere
704 1145 851 1189 Dilinga
879 1146 993 1187 abest,
1030 1146 1216 1190 profectus
1244 1148 1310 1186 est,
1347 1148 1382 1179 et
1410 1145 1578 1179 Eduardo
1606 1145 1724 1188 Anglo
1759 1157 1798 1179 se
1834 1145 1892 1178 ad-

117 1196 246 1239 iunxit,
283 1197 344 1232 vbi
379 1209 473 1232 nunc
509 1198 697 1232 duodecim
732 1198 808 1233 dies
845 1200 932 1242 agit,
968 1199 1106 1242 ingenti
1144 1210 1225 1233 cum
1260 1199 1367 1232 huius
1395 1198 1546 1244 Collegij
1580 1199 1695 1232 nostri
1730 1199 1890 1232 infamia.

118 1248 272 1295 Scripsit
305 1253 427 1285 autem
454 1253 608 1295 vterque
642 1251 769 1286 literas
804 1252 849 1286 ad
876 1252 923 1286 M.
952 1252 1175 1286 Anthonium
1205 1252 1402 1286 Kleselium
1430 1264 1653 1296 germanum,
1689 1252 1887 1286 studiorum

116 1304 263 1338 scholae
290 1307 436 1339 nostrae
463 1305 687 1350 praefectum
716 1314 752 1339 et
778 1306 996 1340 ordinarium
1018 1306 1320 1347 concionatorem,
1349 1317 1440 1350 quas
1466 1318 1532 1349 ego
1559 1305 1732 1349 Lawinga
1758 1305 1890 1339 allatas

117 1357 194 1391 heri
220 1358 396 1403 intercepi
409 1360 432 1393 ³.
484 1359 632 1392 Summa
658 1370 782 1393 earum
817 1359 907 1393 haec
934 1362 1000 1394 est.
1054 1359 1333 1403 Conqueruntur
1368 1359 1480 1400 initio,
1517 1359 1611 1403 quod
1638 1371 1740 1393 suam
1766 1359 1843 1404 ipse
1871 1370 1890 1392 a

117 1411 219 1445 nobis
246 1411 484 1446 defectionem
513 1413 769 1457 procrastinet,
806 1413 1020 1457 praesertim
1058 1425 1139 1447 cum
1174 1413 1252 1458 ipse
1287 1413 1418 1447 author
1453 1413 1504 1447 eis
1531 1412 1643 1446 fuerit
1668 1414 1709 1445 vt
1742 1424 1807 1446 nos
1833 1412 1890 1445 de-

116 1468 289 1500 sererent.
329 1466 546 1500 Praedicant
565 1466 692 1500 deinde
712 1466 863 1501 Comitis
884 1466 1040 1500 Palatini
1054 1469 1065 1487 ⁴
1092 1478 1179 1510 erga
1197 1478 1235 1501 se
1254 1466 1521 1508 liberalitatem,
1548 1469 1584 1500 et
1602 1465 1891 1500 Lutheranorum

114 1529 291 1553 summam
331 1519 605 1553 humanitatem.
659 1519 849 1554 Extollunt
887 1520 1189 1554 conscientiarum
1228 1531 1375 1554 suarum
1415 1520 1485 1553 iam
1522 1519 1666 1553 tandem
1706 1520 1889 1553 inuentam

116 1572 431 1616 tranquillitatem.
481 1573 706 1607 Promittunt
730 1573 783 1607 illi
811 1573 854 1607 ad
882 1575 1006 1617 fugam
1033 1573 1191 1607 humana
1218 1573 1407 1618 praesidia.
1451 1573 1611 1607 Suadent
1636 1576 1677 1606 vt
1704 1575 1895 1616 praetextu

115 1624 415 1660 hebdomadariae
450 1626 745 1661 inambulationis
781 1638 820 1661 se
856 1627 900 1661 ad
936 1627 1034 1672 ipsos
1061 1627 1223 1672 recipiat,
1261 1639 1343 1661 cum
1369 1627 1615 1661 vicinissimus
1642 1626 1808 1669 Dilingae
1844 1625 1892 1659 sit

115 1678 226 1714 locus.
277 1679 441 1724 Denique
469 1680 699 1722 concludunt,
732 1683 774 1714 vt
801 1692 921 1714 coram
948 1681 1096 1725 perfidis
1124 1681 1344 1720 JESVITIS,
1383 1681 1443 1724 qui
1470 1692 1536 1714 nec
1562 1680 1697 1714 habent
1727 1691 1793 1713 nec
1819 1691 1891 1713 ser-

116 1735 205 1767 uant
239 1733 366 1776 fidem,
404 1734 601 1779 prudenter
639 1734 864 1776 dissimulet,
903 1735 1119 1779 papisticam
1158 1734 1373 1768 seruitutem
1413 1734 1679 1778 quamprimum
1719 1733 1891 1773 excutiat,

118 1786 383 1821 Antichristum
410 1788 603 1832 relinquat,
631 1790 667 1822 et
693 1789 729 1822 111
757 1787 963 1822 libertatem
991 1788 1145 1822 filiorum
1175 1787 1240 1822 Dei
1268 1790 1433 1830 emergat
1458 1790 1527 1821 etc.
1578 1787 1677 1821 Haec
1704 1787 1780 1820 fere
1806 1789 1891 1820 sunt

115 1841 259 1884 propria
294 1841 453 1886 ipsorum
481 1842 604 1876 verba.
656 1842 713 1876 Ad
739 1841 829 1876 haec
865 1842 1043 1876 accedunt
1078 1841 1230 1876 subinde
1266 1841 1404 1875 nobiles
1440 1844 1476 1875 et
1511 1840 1572 1886 alij
1610 1852 1630 1875 a
1660 1840 1818 1886 palatino
1855 1843 1891 1874 et

116 1893 423 1929 contionatoribus
450 1894 520 1929 huc
547 1895 658 1937 missi,
685 1897 728 1929 vt
754 1907 834 1929 cum
861 1895 1008 1936 nostris,
1035 1907 1125 1939 quos
1153 1895 1221 1929 duo
1249 1894 1300 1928 illi
1319 1895 1519 1940 Apostatae
1546 1895 1665 1928 minus
1685 1893 1890 1928 Catholicos

116 1946 151 1980 in
178 1946 245 1981 hoc
272 1947 432 1991 collegio
459 1960 538 1983 esse
565 1949 813 1993 designarunt,
849 1961 914 1994 per
940 1950 1165 1983 occasionem
1193 1952 1314 1992 agant,
1343 1952 1379 1982 et
1404 1948 1487 1982 hinc
1514 1948 1706 1982 abducant.
1759 1947 1890 1982 Sumus

115 2001 186 2034 iam
213 2000 268 2035 bis
294 2001 360 2035 lias
387 2001 536 2036 insidias
563 2003 715 2047 experti.
745 2030 751 2037 .
773 2030 778 2035 .
802 2030 808 2036 .
852 2002 931 2036 Non
962 2014 1109 2048 possum
1136 2005 1257 2036 autem
1293 2006 1397 2047 pater
1432 2003 1514 2047 post
1540 2001 1749 2044 diligentem
1777 2001 1889 2045 inqui-

117 2053 296 2096 sitionem,
333 2054 441 2090 alium
479 2056 685 2100 quempiam
718 2056 761 2089 de
788 2055 856 2090 hac
882 2058 985 2101 peste
1011 2056 1143 2090 leuiter
1168 2059 1378 2101 suspectum
1405 2055 1473 2090 hoc
1499 2055 1576 2089 loco
1602 2067 1697 2089 nunc
1723 2055 1892 2099 reperire.

117 2106 424 2148 Quemadmodum
460 2121 546 2143 vero
582 2109 673 2143 alias
708 2109 851 2154 scripsi,
888 2110 961 2144 dux
998 2112 1033 2143 et
1068 2111 1332 2153 antesignanus
1368 2109 1493 2143 horum
1530 2109 1712 2143 hominum
1740 2108 1892 2142 habetur

117 2161 165 2195 M.
185 2160 304 2196 Simon
328 2162 514 2197 Demerius
532 2162 750 2204 Leodiensis,
778 2175 799 2197 a
826 2163 929 2197 cuius
955 2163 1140 2208 pestilenti
1167 2163 1441 2197 conuersatione
1469 2163 1577 2197 auelli
1603 2174 1674 2196 non
1700 2165 1894 2207 potuerunt

116 2217 330 2258 sequentes:
365 2217 545 2258 nimirum,
572 2216 621 2251 M.
641 2216 845 2251 Anthonius
873 2216 1087 2257 Germanus,
1115 2217 1285 2251 Matheus
1311 2217 1479 2258 Polonus,
1516 2216 1708 2250 Balthasar
1739 2227 1894 2258 zugerus

117 2280 324 2312 germanus,
360 2272 396 2303 et
422 2269 610 2304 Eduardus
637 2270 790 2313 Anglus,
829 2271 996 2314 quamuis
1032 2270 1090 2304 hic
1126 2270 1302 2305 occultius
1329 2273 1365 2304 et
1401 2270 1519 2304 minus
1555 2269 1699 2304 assidue
1726 2281 1805 2303 cum
1833 2269 1894 2303 illo

117 2322 244 2365 egerit.
264 2350 271 2356 .
293 2351 298 2356 .
321 2351 327 2357 .
371 2323 528 2357 Defieuit
554 2323 613 2358 hic
638 2323 808 2358 Matheus
835 2324 968 2358 multos
995 2324 1071 2358 dies
1099 2324 1299 2358 discessum
1327 2324 1374 2358 M.
1394 2323 1560 2364 Simonis,
1596 2335 1662 2357 nec
1692 2335 1772 2357 eum
1799 2323 1893 2368 apud

118 2376 251 2410 fratres
285 2376 433 2411 laudare
471 2377 642 2412 cessauit.
692 2377 864 2412 Notatum
901 2379 957 2412 est
992 2379 1180 2422 praeterea
1216 2378 1251 2411 in
1278 2381 1431 2422 vtroque
1458 2378 1555 2421 quod
1578 2377 1737 2411 moribus
1772 2379 1895 2411 essent

241 2519 252 2538 ¹
277 2518 397 2552 Thorn
423 2519 502 2553 sive
528 2519 727 2554 Thornaeo.
771 2519 965 2564 Perperam
992 2521 1039 2554 K.
1067 2521 1113 2554 H.
1142 2532 1170 2554 v.
1198 2521 1304 2564 Lany
1330 2520 1418 2554 duos
1454 2519 1534 2554 illos
1560 2521 1757 2564 apostatas,
1784 2518 1893 2553 Thor-

118 2581 247 2605 naeum
275 2576 310 2606 et
337 2571 526 2615 Zugerum,
557 2573 822 2618 „professores“
854 2576 962 2607 vocat
991 2572 1228 2617 (Geschichte
1254 2573 1318 2608 der
1343 2573 1507 2608 Jesuiten
1534 2573 1570 2607 111
1597 2573 1739 2614 Baiern,
1777 2572 1894 2607 Narn-

119 2624 207 2668 berg
236 2625 337 2667 1819,
368 2626 472 2670 104);
499 2626 666 2671 discipuli
693 2626 787 2661 enim
814 2628 928 2660 erant.

240 2685 253 2705 ²
278 2685 492 2729 Eisengrein
527 2686 634 2731 paulo
670 2689 756 2720 ante
791 2685 949 2720 medium
984 2698 1030 2721 m.
1059 2685 1306 2731 Septembrem
1332 2686 1565 2721 Monachium
1601 2687 1786 2732 profectus
1813 2698 1893 2721 esse

119 2737 283 2780 videtur;
310 2752 345 2774 v.
373 2751 482 2784 supra
508 2751 542 2785 p.
560 2741 603 2774 41
632 2740 690 2775 45.

240 2799 253 2819 ³
279 2800 316 2834 S.
335 2801 499 2844 Iynatius
523 2800 663 2841 statuit,
696 2801 737 2833 ut
762 2810 886 2834 omnes
913 2800 974 2843 qui
1001 2800 1219 2834 Societatem
1246 2800 1386 2843 ingredi
1413 2800 1558 2841 vellent,
1596 2800 1893 2844 „interrogentur,

121 2878 128 2885 .
146 2878 176 2885 ..
203 2863 289 2886 num
315 2854 475 2887 contenti
501 2853 584 2896 sint,
611 2856 652 2887 ut
670 2853 864 2887 videantur
889 2853 1033 2887 litterae
1052 2865 1186 2895 omnes,
1214 2857 1250 2887 et
1276 2865 1368 2897 quae
1395 2854 1484 2898 ipsis
1509 2854 1724 2895 scribentur,
1752 2857 1788 2888 et
1804 2865 1893 2898 quas

119 2904 189 2949 ipsi
215 2905 297 2940 aliis
322 2906 493 2949 scribent,
521 2909 563 2947 ei,
591 2908 648 2941 cui
675 2906 880 2941 huiusmodi
906 2918 1036 2941 munus
1064 2908 1294 2942 commissum
1315 2910 1381 2949 est,
1409 2920 1495 2942 cura
1520 2908 1658 2949 relicta,
1687 2911 1726 2942 ut
1743 2920 1804 2942 eas
1822 2908 1893 2949 det,

118 2958 179 2991 vel
204 2970 275 2993 non
310 2960 381 3001 det,
417 2961 716 3004 quemadmodum
753 2961 788 2994 in
815 2959 966 2994 Domino
1000 2962 1124 2995 nostro
1159 2962 1277 3004 magis
1312 2961 1481 3006 expedire
1516 2961 1733 2996 iudicabit“:
1768 2961 1824 2996 lta
1859 2961 1894 2994 in

125 3011 340 3053 „Examine“
372 3025 401 3048 c.
428 3015 461 3056 4,
487 3026 522 3048 n.
550 3015 589 3055 6;
617 3014 784 3048 similiter
810 3014 844 3047 in
874 3013 1200 3049 Constitutionibus
1225 3015 1265 3049 P.
1293 3015 1324 3056 3,
1352 3027 1382 3050 e.
1412 3016 1441 3056 1,
1468 3015 1507 3049 Β.

243 3074 255 3092 ⁴
288 3072 503 3117 Wolfgangi
541 3073 644 3108 ducis
680 3073 855 3119 bipontini
897 3075 933 3107 et
967 3073 1246 3118 neoburgensis;
1287 3075 1389 3110 cuius
1427 3075 1577 3120 imperio
1614 3075 1775 3118 Lauinga
1813 3074 1892 3109 sub-

122 3124 214 3159 iecta
240 3129 329 3160 erat.
