2044 3335
317 132 418 167 1504.
447 132 613 167 Canisius
638 132 679 166 P.
707 130 892 178 Onuphrio
918 132 1105 167 Panvinio.
1155 132 1302 176 Dilinga
1328 132 1384 167 29.
1404 132 1501 177 Sept.
1524 132 1625 167 1567.
1798 136 1850 176 69

83 254 236 292 1504.
336 255 555 290 GANISlUS
590 254 652 290 P.
681 253 1041 292 ONUPHRIO
1078 253 1418 291 PANlelo
1453 255 1587 289 ordinis
1613 255 1853 289 Eremitarum

274 308 308 343 S.
329 308 524 352 Augustini
549 307 728 351 theologo.
1204 307 1350 351 Dilinga
1376 308 1433 342 29.
1453 307 1674 352 Septembris
1703 308 1805 342 1567.

202 379 257 413 ΕΧ
284 379 459 424 exemplo,
487 379 581 422 quod
608 379 694 413 clar.
722 379 764 413 D.
792 378 927 414 Doctor
944 381 1127 414 Henricus
1146 380 1299 413 Sehro'rs
1323 379 1528 422 theologiae
1554 378 1589 411 in
1616 378 1854 412 universitate

83 433 255 467 bonnensi
281 433 463 477 professor
489 444 535 466 ex
553 432 750 476 archetypo
777 433 844 466 sub
871 444 903 467 a.
920 433 1010 467 1897
1038 445 1058 466 a
1084 445 1123 467 se
1149 433 1296 466 invento
1322 432 1516 476 exscripsit
1542 434 1578 465 et
1596 431 1855 465 humanissime

83 497 222 520 mecum
249 485 541 520 communicavit.
575 485 743 530 Epistula
769 485 969 530 archetypa
995 487 1117 520 exstat
1133 485 1269 520 Romae
1296 486 1331 519 in
1358 485 1506 520 archivo
1526 485 1704 525 vaticano,
1736 484 1854 527 „Al-m.

82 538 181 573 XLV
206 539 272 573 42“
302 539 327 573 f.
355 537 542 573 502—5112.
594 538 759 583 Epistula
785 550 831 572 ex
857 539 1056 584 archetypo
1082 538 1237 584 primum
1264 539 1361 572 edita
1388 540 1444 573 est
1470 549 1490 572 a
1518 539 1673 572 Solu-&rs
1697 538 1734 571 in
1765 538 1855 579 „An-

82 592 187 626 nalen
215 592 277 626 des
303 591 547 626 historischen
562 591 714 625 Vereins
741 592 799 625 fiir
825 593 893 626 den
919 592 1176 626 Niederrhein“
1206 591 1384 633 LXXXV,
1412 591 1505 625 Koln
1528 591 1627 632 1908,
1657 591 1855 625 161-165,

201 660 396 697 Praefatio
424 659 594 697 editoris.
646 661 834 707 Epistulae
861 662 968 696 huius
994 674 1080 707 pars
1106 664 1281 703 extrema,
1308 662 1344 696 in
1372 673 1443 705 qua
1470 663 1595 696 auctor
1620 672 1748 695 nomen
1774 660 1856 695 sub-

83 715 240 760 scripsit,
276 716 392 750 recisa
419 718 476 750 est
500 715 562 757 ita,
598 717 639 749 ut
665 717 805 749 tantum
842 715 972 750 lineola
998 715 1121 759 aliqua
1147 715 1315 760 supersit,
1352 715 1470 759 idque,
1507 717 1550 749 ut
1575 715 1731 754 videtur,
1766 713 1855 747 vitio

83 768 190 810 illius,
226 769 287 813 qui
322 768 538 803 fasciculum
573 768 676 803 illum
703 768 987 812 conglutinavit;
1025 769 1183 814 epistula
1219 769 1297 813 ipsa
1322 780 1432 802 manu
1466 768 1591 812 ignota
1617 768 1754 812 scripta
1780 769 1854 807 est;

83 834 200 866 neque
235 824 357 856 tamen
394 822 550 856 dubitari
585 824 716 866 potest,
753 822 837 866 quin
867 822 1033 856 Canisius
1069 822 1247 867 epistulae
1282 824 1408 856 auctor
1443 822 1510 862 sit;
1548 821 1714 855 Canisius
1750 831 1857 864 saepe

82 887 212 909 nomen
230 875 345 910 solum
363 874 634 916 subscribebat3
661 875 835 920 epistulas
854 875 952 920 ipsas
971 875 1132 910 dictabat
1152 875 1214 917 (cf.
1234 887 1343 920 supra
1369 887 1402 920 p.
1425 875 1441 909 1
1471 876 1491 909 6
1520 875 1563 909 10
1593 875 1635 908 18
1662 874 1746 917 23);
1773 885 1857 906 non-

83 939 267 972 nunquam
291 928 413 963 italice
439 928 622 963 scribebat
646 928 753 971 (Can.
781 929 833 962 III
860 929 948 969 336;
979 928 1030 963 IV
1058 929 1126 963 579
1154 928 1252 972 732).
1304 928 1521 962 Panvinium
1553 928 1676 971 magni
1702 927 1858 961 faciebat

85 982 192 1024 (Can.
219 982 252 1015 V
279 982 505 1025 522-523);
542 982 586 1016 ad
617 981 824 1026 „Epistulas
851 981 1066 1016 Pontificum
1093 984 1130 1016 et
1155 982 1451 1026 Imperatorum“‚
1487 982 1530 1015 de
1566 981 1696 1025 quibus
1731 981 1767 1014 in
1802 980 1859 1013 his

83 1036 216 1070 litteris
242 1035 286 1069 ad
305 1035 521 1070 Panvinium
549 1035 716 1077 refertur,
743 1036 1054 1079 recognoscendas
1080 1047 1225 1080 operam
1252 1046 1355 1069 suam
1383 1035 1452 1073 iam
1479 1047 1526 1069 m.
1546 1034 1662 1079 Aprili
1685 1033 1744 1067 vel
1763 1033 1858 1067 Maio

83 1101 115 1124 a.
136 1089 225 1123 1567
253 1088 453 1130 obtulerat;
480 1089 626 1123 eaedem
652 1100 698 1122 m.
726 1088 815 1123 Iulio
836 1089 926 1123 1567
954 1101 1018 1134 per
1044 1089 1263 1123 cardinalem
1277 1088 1479 1122 Truchsess
1505 1088 1536 1121 ei
1563 1088 1718 1122 traditae
1745 1088 1857 1120 erant.

85 1142 138 1177 Cf.
157 1144 247 1177 Dav.
267 1144 359 1176 Aur.
379 1143 505 1176 Perim'
530 1141 571 1177 Ο.
591 1142 625 1176 S.
647 1143 749 1185 Aug„
777 1141 926 1176 Onofrio
953 1142 1129 1176 Panvinio
1162 1153 1180 1176 e
1211 1142 1244 1176 le
1271 1154 1336 1176 sue
1363 1153 1479 1187 opere,
1508 1142 1622 1175 Roma
1651 1141 1751 1181 1899,
1782 1140 1859 1179 142,

84 1198 120 1230 et
145 1196 249 1237 infra,
275 1207 369 1230 mon.
396 1195 465 1230 litt.
496 1196 563 1240 (l).

207 1250 375 1283 &misius
392 1250 559 1293 Augusta
577 1249 609 1283 4.
630 1248 797 1283 Octobris
819 1250 908 1284 1567
930 1249 1084 1293 Borgiae
1102 1248 1308 1294 praeposito
1327 1248 1488 1292 generali
1506 1247 1672 1293 scripsit:
1704 1246 1859 1289 „Redibo

83 1315 179 1337 nunc
205 1303 249 1337 ad
275 1303 520 1337 uisitationem
547 1301 699 1347 Collegij
727 1303 1010 1342 Monachiensis‚
1047 1314 1067 1336 a
1093 1314 1165 1346 qua
1192 1303 1318 1337 diebus
1345 1302 1484 1346 aliquot
1519 1313 1576 1335 me
1603 1301 1861 1335 abstraxerunt

84 1356 230 1400 negotia
256 1355 422 1399 Dilingae
448 1356 673 1401 peragenda“
699 1355 748 1399 (V.
769 1356 873 1398 infra,
902 1369 956 1401 ep.
976 1368 1010 1391 n.
1029 1356 1149 1399 1510).
1186 1355 1312 1389 Omnis
1339 1356 1493 1399 denique
1520 1354 1695 1388 dubitatio
1721 1353 1861 1387 tollitur

85 1421 148 1455 per
174 1408 397 1454 *epistulam
422 1421 443 1444 a
470 1409 645 1443 cardinali
676 1410 798 1443 Ottoue
822 1411 1013 1444 Truchsess
1038 1409 1185 1453 Dilinga
1211 1410 1244 1442 2.
1264 1409 1431 1443 Octobris
1454 1409 1543 1443 1567
1572 1408 1616 1442 ad
1643 1407 1859 1441 Panviuium

87 1464 228 1504 datam;
255 1463 307 1497 ita
333 1463 428 1497 enim
455 1463 536 1497 ille:
569 1463 798 1505 „Reuerendo
818 1463 944 1497 Amico
970 1465 1093 1497 nostro
1121 1462 1356 1497 amatissimo.
1393 1462 1541 1504 Quando
1568 1461 1600 1495 ci
1627 1464 1645 1495 0
1673 1471 1861 1504 comparsa

85 1516 120 1550 la
145 1516 277 1550 lettera
303 1516 338 1550 di
364 1516 407 1551 V.
427 1516 615 1550 Paternita
641 1516 725 1550 delli
752 1516 892 1551 XVIIJ.
920 1516 977 1550 del
1002 1518 1160 1561 passato,
1188 1517 1219 1550 si
1244 1518 1397 1550 trouaua
1424 1515 1485 1559 qui
1511 1514 1536 1548 il
1562 1515 1679 1548 Padre
1706 1513 1860 1554 Canisio,

86 1569 140 1604 col
167 1569 275 1613 quale
300 1569 547 1613 ragionammo
573 1571 594 1604 a
621 1569 728 1613 longo
755 1581 862 1615 sopra
889 1572 1023 1614 quanto
1050 1569 1097 1603 lei
1124 1569 1156 1604 ci
1182 1570 1301 1603 scriue
1328 1568 1421 1602 delle
1447 1580 1511 1602 sne
1538 1580 1644 1613 opere
1680 1567 1724 1601 da
1751 1568 1859 1600 stam·

86 1623 194 1668 parsi,
222 1625 258 1657 et
284 1623 378 1657 della
404 1623 485 1657 fede
513 1623 578 1657 che
605 1623 772 1657 desidera
798 1623 894 1658 circa
920 1623 954 1657 la
981 1623 1161 1657 reuisione
1188 1623 1280 1657 delle
1299 1622 1461 1667 Epistole
1479 1622 1513 1655 di
1533 1620 1718 1656 Pontefici.
1759 1618 1861 1653 Onde

87 1679 105 1710 0
131 1688 237 1721 parso
263 1678 284 1711 a
311 1676 344 1712 S.
373 1677 563 1711 Paternita
589 1677 624 1710 di
650 1677 809 1711 scriuere
836 1677 871 1711 la
898 1677 958 1721 qui
985 1676 1137 1719 alligata
1168 1688 1230 1721 per
1256 1676 1291 1710 la
1318 1675 1536 1710 resolutione
1563 1674 1628 1708 che
1655 1686 1693 1707 se
1719 1685 1764 1707 ne
1791 1675 1860 1717 puo

86 1729 249 1775 pigliare.
293 1731 340 1765 Et
365 1731 497 1775 perche
517 1730 559 1766 V.
579 1730 768 1765 Paternita
795 1731 982 1764 intendera
1007 1731 1269 1764 minutamente
1296 1731 1391 1763 tutto
1418 1728 1501 1773 quel
1528 1728 1593 1762 che
1621 1738 1775 1768 occorre,
1802 1726 1861 1759 noi

87 1784 119 1818 ci
146 1786 415 1818 contentaremo
441 1784 593 1818 refirirci
620 1784 692 1818 alla
719 1784 885 1829 predetta
911 1783 1052 1818 lettera.
1094 1783 1228 1825 Questo
1255 1783 1330 1817 solo
1358 1795 1427 1816 non
1453 1782 1652 1816 lassaremo
1680 1780 1769 1814 dirle
1796 1779 1861 1813 che

87 1848 126 1871 se
152 1836 187 1871 la
213 1838 245 1871 ci
271 1837 413 1871 inuiara
439 1849 548 1883 opera
574 1838 704 1872 alcuna
731 1837 823 1871 delle
850 1849 915 1871 sue
943 1849 1006 1882 per
1032 1837 1203 1871 mandare
1231 1838 1251 1870 a
1278 1836 1362 1881 quel
1389 1836 1553 1869 Materno
1582 1835 1704 1869 Colino
1730 1834 1861 1867 libraro

88 1891 122 1925 di
150 1890 307 1932 Colonia,
343 1891 401 1925 noi
437 1891 471 1925 le
498 1892 634 1925 faremo
661 1891 850 1926 uolentieri
878 1891 1069 1936 recapitar’
1090 1891 1181 1925 bene
1216 1893 1251 1924 et
1278 1890 1496 1930 fidelmente,
1532 1900 1595 1934 per
1621 1887 1721 1922 darle
1756 1886 1860 1921 satis-

87 1944 248 1985 faitione,
286 1956 385 1979 come
412 1956 501 1979 anco
528 1945 765 1979 desideriamo
800 1945 836 1979 in
864 1945 947 1988 ogni
975 1944 1067 1979 altro
1094 1944 1314 1989 particulare
1341 1943 1406 1978 che
1433 1955 1496 1988 per
1522 1943 1581 1976 noi
1608 1942 1637 1976 si
1666 1952 1773 1986 possa
1799 1951 1862 1985 per

89 1998 271 2032 commodo
307 2002 342 2032 et
376 1998 546 2033 benefitio
582 1998 676 2033 della
712 1999 901 2033 Paternita
928 1999 990 2033 V.“
1037 1999 1099 2042 (ex
1125 1998 1334 2042 archetypo,
1374 1997 1468 2041 quod
1505 1998 1628 2030 exstat
1654 1994 1788 2028 Rornae
1826 1993 1862 2026 in

88 2051 307 2086 bibliotheca
333 2053 514 2093 vaticana,
543 2052 626 2087 Cod.
646 2053 729 2087 Vat.
758 2052 822 2086 lat.
850 2052 942 2086 6412
969 2053 994 2086 f.
1022 2052 1240 2095 317—318).

210 2124 382 2157 Panvc'uii
417 2124 527 2157 libros
562 2125 662 2157 ‘valde
688 2125 838 2166 Zaudat;
873 2125 935 2167 qui
969 2125 1054 2167 quia
1082 2124 1253 2167 Dilz'nyae
1288 2124 1415 2156 eoecudz'
1441 2126 1626 2165 nequeunt,
1662 2119 1862 2154 cardinalis

86 2188 162 2211 cum
193 2176 338 2211 Caleuio
363 2178 587 2221 typogyrapho
614 2179 807 2211 coloniensi
833 2178 910 2220 ey'it.
966 2178 1035 2218 Qui
1065 2177 1245 2210 Chronica
1272 2182 1302 2209 et
1329 2177 1526 2219 complures
1551 2176 1642 2208 (dios
1668 2174 1778 2207 libros
1804 2183 1862 2204 ea*-

87 2233 213 2265 cudere
246 2243 308 2264 nec
341 2235 457 2264 tamen
493 2232 682 2265 dimidiam
712 2235 855 2274 partem
890 2231 986 2264 lucri
1020 2232 1162 2264 (auctori
1197 2231 1286 2263 dare
1320 2231 1414 2271 'culn
1448 2240 1559 2272 ‘neque
1596 2228 1731 2270 lusique
1766 2225 1862 2258 istud

87 2285 338 2328 Epistularmn
376 2295 397 2317 a
435 2285 664 2328 pontificibus
702 2290 731 2318 et
769 2285 1048 2327 imperatoribus
1085 2286 1255 2318 datarum
1301 2294 1430 2327 corpus
1469 2281 1708 2324 (avellanum)
1756 2279 1863 2321 facile

86 2340 252 2381 suscipiet
285 2339 538 2372 excudendum.
592 2339 803 2382 PanuiuiuS,
839 2340 1009 2382 quoniam
1044 2339 1211 2371 Platinae
1248 2339 1336 2370 vitas
1366 2338 1577 2380 pontificum
1613 2339 1673 2369 etc.
1714 2333 1862 2367 cholino

87 2392 306 2436 typoyrapho
331 2392 525 2426 coloniensi
559 2393 703 2425 tradere
737 2393 873 2436 statuit,
908 2393 1056 2433 tradat;
1091 2392 1151 2424 sed
1179 2391 1349 2425 Calenius
1384 2391 1494 2423 libros
1524 2390 1648 2422 melius
1683 2390 1796 2426 curat,
1833 2391 1861 2419 et

88 2446 282 2490 optandum
308 2449 367 2489 est,
402 2451 441 2479 ut
480 2457 574 2479 unus
608 2447 763 2489 elz'yatur
789 2446 1043 2489 typotqraphus.
1094 2446 1299 2488 Rem-strum
1329 2444 1497 2487 Greyorz‘i
1522 2443 1602 2476 VII.
1630 2441 1781 2475 Venetiis
1804 2440 1862 2481 fa-

87 2499 192 2532 cilius
218 2500 350 2532 edetur.
406 2499 597 2533 Centurias
632 2500 834 2532 cardinalis
869 2501 988 2532 mittet.
1045 2498 1213 2532 Canisz'us
1249 2498 1467 2530 Panvinium
1503 2497 1668 2538 obsecrat,
1708 2499 1743 2527 ut
1778 2503 1862 2536 quo-

86 2553 298 2596 tiescumque
320 2557 474 2595 potestas
499 2554 614 2597 (letter,
643 2553 762 2586 Flacz’i
781 2553 929 2595 Illyrici
953 2553 1029 2585 sedi
1046 2552 1260 2595 apostolicae
1285 2551 1526 2584 inimicissimi
1550 2549 1701 2592 fraudes
1718 2548 1862 2590 deteyat.

92 2606 259 2639 canisius
294 2607 436 2649 eiusque
470 2607 608 2640 sodales
642 2606 791 2639 libenter
817 2606 1035 2638 Panvtnium
1064 2605 1244 2638 iuvabunt.
1296 2604 1473 2647 Epistulis
1493 2603 1704 2646 pontificum
1729 2600 1863 2634 scholia

88 2660 284 2693 addantur.

516 2725 610 2767 Pax
643 2724 815 2767 Christi.

206 2802 342 2845 Molto
388 2802 644 2844 Reuerendo
693 2805 737 2844 et
781 2800 1040 2844 Dottissimo
1086 2800 1227 2842 Padre
1276 2799 1467 2842 Onofrio.
1538 2798 1590 2840 V.
1637 2795 1865 2839 Paternita

90 2866 197 2909 deue
241 2881 395 2922 sapere
437 2881 559 2909 come
601 2867 869 2920 Monsignor'
902 2865 1202 2908 Illustrissimo
1253 2867 1298 2907 et
1338 2863 1716 2906 Reuerendissimo
1760 2861 1863 2904 Car-

91 2932 206 2974 dinal
260 2932 299 2974 d'
325 2933 528 2986 Augusta
571 2932 629 2975 ha
674 2931 886 2974 conferito
933 2945 1013 2973 con
1066 2945 1136 2972 me
1181 2931 1293 2973 delle
1338 2944 1414 2972 sue
1458 2943 1612 2983 opere,
1659 2928 1699 2969 le
1747 2926 1864 2980 quali

89 3011 166 3050 per
205 2998 249 3039 la
290 3012 370 3040 sua
412 2997 605 3040 dottrina
648 2999 693 3040 et
734 2996 962 3050 diligentia
1003 2995 1238 3049 singulare,
1285 3009 1390 3037 sono
1432 2996 1557 3038 tanto
1598 2994 1743 3036 lodate
1788 3006 1865 3046 per

89 3064 207 3105 tutta
247 3063 291 3105 la
333 3062 619 3113 christianitati,
664 3065 708 3106 et
748 3061 845 3105 utili
887 3062 974 3103 alla
1013 3062 1150 3104 Santa
1183 3061 1336 3103 Chiesa
1369 3060 1593 3103 Catholica
1626 3059 1703 3101 ohe
1735 3057 1864 3099 meri-

88 3128 282 3170 tamente
314 3128 499 3170 havemo
530 3128 585 3170 da
616 3127 866 3181 ringratiar’
890 3127 919 3168 il
954 3127 1110 3180 Signor
1141 3126 1222 3168 Dio
1256 3126 1438 3169 authore
1472 3125 1511 3167 d'
1531 3124 1631 3178 ogni
1663 3124 1785 3173 bene,
1820 3124 1864 3163 et
