2044 3335
317 107 418 141 1748.
447 106 613 141 Canisius
638 106 678 141 P.
698 107 916 152 Hieronymo
942 107 1074 142 Natali.
1117 107 1263 151 Dilinga
1290 107 1320 141 1.
1340 105 1560 152 Septembris
1588 105 1689 139 1571.
1803 107 1887 147 475

247 222 288 257 16
325 222 497 267 Sumptus
522 222 559 256 in
585 222 677 257 hanc
703 235 777 257 rem
804 236 873 257 non
900 224 1061 264 deerunt,
1087 224 1119 258 si
1145 223 1240 257 iusta
1266 234 1370 267 opum
1397 222 1462 256 fiat
1487 221 1712 256 distributio:
1751 222 1787 254 et
1812 222 1890 254 tan-

126 278 201 309 tum
230 276 262 309 in
290 275 378 310 haec
405 279 462 310 eta
487 276 557 310 alia
576 276 743 321 Episcopi
770 277 889 311 officia
916 277 1153 322 impendatur,
1181 278 1354 320 quantum
1381 276 1426 310 ad
1453 274 1737 310 conseruandum
1755 275 1890 308 statum

126 329 315 373 Principis.
363 328 400 363 Si
426 329 516 363 ratio
542 329 719 364 habeatur
745 330 1007 370 fundationum,
1035 330 1294 374 stipendiorum
1322 331 1358 362 et
1384 328 1698 369 contributionum,
1727 338 1819 371 quae
1846 338 1892 360 ex

127 382 374 416 defunctorum
402 383 640 424 testamentis
677 385 712 417 et
739 383 902 417 vinorum
937 382 1156 417 liberalitate
1192 383 1227 416 in
1262 382 1443 416 studiosos
1479 381 1615 426 passim
1646 381 1748 415 fiunt.
1799 379 1892 413 Huic

126 434 292 469 instituto
327 435 550 470 deseruirent
585 436 677 470 bona
714 436 1051 470 Ecclesiasticorum
1087 435 1335 470 decedentium
1373 435 1450 469 sine
1488 434 1730 468 testamentis.
1782 433 1818 468 Si
1856 433 1893 466 in

126 488 220 522 hunc
239 500 343 522 vsum
370 500 545 523 consensu
573 489 703 535 summj
724 490 907 524 Pontificis
933 489 977 523 ad
1004 492 1147 534 tempus
1173 488 1400 533 applicentur
1425 489 1517 522 bona
1544 487 1605 522 illa
1623 486 1893 525 Ecclesiastica,

127 553 218 585 quae
243 544 388 586 propter
414 554 646 587 personarum
675 543 894 588 paucitatem
914 542 1174 582 distrahuntur,
1200 544 1236 576 et
1254 542 1374 575 nescio
1401 542 1435 574 in
1456 553 1562 585 quem
1582 552 1686 574 vsum
1706 539 1891 574 Ecclesiae

126 606 252 639 parum
278 595 404 629 vtilem
440 598 712 631 conuertuntur.
764 597 843 630 Huc
878 597 1101 640 pertinerent
1136 597 1244 629 etiam
1279 597 1477 639 prouentus
1511 606 1581 627 non
1607 593 1856 627 Residentium
1872 594 1893 634 ¹,

127 648 221 691 quod
248 659 409 683 summus
435 648 605 683 Pontifex
632 650 738 683 credo
765 650 918 683 libenter
944 648 1178 693 approbaret:
1215 649 1265 681 ita
1291 650 1424 687 tamen,
1451 649 1492 680 vt
1518 646 1608 680 nihil
1633 658 1766 687 eorum,
1803 657 1894 690 quae

128 700 338 736 fundatores
364 702 441 736 fieri
460 702 662 745 voluerunt,
690 703 888 745 omittatur,
915 703 978 737 sed
1004 714 1068 747 per
1093 702 1174 735 illos
1200 701 1261 745 qui
1287 702 1371 734 sunt
1398 700 1433 734 in
1461 700 1653 734 seminario
1672 699 1893 745 suppleatur.

128 753 165 788 Si
191 754 283 788 bona
310 755 493 790 Ecclesiae
519 767 589 790 non
615 757 651 790 in
678 756 788 790 alium
814 768 930 797 vsum,
964 767 1071 800 quam
1098 755 1281 789 Ecclesiae
1308 754 1435 788 vtilem
1463 753 1722 798 expendantur.
1775 752 1811 787 Si
1837 753 1895 786 de-

126 807 234 851 nique
261 807 428 854 Episcopi
455 809 583 843 Patres
619 812 655 844 et
689 811 953 844 sustentatores
979 808 1094 843 velint
1130 820 1209 843 esse
1243 819 1454 853 pauperum.
1506 806 1603 840 Nihil
1640 806 1734 840 enim
1770 806 1895 840 deesse

127 861 259 905 poterit
296 861 622 908 Eleemosynarijs:
662 863 800 897 Beati
838 862 1204 902 misericordes,
1243 861 1464 905 quoniam
1505 859 1896 893 misericordiam

128 916 526 959 consequentur2.

250 969 290 1002 17
317 968 432 1003 Valde
457 969 640 1003 tardatum
660 971 726 1003 est.
766 969 956 1004 Jndefesso
975 969 1108 1009 labore,
1135 968 1344 1003 continuata
1363 967 1562 1010 diligentia,
1591 977 1723 1009 magna
1741 965 1895 1000 dexteri-

127 1022 212 1063 tate,
250 1024 286 1055 et
312 1022 509 1067 exemplari
536 1023 612 1056 vita
639 1034 727 1066 opus
754 1026 828 1057 est:
865 1025 900 1056 et
935 1023 1099 1067 inprimis
1132 1022 1251 1056 diuino
1277 1021 1423 1055 auxilio.
1475 1019 1543 1054 Sed
1580 1021 1610 1054 si
1636 1019 1791 1054 velimus
1816 1021 1895 1053 tan-

128 1076 203 1108 tum
240 1086 285 1108 ex
311 1075 428 1109 animo
464 1077 584 1110 facere
611 1076 779 1115 officium,
816 1079 851 1110 et
885 1087 1032 1110 seruare
1058 1076 1207 1117 animas,
1245 1074 1412 1109 Christus
1447 1085 1512 1107 sua
1547 1073 1665 1116 gratia
1699 1084 1894 1116 numquam

128 1127 251 1162 deerit.
304 1128 351 1162 Jn
379 1129 655 1163 difficultatibus
691 1130 734 1163 ad
761 1141 941 1164 summum
968 1129 1179 1163 Pontificem
1208 1128 1343 1163 Christi
1369 1128 1405 1162 in
1431 1128 1539 1162 terris
1565 1127 1749 1161 Vicarium
1776 1137 1895 1160 recur-

126 1181 273 1215 rendum
302 1184 409 1216 esset.

246 1235 561 1270 Reuerendissime
589 1239 624 1270 et
653 1235 910 1282 Jllustrissime
937 1235 1087 1270 Domine
1114 1247 1200 1279 rogo
1235 1247 1299 1280 per
1324 1235 1390 1269 Dei
1418 1234 1531 1268 filium
1559 1233 1743 1268 Christum
1771 1233 1895 1267 Jesum

127 1288 216 1322 haec
251 1289 286 1322 in
322 1289 451 1323 bonam
477 1292 618 1334 partem
646 1290 802 1334 aeeipeb.
855 1289 1028 1323 Dolebam
1054 1290 1188 1334 passim
1216 1289 1353 1334 perire⁰
1380 1288 1536 1328 animas,
1572 1299 1662 1331 quas
1697 1287 1897 1321 communis

128 1341 311 1384 Dominus,
339 1343 499 1377 saluator
518 1346 554 1377 et
571 1343 691 1377 Judex
709 1346 832 1377 noster
857 1343 1076 1387 pretioso
1102 1342 1357 1385 sanguine3
1382 1342 1469 1376 suod
1496 1343 1677 1375 mercatus
1695 1343 1781 1382 este,
1808 1352 1898 1384 quas

127 1398 247 1430 tamen
265 1395 343 1438 hac,
370 1399 433 1431 aut
450 1396 558 1442 similj
579 1396 766 1440 diligentia
784 1397 921 1431 seruari
939 1408 1045 1441 posse
1063 1407 1256 1441 sperarem.
1301 1395 1447 1429 Vtinam
1467 1406 1568 1440 opem
1588 1394 1742 1428 ferrentf
1764 1405 1896 1435 omnes,

128 1449 188 1493 qui
214 1453 366 1494 possunt
392 1453 428 1484 et
453 1450 594 1484 debent.

248 1502 414 1538 Canisius
439 1503 569 1538 Rethio
596 1504 781 1548 respondit
809 1504 862 1538 13.
883 1502 1052 1538 Octobris
1082 1503 1183 1537 1571.

128 1642 280 1679 1748.
362 1643 579 1679 CANISIUS
606 1643 668 1679 P.
695 1641 1114 1679 HIERONYMO
1142 1641 1406 1679 NATALI
1433 1642 1569 1676 vicario
1596 1641 1757 1686 generali
1784 1640 1900 1676 Socie-

317 1697 405 1732 tatis
431 1698 523 1732 Iesu.
1273 1696 1419 1740 Dilinga
1447 1696 1477 1730 1.
1499 1695 1722 1741 Septembris
1750 1695 1851 1729 1571.

246 1767 302 1802 Ex
329 1769 554 1814 autographo
583 1769 656 1812 (20;
683 1769 703 1803 2
731 1781 809 1814 pp.;
837 1769 872 1803 in
899 1781 932 1814 p.
957 1770 979 1803 4
1005 1769 1112 1804 inscr.
1141 1771 1176 1803 et
1202 1768 1375 1813 reliquiae
1402 1768 1501 1812 sig),
1539 1767 1658 1802 Germ.
1676 1766 1744 1801 183
1770 1778 1804 1800 n.
1831 1766 1900 1801 248

132 1821 171 1865 (f.
198 1822 266 1856 272
295 1826 330 1856 et
356 1834 409 1866 sq.
436 1835 505 1857 non
532 1822 655 1867 sign.).

248 1883 413 1916 Primum
438 1884 606 1917 adversus
624 1884 891 1917 Centccrc'atores
916 1883 1049 1916 librum
1075 1883 1235 1916 emendat
1244 1895 1258 1925 ;
1282 1883 1474 1916 secundum
1501 1886 1531 1914 et
1556 1882 1699 1915 tertium
1725 1881 1902 1914 absolvere

129 1939 250 1980 onaytzi
275 1939 342 1970 erit
367 1937 512 1970 laboris.
567 1937 755 1971 Contiones
781 1940 1052 1980 oem'pontanae.
1106 1937 1243 1971 Cursus
1262 1936 1504 1979 philosophici
1539 1940 1569 1968 et
1591 1936 1772 1979 yymnasie'
1792 1935 1900 1977 plena

130 2001 218 2023 cura
244 1990 458 2033 Inyolstadii
490 2002 512 2024 a
539 1991 711 2024 Societate
736 1992 965 2024 detrec-tanda
991 1995 1050 2024 est.
1101 1993 1175 2024 Aut
1199 1991 1322 2023 saltem
1348 1991 1463 2023 denuo
1489 2000 1565 2022 cum
1592 1990 1678 2022 duce
1703 1989 1763 2031 aqi
1797 1988 1902 2031 debet,

128 2045 299 2077 maiorem
322 2045 468 2087 petendo
494 2045 687 2078 libertatem
713 2049 743 2078 et
765 2049 980 2088 potestatem.
1031 2044 1100 2077 PP.
1134 2045 1324 2077 Torrensz‘s
1348 2048 1378 2077 et
1403 2044 1569 2077 Pisanus.

343 2111 439 2153 Pax
471 2110 630 2154 Christi
661 2111 803 2154 JESV
825 2111 948 2153 nobis
981 2114 1176 2161 aeterna,

658 2183 903 2225 Admodum
935 2182 1191 2225 Reuerende
1224 2183 1370 2232 Pater,

248 2253 409 2309 Accepi
437 2254 488 2298 R.
513 2255 560 2296 T.
586 2254 736 2297 literas
771 2257 822 2296 21
849 2255 953 2308 Julij
988 2255 1128 2297 datas.
1182 2254 1310 2296 Nunc
1334 2252 1536 2306 Dilingae
1568 2251 1718 2306 paucis
1752 2251 1901 2293 diebus

131 2321 254 2374 dego,
288 2322 337 2361 ut
370 2333 465 2361 cum
492 2320 743 2362 censoribus
768 2321 989 2362 conferam
1012 2321 1059 2364 P.
1084 2321 1134 2362 D.
1160 2318 1412 2362 Emanuelis
1436 2318 1755 2367 annotationes
1791 2331 1902 2370 quae

131 2386 356 2427 conferent
388 2386 443 2427 ad
481 2399 637 2427 nouam
671 2386 769 2428 libri
803 2386 1050 2435 editionem,
1095 2400 1224 2439 quam
1257 2387 1387 2439 parat
1428 2383 1731 2438 typographus
1763 2382 1902 2424 Dilin-

130 2466 270 2505 ganus
283 2452 311 2494 4.
352 2451 676 2494 Praefationem
696 2452 906 2505 duplicem
931 2452 974 2493 in
997 2453 1139 2494 totum
1163 2451 1300 2505 opus5
1322 2464 1435 2492 nunc
1457 2449 1635 2491 tandem
1654 2448 1901 2491 ediderunt:

250 2533 278 2561 a)
300 2533 335 2557 In
356 2533 382 2557 B
401 2532 535 2564 sequitur
554 2530 614 2563 alij,
635 2532 723 2556 omitt.
834 2530 863 2559 b]
883 2531 991 2557 Jesum
1010 2531 1041 2556 in
1061 2530 1173 2557 bonam
1192 2531 1310 2564 partem
1332 2530 1405 2556 haec
1425 2530 1492 2555 vice
1513 2528 1725 2554 valedictionis
1746 2529 1846 2562 accipe
1867 2530 1902 2555 B.

131 2574 156 2604 c)
176 2573 270 2599 Doleo
291 2573 405 2606 passim
426 2573 538 2605 negligi
558 2572 589 2598 et
608 2572 708 2606 perire
729 2574 763 2598 B.
857 2572 886 2604 (1)
906 2572 1043 2606 pretioso
1064 2579 1120 2598 suo
1141 2573 1288 2605 sanguiue
1308 2574 1344 2598 B.
1431 2574 1458 2602 e)
1481 2573 1515 2597 In
1536 2572 1562 2596 B
1583 2578 1637 2595 non
1658 2574 1727 2596 szmt
1746 2573 1762 2596 9
1782 2579 1826 2596 vv.
1845 2578 1904 2603 sqq.

131 2615 158 2648 f)
178 2615 280 2641 ferant
299 2617 333 2641 B.

254 2732 264 2751 ¹
291 2730 552 2764 Canonicorum
579 2729 813 2773 aliorumque,
850 2728 911 2773 qui
938 2729 1031 2773 apud
1059 2728 1232 2762 ecclesias
1259 2739 1344 2762 suas
1371 2739 1440 2761 non
1472 2727 1695 2770 „1·esident“;
1731 2726 1827 2760 unde
1853 2726 1905 2765 fit,

133 2785 174 2818 ut
191 2783 445 2818 beneficiorum
463 2784 614 2824 fructus,
639 2782 919 2827 „p1·aesentias“‚
943 2782 1074 2816 similia
1093 2781 1278 2826 percipere
1296 2784 1496 2825 nequeant;
1526 2780 1571 2815 cf.
1590 2781 1677 2814 Gan.
1691 2780 1724 2814 V
1737 2780 1805 2815 202
1823 2780 1905 2815 408.

253 2838 266 2858 2
293 2837 347 2871 Mt
373 2837 404 2878 5,
433 2838 464 2871 7.
613 2838 625 2857 ³
654 2838 669 2870 1
699 2836 786 2870 Petr
813 2837 843 2877 1,
873 2836 927 2870 19.

253 2892 266 2911 4
293 2890 554 2925 Adnotationes
581 2889 716 2924 Romae
752 2901 772 2923 a
799 2889 837 2924 P.
866 2888 1100 2923 Emmanuele
1127 2888 1196 2923 Saa
1231 2889 1267 2922 in
1295 2887 1431 2922 Canisii
1466 2887 1597 2921 librum
1634 2887 1677 2921 de
1713 2886 1747 2922 S.
1775 2887 1907 2921 Ioanne

134 2944 300 2989 Baptista
325 2945 450 2978 contra
477 2943 748 2978 Centuriatores
775 2943 1109 2986 Magdeburgenses
1136 2942 1311 2986 scriptum
1338 2941 1457 2976 factas
1483 2941 1688 2984 significat;
1729 2940 1790 2984 qui
1818 2940 1909 2974 liber

132 2998 204 3031 iam
230 2996 397 3041 Dilingae
423 3009 443 3031 a
463 2996 613 3032 Sebaldo
632 2998 759 3041 Mayer
786 3007 942 3030 excusus
968 2998 1005 3029 et
1030 2995 1193 3041 proxime
1218 2995 1424 3038 vulgandus
1451 2996 1529 3029 erat
1557 2995 1608 3038 (v.
1628 3006 1737 3040 supra
1755 3006 1788 3039 p.
1807 2993 1908 3037 438).

131 3051 235 3085 Nova
261 3050 325 3084 illa
351 3050 458 3084 editio
485 3062 516 3085 a.
538 3050 629 3085 1572
655 3051 691 3084 in
717 3050 834 3084 lucem
860 3049 1003 3094 prodiit.

255 3105 267 3124 ⁵
293 3103 384 3139 Vide
410 3104 515 3146 infra,
543 3116 636 3138 mon.
664 3104 733 3138 litt.
764 3103 856 3147 (57).
