2044 3335
623 120 737 155 Roma
763 121 863 156 initio
889 134 934 155 m.
955 120 1163 156 Decembris
1191 119 1292 155 1568.
1759 121 1840 161 231

75 240 146 274 ΡΡ.
165 239 384 273 Theodorico
404 238 548 273 Canisio
574 239 826 273 universitatis
853 239 1058 283 dilinganae
1085 239 1226 273 rectore
1254 239 1290 271 et
1316 237 1428 271 Paulo
1455 237 1603 270 Hoffaeo
1630 235 1845 270 Germaniae

74 292 269 338 superioris
304 291 597 337 viceprovinciali
633 292 728 326 inter
763 292 919 326 medium
955 304 1000 326 m.
1037 292 1243 335 Augustum
1278 293 1314 324 et
1350 292 1543 324 exeuntem
1578 301 1624 323 m.
1652 288 1842 323 Octobrem

75 347 222 381 Romam
242 345 363 380 missis
382 345 432 388 (v.
451 356 561 389 supra
579 357 612 389 p.
632 345 850 387 202—228).
882 345 1017 379 Horum
1037 355 1289 389 responsorum
1309 343 1390 384 alia,
1410 345 1506 388 puto,
1525 343 1606 377 aliis
1625 341 1846 386 temporibus

74 400 158 434 data
184 401 288 439 sunt;
317 410 386 442 quo
412 400 534 432 tamen
562 398 714 432 certiora
741 410 783 432 ac
809 399 968 432 firmiora
987 400 1119 439 essent,
1144 397 1324 431 Polancus
1344 396 1497 439 Borgiae
1516 396 1689 430 mandatu
1708 406 1750 428 ea
1776 406 1846 428 uno

74 452 284 497 complexus
311 454 365 486 est
392 451 545 496 scripto;
582 451 687 492 idem,
723 454 764 485 ut
789 451 943 493 videtur,
980 450 1123 486 Canisio
1149 450 1263 484 Roma
1298 450 1368 483 iam
1396 449 1431 483 in
1460 449 1690 483 Germaniam
1717 459 1846 482 versus

75 506 246 551 profecto,
274 506 448 550 scriptum
475 504 575 546 illud,
603 505 686 548 quia
712 507 857 549 tempus
882 507 966 539 ante
992 516 1061 538 non
1088 503 1315 548 suppetebat,
1351 502 1570 537 Florentiam
1596 502 1706 542 misit,
1733 503 1773 535 ut
1798 500 1847 535 ibi

75 561 111 594 in
137 559 271 594 Canisii
297 570 425 592 manus
451 558 608 599 veniret;
645 569 727 591 nam
755 557 814 592 ille
840 558 876 592 in
902 558 1045 598 litteris,
1072 569 1163 601 quas
1189 557 1302 591 Roma
1333 557 1384 590 11.
1413 556 1621 590 Decembris
1650 555 1741 589 1568
1767 554 1848 588 Flo—

74 612 308 647 rentiamad
345 612 526 647 Canisium
564 611 683 645 misit:
728 610 793 653 „Se
827 611 852 645 li
889 611 1101 652 mandano“,
1140 610 1267 654 inquit,
1307 609 1441 652 „anche
1480 609 1598 653 quelle
1636 607 1846 642 resolutioni

73 666 322 700 ultimamente
349 665 473 699 fatte.“
528 664 710 709 Scriptum
746 664 823 705 hoc,
861 675 1078 708 quamquam
1114 663 1270 708 epistula
1305 674 1375 696 non
1412 663 1477 702 est,
1514 662 1581 696 hoc
1613 664 1734 695 tamen
1769 660 1847 694 loco

74 719 228 765 ponitur,
256 719 340 763 quia
359 718 503 753 Canisio
530 718 678 762 perinde
705 729 746 751 ac
772 717 803 752 si
830 717 987 763 epistula
1005 719 1113 758 esset,
1139 716 1290 751 missum
1318 718 1383 757 est,
1410 718 1446 749 et
1473 715 1556 759 quia
1582 715 1627 749 ad
1653 716 1848 758 sequentes

75 773 248 818 epistulas
274 773 417 818 planius
444 771 708 815 intellegendas
734 771 816 805 usui
844 783 923 805 esse
950 773 1082 816 potest.

197 844 291 886 Quid
312 843 456 877 Canisio
479 843 695 876 Germaniae
712 842 912 885 superioris
938 846 967 875 et
993 841 1209 884 prouinciali
1234 844 1264 874 et
1282 840 1520 883 procuratori
1537 839 1671 873 Romae
1697 850 1719 871 α
1742 848 1849 881 prae-

69 899 186 942 posito
218 899 380 939 ,qenerali
413 907 619 940 responsum
655 897 701 929 sit
741 899 770 929 1.
799 896 840 928 de
875 897 1161 929 contionatorum
1188 895 1404 935 nintatione‚·
1441 895 1474 926 2.
1510 898 1540 927 ct
1567 896 1597 926 3.
1634 893 1676 926 de
1701 892 1850 936 „ordine

74 949 263 993 sedendi“,·
295 953 326 985 4.
353 952 395 983 de
419 951 665 993 professorum
691 949 994 992 exemptionibus‚·
1028 951 1059 981 5.
1087 949 1128 981 de
1152 952 1290 991 reyente
1316 947 1525 989 dilinyano;
1553 949 1582 979 6.
1611 947 1652 979 de
1679 945 1848 978 universi-

75 1005 159 1038 tatis
193 1005 400 1046 dilinqanae
434 1004 651 1046 disciplinm·
692 1005 724 1036 7.
761 1004 802 1036 de
830 1002 1140 1045 p›·omott'onibus;
1182 1003 1214 1034 8.
1251 1001 1292 1033 de
1329 1000 1458 1033 scholis
1495 999 1851 1043 inqolstadiensibns;

77 1061 108 1092 9.
135 1059 176 1091 de
198 1058 503 1101 profess-ionibns‚·
539 1058 594 1090 10.
624 1057 665 1089 de
691 1057 862 1098 magristro
888 1056 1108 1088 noviciorum
1120 1067 1134 1097 ‚·
1172 1056 1226 1088 11.
1254 1055 1296 1087 de
1324 1054 1467 1087 Cani-sii
1488 1054 1709 1097 profectione
1734 1052 1849 1084 herbi-

71 1113 232 1155 polensi;
267 1113 323 1146 12.
351 1112 391 1144 de
419 1111 456 1144 P.
479 1111 655 1147 Kleselio‚·
681 1111 736 1142 13.
764 1110 806 1142 de
830 1110 1042 1152 reqinarum
1068 1110 1107 1142 in
1134 1108 1319 1151 colleyinm
1344 1108 1532 1149 inore-ssu,-
1559 1109 1613 1140 14.
1641 1107 1683 1139 de
1712 1105 1850 1139 Canisii

73 1166 360 1208 provincialatn;
388 1167 441 1198 15.
470 1165 511 1197 de
536 1164 779 1197 matrimoniis
805 1163 1045 1196 clandestinis.

198 1241 419 1292 Quaedam
453 1255 479 1283 a
512 1241 558 1283 P.
593 1241 644 1283 D.
679 1239 849 1281 Canisio
883 1238 1147 1281 Prouinciali
1180 1238 1422 1293 Superioris
1456 1236 1715 1279 Germaniae
1749 1250 1849 1290 pro-

75 1307 218 1362 posita
249 1310 364 1356 sunt,
398 1306 565 1359 quibus,
601 1319 713 1359 quae
746 1308 987 1358 sequuntur
1020 1318 1231 1359 responsa
1262 1303 1454 1346 fuerunt.

193 1372 337 1414 Primo
380 1371 606 1426 proposuit
637 1385 693 1413 an
727 1371 955 1424 expediret
988 1370 1316 1412 concionatores
1349 1369 1466 1411 ultra
1498 1367 1732 1410 triennium
1765 1380 1850 1408 uno

75 1438 119 1480 in
150 1438 244 1479 loco
277 1436 469 1492 retinerj.
513 1437 787 1491 Responsum
820 1437 901 1486 est,
936 1450 1020 1477 non
1054 1449 1150 1477 esse
1183 1435 1379 1487 regulam
1413 1434 1465 1476 de
1490 1431 1732 1475 huiusmodi
1756 1445 1850 1473 mu-

75 1503 243 1545 tatione
275 1502 534 1553 faciendam,
568 1502 644 1544 sed
677 1501 948 1555 significetur
980 1501 1056 1552 eis,
1089 1501 1170 1542 hoc
1203 1512 1299 1542 esse
1322 1499 1591 1554 propositum
1616 1498 1662 1541 P.
1687 1497 1740 1540 N.
1767 1497 1851 1540 Ge-

76 1568 227 1623 neralj,
262 1571 311 1611 ut
343 1568 407 1610 ita
439 1570 653 1618 seruetur,
689 1570 733 1609 et
766 1567 898 1609 etiam
932 1568 1156 1608 mutentur
1189 1565 1382 1607 crebrius
1414 1565 1451 1606 si
1483 1564 1697 1606 uideatur.

194 1634 248 1676 Π.
283 1634 351 1675 An
385 1633 456 1687 qui
489 1634 750 1688 profitentur
783 1633 953 1685 aliquas
987 1631 1250 1685 disciplinas,
1292 1629 1442 1672 ordine
1474 1630 1667 1684 ipsarum
1699 1628 1851 1670 sedere

78 1699 264 1741 debeant
295 1699 339 1742 in
371 1699 555 1753 publicis
588 1699 771 1749 actibus,
806 1712 860 1740 an
884 1697 1028 1752 potius
1052 1697 1200 1739 ordine
1224 1695 1500 1749 antiquitatis
1522 1695 1565 1736 in
1590 1693 1808 1737 Societate
1824 1694 1850 1744 1,

77 1764 349 1819 Responsum
392 1767 459 1807 est
496 1764 539 1805 in
573 1764 756 1818 publicis
791 1763 960 1806 actibus
994 1762 1332 1816 disciplinarum,
1377 1761 1491 1803 domi
1524 1774 1628 1802 vero
1662 1759 1851 1812 antiqui-

77 1829 182 1872 tatis
224 1829 418 1872 ordinem
460 1843 555 1872 esse
597 1829 882 1878 seruandum3
925 1828 1040 1871 inter
1078 1828 1319 1881 graduatos
1353 1829 1512 1877 autem,
1556 1825 1629 1879 qui
1668 1825 1851 1880 publicis

76 1895 246 1937 actibus
286 1895 518 1945 intersunt,
561 1895 830 1948 antiquiores
863 1894 906 1935 in
940 1894 1091 1936 eodem
1126 1893 1265 1946 gradu
1298 1892 1439 1934 minus
1473 1891 1766 1944 antiquioresa
1790 1888 1850 1945 [P]

77 1961 359 2014 praecedere:
403 1960 474 2014 qui
516 1964 662 2003 autern
696 1960 941 2015 superiores
973 1962 1126 2002 tenent
1158 1959 1334 2012 gradus,
1378 1957 1642 2012 praecedent
1675 1970 1749 1998 eos
1781 1955 1854 2010 qui

77 2026 132 2068 ad
163 2025 393 2068 inferiores
425 2029 597 2069 tantum
632 2029 734 2068 sunt
766 2025 968 2079 promoti.

195 2091 271 2134 ΙΙΙ.
306 2091 372 2132 An
396 2091 616 2134 Praefecti
648 2091 889 2133 studiorum
924 2090 1186 2144 praecedere
1220 2089 1409 2131 debeant
1442 2088 1550 2130 alios
1573 2087 1852 2129 Professores

76 2156 121 2198 in
161 2146 344 2211 publicis
389 2157 572 2199 actibus.
627 2156 902 2211 Responsum
949 2158 1038 2198 est:
1086 2155 1200 2208 quod
1247 2158 1462 2208 quatenus
1494 2152 1711 2195 Praefecti
1753 2154 1855 2194 sunt

76 2223 338 2276 praecedere
371 2221 647 2264 Professores
681 2236 766 2263 non
799 2222 1010 2263 deberent
1041 2220 1085 2262 in
1118 2220 1288 2263 actibus
1321 2219 1447 2261 huius
1480 2218 1608 2268 modi,
1651 2217 1725 2260 sed
1760 2218 1853 2259 fieri

77 2287 304 2341 expediret
336 2287 519 2329 eundem
552 2287 842 2337 Praefectum,
877 2286 949 2340 qui
982 2289 1026 2328 et
1059 2284 1354 2328 Cancellarius
1388 2287 1456 2327 est
1487 2284 1530 2325 in
1562 2283 1723 2325 nostris
1748 2282 1853 2324 Vni-

80 2353 405 2402 uersitatibus2‚
440 2355 484 2394 et
515 2354 619 2394 tunc
651 2353 807 2395 merito
840 2352 1124 2406 praecederet
1157 2350 1449 2392 Professores.

195 2418 270 2463 IV.
316 2417 478 2467 Quibus
525 2417 569 2459 in
616 2418 746 2459 rebus
793 2418 982 2460 lectores
1030 2416 1247 2459 ordinarie
1295 2415 1427 2457 eximi
1480 2429 1505 2456 a
1556 2413 1854 2456 communibus

76 2483 239 2537 regulis
280 2485 324 2525 et
366 2483 463 2536 alijs
505 2483 708 2525 oneribus
750 2483 951 2525 debeant.
1025 2483 1298 2536 Responsum
1345 2484 1434 2523 est:
1486 2480 1600 2533 quod
1647 2479 1767 2521 nulla
1810 2479 1853 2520 in

76 2563 123 2590 re
171 2548 388 2590 ordinarie
436 2548 626 2591 debeant
673 2548 803 2590 eximi
852 2548 983 2601 officij
1032 2547 1227 2596 ratione3
1278 2546 1332 2588 ad
1381 2545 1658 2599 prudentiam
1706 2547 1852 2587 autem

196 2638 223 2666 a)
244 2636 291 2661 Sic
310 2643 375 2666 ιρις
395 2635 600 2666 corripendum
621 2642 681 2659 esse
702 2635 836 2659 ridetur:
856 2634 1011 2667 antiquos.

200 2745 208 2763 ¹
237 2742 352 2777 Huius
387 2745 424 2776 et
459 2744 629 2787 quattuor
664 2741 893 2786 sequentium
929 2740 1181 2785 quaestionum
1217 2739 1529 2785 proponendarum
1557 2740 1683 2773 auctor
1710 2738 1855 2773 Canisio

76 2796 146 2831 fuit
171 2796 413 2830 Theodoricus
452 2796 566 2841 ipsius
605 2795 719 2830 frater
757 2795 924 2839 idemque
959 2793 1211 2828 universitatis
1250 2792 1465 2837 collegiique
1505 2791 1679 2835 dilingani
1714 2794 1855 2833 rector;

77 2862 112 2884 v.
139 2861 249 2895 supra
274 2861 307 2894 p.
327 2850 528 2884 200—207.

197 2904 210 2924 ‘·'
237 2903 451 2937 Cancellarii
481 2903 550 2945 „sit
575 2914 715 2944 munus,
743 2901 912 2946 generale
939 2901 1106 2935 Rectoris
1132 2901 1412 2934 instrumentum
1441 2911 1520 2934 esse
1547 2899 1592 2933 ad
1618 2899 1740 2933 studia
1767 2899 1855 2933 bene

77 2956 284 2997 ordinanda,
321 2958 358 2990 et
383 2955 647 3001 disputationes
684 2956 718 2989 in
746 2955 888 2989 actibus
914 2954 1070 3000 publicis
1097 2954 1315 2997 dirigendas,
1353 2955 1388 2987 et
1415 2954 1459 2987 ad
1487 2953 1774 2993 discernendum,
1810 2964 1854 2986 an

76 3010 262 3044 sufficiens
288 3009 450 3043 doctrina
477 3010 525 3044 sit
551 3021 683 3051 eorum,
721 3010 782 3053 qui
809 3009 853 3042 ad
880 3010 983 3042 actus
1020 3011 1056 3042 et
1082 3007 1217 3051 gradus
1247 3009 1352 3052 (quos
1378 3007 1522 3051 quidem
1556 3006 1711 3052 ipsemet
1737 3006 1852 3049 dabit)

76 3065 162 3098 sunt
188 3063 445 3098 admittendi“:
473 3064 511 3098 S.
538 3064 714 3107 Iynutins,
742 3062 1029 3096 Constitutiones
1057 3060 1090 3096 S.
1107 3061 1139 3096 J.
1167 3061 1206 3097 Ρ.
1227 3062 1258 3103 4,
1287 3073 1316 3095 c.
1335 3062 1386 3103 17,
1415 3072 1448 3094 n.
1476 3061 1516 3101 2:
1545 3060 1590 3094 cf.
1619 3060 1727 3094 etiam
1755 3071 1784 3094 c.
1804 3060 1856 3101 13,

78 3127 112 3151 n.
139 3117 180 3157 4;
210 3128 239 3150 c.
262 3117 316 3157 15,
343 3128 378 3150 n.
398 3116 430 3150 1.
