2044 3335
165 112 249 153 436
660 109 760 143 1732.
789 108 953 143 Ganisius
980 109 1013 143 S.
1034 109 1222 144 Francisco
1248 109 1412 154 Borgiae.

164 229 302 270 partem
323 238 366 259 ex
385 224 569 264 Sacchino,
595 223 719 257 multis
746 226 865 258 tamen
893 224 1014 259 verbis
1040 225 1192 266 omissis,
1219 225 1448 271 transcripsit
1476 227 1610 270 Python
1633 225 1655 260 1.
1676 238 1705 261 c.
1724 227 1923 261 269—271.

164 279 328 324 Epistula
364 278 418 312 usi
450 279 535 311 suut
570 277 716 320 eiusque
750 277 947 322 particulas
983 281 1180 322 posuerunt
1213 280 1377 322 Doriyny
1411 279 1432 313 l.
1462 291 1490 313 0.
1517 279 1703 314 325-326
1740 279 1923 323 (gallice);

162 334 264 366 Riess
289 332 311 365 l.
340 343 369 365 0.
396 331 464 365 393
494 330 749 374 (gerinanice);
777 332 903 375 Boero,
931 331 1015 365 Can.
1043 331 1231 366 343—344
1259 332 1430 376 (italice);
1457 334 1597 375 Mic-hel,
1626 332 1711 367 Can.
1738 333 1923 368 366—367

182 384 325 428 gallice)
356 385 422 417 etc.

282 444 468 476 Rationem
508 444 626 476 reddit
663 443 749 476 Zz'bri
778 444 893 486 primi
928 445 1095 476 adversus
1124 444 1388 477 Centawiatores
1422 456 1443 477 a
1476 455 1510 477 se
1543 444 1680 488 scripti,
1716 446 1779 487 qui
1812 449 1857 478 est
1884 445 1924 478 de

164 498 299 530 Ioanne
317 496 491 538 Baptista.
540 496 614 529 Cur
639 497 730 530 alios
755 508 890 540 qaoque
915 497 1108 530 haereticos
1132 498 1402 540 impuynarerit.
1445 497 1520 531 Cur
1537 499 1648 531 multa
1667 498 1815 531 Patrum
1834 500 1924 531 testi-

163 551 282 583 monia
309 550 517 592 eonyesserit
552 554 581 582 et
616 561 717 592 saepe
750 550 1009 583 haeretieorum
1041 550 1146 583 verba
1165 552 1370 593 protulerit.
1422 552 1455 584 A
1479 552 1643 593 pontifice
1667 551 1923 593 indulgentiam

156 604 256 646 petit,
284 614 305 635 a
329 603 531 645 praeposito
554 604 714 645 yenerali
733 605 992 646 paenitentiam
1011 606 1169 646 accipere
1187 608 1354 646 paratus.
1391 604 1507 637 Multa
1534 604 1667 647 eolleqe't
1690 605 1737 636 ad
1755 605 1797 637 B.
1817 605 1866 638 M.
1887 605 1922 638 Γ.

163 656 429 697 defendendam.
480 656 581 697 Petit,
606 661 645 690 ut
671 657 760 689 liber
784 667 871 690 suus
898 657 1028 689 Romae
1062 657 1274 690 emendetur.
1324 657 1570 690 Libentissime
1595 668 1615 689 a
1642 658 1833 699 scriptione
1859 669 1923 691 ces-

162 709 263 742 sabit.
303 708 505 751 Bibliopola
532 714 764 752 (mamistanus,
791 711 894 742 euius
919 711 1076 753 impensa
1103 710 1192 742 liber
1217 711 1345 752 editur,
1372 721 1449 743 eum
1475 714 1556 742 ante
1582 711 1766 743 nundinas
1784 715 1924 743 aarum·

162 762 260 795 nates
287 762 430 804 recl-aare
456 773 526 795 non
552 763 634 796 vult.
688 763 745 796 Ad
771 764 991 796 cardinalem
1022 763 1212 796 Truchsess
1237 764 1313 796 eius
1338 764 1495 806 exempla
1522 765 1723 798 mittuntur.
1774 763 1922 806 Conpre-

160 816 257 858 yatio
278 816 523 858 provincialis.

318 881 346 932 ’ξ’
378 881 472 922 Pax
504 880 664 923 Christi
696 881 817 923 nobis
850 884 1041 932 aeterna,
1077 881 1305 924 admodum
1339 881 1593 924 Reuerende
1625 882 1769 925 Pater.

281 945 347 987 En
378 945 592 999 primitias
616 946 757 1000 operis
779 946 905 997 meil,
940 960 1047 999 quas
1073 947 1197 989 tarde
1231 947 1415 1000 quidem,
1449 947 1522 988 sed
1557 946 1722 989 utinam
1755 950 1924 989 mature

162 1009 269 1052 satis
309 1011 446 1053 edam.
501 1011 607 1053 adeo
641 1011 745 1053 nihil
778 1011 885 1054 satis
928 1012 1198 1054 elaboratum
1240 1014 1392 1054 contra
1432 1011 1674 1054 istiusmodi
1715 1012 1924 1054 sectarios

160 1075 241 1117 hoc
273 1078 481 1129 tempore,
516 1079 560 1118 et
591 1076 634 1117 in
666 1076 746 1119 tali
778 1079 1035 1129 argumento
1059 1077 1269 1118 conscribi
1301 1080 1346 1120 et
1368 1077 1435 1119 edi
1467 1091 1594 1132 posse
1617 1077 1816 1120 arbitror.
1861 1077 1924 1119 Ac

161 1140 370 1194 primum⁸
393 1140 564 1193 quidem
588 1155 612 1183 a
635 1141 730 1184 Pat.
754 1143 831 1184 tua
853 1142 1038 1195 supplex
1061 1142 1230 1184 ueniam
1254 1144 1368 1196 peto,
1393 1143 1505 1195 quod
1528 1142 1718 1185 fortasse
1749 1145 1926 1197 praeter

161 1209 350 1247 mentem
384 1208 427 1248 et
459 1220 635 1260 scopum
667 1206 852 1256 illorum,
887 1206 958 1259 qui
992 1207 1133 1260 operis
1165 1207 1290 1248 huius
1313 1207 1565 1249 conficiendi
1588 1208 1792 1250 authores
1821 1207 1924 1249 mihi

161 1271 294 1320 fuere,
329 1271 521 1312 laborem
544 1270 646 1312 mihi
669 1271 877 1321 auxerim,
909 1271 1131 1325 fusiusque
1153 1272 1380 1315 tractarim
1403 1272 1670 1326 propositum
1694 1286 1924 1325 argumen-

161 1337 253 1378 tum
267 1337 295 1378 2.
350 1335 442 1377 Nec
476 1335 586 1377 enim
621 1336 729 1378 satis
762 1336 904 1387 habui,
940 1351 1035 1378 cum
1066 1337 1169 1379 solis
1192 1337 1563 1379 Centuriatoribus
1596 1337 1815 1389 dimicare,
1849 1338 1925 1379 sed

162 1404 206 1443 et
228 1401 470 1454 complures
492 1401 613 1452 alios,
641 1401 896 1456 praecipuos
920 1401 1090 1455 quidem
1112 1402 1237 1444 huius
1260 1402 1419 1445 aetatis
1442 1402 1651 1444 sectarios
1673 1402 1715 1444 in
1738 1402 1922 1444 medium

162 1479 330 1519 quoque
362 1466 572 1520 pertraxi,
607 1469 651 1508 et
682 1480 760 1521 per
792 1467 1060 1509 occasionem
1085 1467 1400 1521 impugnandos
1432 1468 1596 1521 putaui,
1630 1482 1731 1510 uere
1763 1470 1811 1510 ut
1843 1468 1923 1510 hoc

162 1545 268 1585 opus
302 1531 353 1572 de
380 1532 635 1586 corruptelis
658 1532 779 1574 uerbi
803 1533 881 1574 Dei
904 1532 1211 1575 inscriberetur
1223 1534 1252 1575 3.
1297 1532 1461 1574 Deinde
1494 1547 1563 1574 res
1595 1532 1689 1587 ipsa
1721 1534 1925 1576 monebat

161 1596 269 1638 alios
309 1610 395 1638 non
435 1597 661 1651 praeteriri
675 1597 702 1647 b,
747 1611 927 1650 quorum
959 1598 1213 1648 sententias,
1257 1611 1425 1639 errores
1458 1601 1502 1640 et
1534 1599 1667 1640 uerba
1699 1598 1923 1641 Centuria-

161 1665 278 1704 tores
312 1662 608 1704 aemulantur:
652 1676 704 1704 ne
747 1662 936 1715 alioquin
968 1662 1030 1704 illi
1070 1662 1235 1705 frustra
1266 1663 1568 1705 incusarentur
1608 1663 1650 1704 in
1692 1663 1770 1714 his,
1815 1678 1924 1717 quae

163 1741 257 1768 cum
290 1727 387 1781 alijs
419 1727 704 1770 communiter
738 1728 906 1778 docent,
940 1728 1138 1781 maleque
1170 1728 1375 1771 sentiunt.
1441 1728 1623 1770 Prodest
1655 1728 1785 1770 etiam
1819 1730 1924 1771 haec

163 1792 486 1845 qualiscumque
528 1792 701 1835 collatio
743 1793 1058 1835 sententiarum
1099 1793 1141 1834 in
1184 1793 1314 1835 uerbo
1363 1793 1430 1834 dei
1478 1793 1826 1847 interpretando,
1878 1798 1924 1836 ut

163 1857 321 1899 rectius
344 1860 630 1910 cognoscatur
653 1858 845 1899 confusio
879 1861 923 1900 et
945 1858 1191 1900 absurditas
1224 1861 1268 1899 et
1290 1858 1490 1912 impietas
1523 1857 1781 1912 opinionum,
1817 1873 1925 1912 quas

163 1922 284 1963 nobis
306 1922 514 1965 inuehunt
536 1923 788 1976 aduersarij.
843 1924 901 1966 Et
927 1937 1052 1977 spero
1086 1923 1291 1973 futurum,
1326 1927 1374 1965 ut
1405 1930 1557 1977 soepeC
1589 1923 1726 1965 lector
1758 1938 1813 1965 ex
1845 1924 1925 1966 1100

163 2001 305 2041 opere,
339 1988 552 2040 quendam
585 1988 716 2029 animi
748 1988 968 2030 horrorem
1001 1988 1165 2039 induat,
1209 2003 1470 2042 prorsusque
1503 1989 1745 2030 detestetur
1776 1991 1843 2031 tot
1876 2004 1925 2031 ac

163 2055 311 2095 tantas
352 2052 532 2095 istorum
574 2053 930 2103 abominationes,
973 2068 1081 2106 quas
1112 2053 1155 2095 in
1187 2054 1454 2107 Euangelica
1486 2054 1692 2095 historiad
1723 2056 1812 2096 tam
1846 2055 1925 2096 im-

164 2117 376 2171 pudenter
408 2117 661 2161 admiscent.
727 2118 809 2159 Sed
850 2118 1037 2161 fortasse
1078 2119 1287 2172 prolixius
1321 2118 1390 2172 egi
1422 2119 1474 2161 de
1506 2119 1597 2160 solo
1629 2119 1818 2161 Joanne:
1862 2119 1927 2162 Sit

166 2182 228 2225 ita
261 2184 308 2224 ut
341 2182 408 2224 hic
431 2182 532 2224 mihi
565 2183 803 2237 plusculum
827 2183 1089 2233 indulserim,
1125 2183 1224 2225 dum
1248 2184 1434 2236 undique
1458 2183 1629 2237 arripio,
1663 2197 1773 2237 quae
1796 2198 1923 2237 argu-

166 2248 298 2289 menti
330 2248 541 2302 propositi
573 2248 777 2298 affinitas,
813 2251 857 2290 et
887 2248 1203 2290 haereticorum
1237 2249 1409 2291 uanitas
1442 2249 1761 2303 suppeditabat.
1815 2250 1925 2291 Jllu—

165 2312 302 2354 straui
325 2316 373 2354 ut
394 2327 534 2367 spero,
559 2314 584 2355 J
589 2312 740 2354 oannis
762 2313 999 2362 historiam,
1034 2313 1248 2356 adiunctis
1271 2313 1428 2366 ubique
1449 2314 1709 2368 testimonijs
1732 2314 1923 2364 Patrum,

282 2389 310 2414 a)
330 2387 492 2420 plurimum
512 2389 546 2412 B.
620 2386 650 2418 b)
671 2393 731 2412 non
751 2386 917 2419 praeterire
938 2386 1014 2412 alios
1034 2389 1068 2413 B.
1143 2389 1168 2419 c)
1190 2394 1279 2420 saepe
1300 2389 1326 2413 B
1347 2389 1374 2413 δ’,
1467 2387 1496 2419 d)
1518 2389 1656 2420 Sequitur·
1681 2387 1732 2413 isti
1760 2390 1804 2414 vel
1829 2390 1924 2415 simile

166 2437 199 2457 0.,
219 2429 307 2453 oblite.

288 2511 297 2530 ¹
334 2510 522 2554 Significat
560 2511 924 2552 „Commentariorum
961 2512 1002 2546 de
1029 2512 1138 2546 Verbi
1175 2512 1238 2546 Dei
1275 2512 1489 2558 corruptelis
1516 2513 1660 2547 Librum
1691 2513 1854 2558 primum,
1891 2515 1925 2547 in

167 2575 234 2607 quo
271 2564 312 2597 de
340 2591 346 2597 .
377 2591 383 2597 .
412 2590 420 2598 .
448 2564 589 2598 Ioannis
616 2564 802 2609 Baptistae
836 2565 988 2599 historia
1024 2565 1235 2608 evangelica.
1263 2594 1268 2599 .
1291 2593 1324 2599 ..
1352 2567 1627 2610 pertractatur⁴⁴,
1665 2565 1828 2610 Dilingae
1864 2578 1927 2612 per

167 2616 357 2650 Sebaldum
383 2617 509 2661 Mayer
536 2629 726 2659 excusum;
759 2618 804 2652 cf.
832 2618 935 2659 infra,
962 2630 1056 2653 mon.
1083 2618 1152 2653 litt.
1183 2619 1271 2662 (57).

285 2669 298 2689 2
325 2668 357 2703 S.
378 2670 463 2704 Pius
485 2670 527 2704 V.
555 2671 590 2704 id
616 2683 724 2705 unum
751 2683 814 2716 per
840 2672 1008 2715 Borgiam
1036 2671 1177 2706 Canisio
1204 2672 1448 2713 mandaverat,
1475 2676 1516 2705 ut
1541 2672 1715 2706 adversus
1742 2672 1923 2707 Centuria-

167 2723 262 2755 tores
289 2722 630 2767 Magdeburgenses‚
665 2724 748 2758 dum
779 2724 915 2769 plenior
943 2736 1063 2759 eorum
1091 2725 1260 2758 refutatio
1296 2727 1493 2769 pararetur,
1529 2725 1599 2758 cito
1635 2728 1861 2770 componeret
1887 2725 1926 2759 li-

168 2774 308 2811 bellum,
337 2787 404 2817 quo
431 2788 499 2810 non
525 2788 630 2821 posse
656 2777 700 2811 iis
727 2778 823 2812 credi
842 2778 1058 2819 ostenderet,
1086 2777 1260 2822 exemplis
1279 2778 1415 2822 aliquot
1439 2777 1723 2820 demonstrando,
1752 2780 1924 2822 quantum

170 2827 261 2860 inter
286 2839 324 2861 se
358 2828 424 2872 ipsi
452 2833 664 2872 pugnarent,
701 2842 806 2874 quam
842 2831 998 2865 absurda
1033 2832 1234 2875 proferrent
1260 2833 1326 2865 etc.
1356 2831 1461 2874 (Can.
1480 2830 1511 2864 V
1537 2831 1722 2866 480—481
1751 2835 1787 2866 et
1818 2843 1926 2876 supra

290 2933 302 2951 ³
338 2933 391 2966 Ita
434 2934 619 2977 impugnat
665 2935 823 2980 (praeter
862 2936 1145 2980 Centuriatores)
1186 2937 1351 2971 Iacobum
1395 2937 1559 2971 Andreae
1600 2937 1924 2980 (Schmidelinum),

170 2984 336 3018 Ioannem
374 2985 566 3027 Brentium,
602 2988 795 3022 Martinum
833 2989 1021 3029 Bucerum,
1058 2990 1224 3023 Ioannem
1251 2990 1450 3031 Calvinum,
1490 2990 1685 3024 Martinum
1721 2990 1925 3030 Lutherum,

170 3037 363 3124 georgilum
398 3039 587 3079 Maiorem,
628 3041 831 3086 Philippum
867 3042 1200 3084 Melanchthonem,
1237 3043 1425 3076 Erasmum
1462 3041 1682 3083 sarem-ium,
1719 3043 1925 3078 Udalricum

198 3102 291 3133 wing
309 3102 391 3124 1um.
