<?xml version="1.0" encoding="UTF-8"?>
<!DOCTYPE html PUBLIC "-//W3C//DTD XHTML 1.0 Transitional//EN"
    "http://www.w3.org/TR/xhtml1/DTD/xhtml1-transitional.dtd">
<html xmlns="http://www.w3.org/1999/xhtml" xml:lang="en" lang="en">
 <head>
  <title>
</title>
<meta http-equiv="Content-Type" content="text/html;charset=utf-8" />
  <meta name='ocr-system' content='tesseract 3.04.00' />
  <meta name='ocr-capabilities' content='ocr_page ocr_carea ocr_par ocr_line ocrx_word'/>
</head>
<body>
  <div class='ocr_page' id='page_1' title='image "beatipetricanisi06cani_0108.png"; bbox 0 0 2044 3335; ppageno 0'>
   <div class='ocr_carea' id='block_1_1' title="bbox 161 121 1369 166">
    <p class='ocr_par' dir='ltr' id='par_1_1' title="bbox 161 121 1369 166">
     <span class='ocr_line' id='line_1_1' title="bbox 161 121 1369 166; baseline -0.001 -9"><span class='ocrx_word' id='word_1_1' title='bbox 161 125 216 166; x_wconf 86' lang='lat'>34</span> <span class='ocrx_word' id='word_1_2' title='bbox 709 122 810 157; x_wconf 84' lang='lat'>1491.</span> <span class='ocrx_word' id='word_1_3' title='bbox 839 121 1004 156; x_wconf 79' lang='lat' dir='ltr'>Canisius</span> <span class='ocrx_word' id='word_1_4' title='bbox 1030 121 1185 156; x_wconf 85' lang='lat' dir='ltr'>Martino</span> <span class='ocrx_word' id='word_1_5' title='bbox 1213 121 1369 156; x_wconf 87' lang='lat' dir='ltr'>Cromer.</span> 
     </span>
    </p>
   </div>
   <div class='ocr_carea' id='block_1_2' title="bbox 374 241 1796 356">
    <p class='ocr_par' dir='ltr' id='par_1_2' title="bbox 374 241 1796 356">
     <span class='ocr_line' id='line_1_2' title="bbox 587 241 758 283; baseline 0 -1"><span class='ocrx_word' id='word_1_6' title='bbox 587 241 758 283; x_wconf 85' lang='lat' dir='ltr'>Jhesus.</span> 
     </span>
     <span class='ocr_line' id='line_1_3' title="bbox 374 310 1796 356; baseline 0.002 -3"><span class='ocrx_word' id='word_1_7' title='bbox 374 312 468 354; x_wconf 81' lang='lat' dir='ltr'>Pax</span> <span class='ocrx_word' id='word_1_8' title='bbox 502 311 658 354; x_wconf 85' lang='lat' dir='ltr'>Christi</span> <span class='ocrx_word' id='word_1_9' title='bbox 690 311 913 353; x_wconf 90' lang='lat' dir='ltr'>nobiscum</span> <span class='ocrx_word' id='word_1_10' title='bbox 947 314 1126 353; x_wconf 86' lang='lat' dir='ltr'>aeterna</span> <span class='ocrx_word' id='word_1_11' title='bbox 1158 310 1467 354; x_wconf 86' lang='lat' dir='ltr'>Colendissime</span> <span class='ocrx_word' id='word_1_12' title='bbox 1499 312 1681 355; x_wconf 83' lang='lat' dir='ltr'>Domine</span> <span class='ocrx_word' id='word_1_13' title='bbox 1714 315 1796 356; x_wconf 89' lang='lat' dir='ltr'>etc.</span> 
     </span>
    </p>
   </div>
   <div class='ocr_carea' id='block_1_3' title="bbox 160 392 1931 2404">
    <p class='ocr_par' dir='ltr' id='par_1_3' title="bbox 160 392 1931 2075">
     <span class='ocr_line' id='line_1_4' title="bbox 279 392 1931 446; baseline 0.001 -10"><span class='ocrx_word' id='word_1_14' title='bbox 279 394 391 436; x_wconf 89' lang='lat' dir='ltr'>Veni</span> <span class='ocrx_word' id='word_1_15' title='bbox 413 394 478 435; x_wconf 89' lang='lat' dir='ltr'>his</span> <span class='ocrx_word' id='word_1_16' title='bbox 502 394 652 435; x_wconf 88' lang='lat' dir='ltr'>diebus</span> <span class='ocrx_word' id='word_1_17' title='bbox 675 392 1003 446; x_wconf 87' lang='lat' dir='ltr'>Ingolstadium,</span> <span class='ocrx_word' id='word_1_18' title='bbox 1028 395 1073 435; x_wconf 90' lang='lat' dir='ltr'>et</span> <span class='ocrx_word' id='word_1_19' title='bbox 1095 393 1282 436; x_wconf 88' lang='lat' dir='ltr'>accessit</span> <span class='ocrx_word' id='word_1_20' title='bbox 1303 408 1372 436; x_wconf 90' lang='lat' dir='ltr'>me</span> <span class='ocrx_word' id='word_1_21' title='bbox 1394 394 1420 436; x_wconf 80' lang='lat' dir='ltr'>J</span> <span class='ocrx_word' id='word_1_22' title='bbox 1425 394 1616 436; x_wconf 92' lang='lat' dir='ltr'>ohannes</span> <span class='ocrx_word' id='word_1_23' title='bbox 1639 395 1825 438; x_wconf 86' lang='lat' dir='ltr'>Velitius</span> <span class='ocrx_word' id='word_1_24' title='bbox 1847 396 1931 438; x_wconf 91' lang='lat' dir='ltr'>Po-</span> 
     </span>
     <span class='ocr_line' id='line_1_5' title="bbox 160 457 1929 512; baseline 0.002 -12"><span class='ocrx_word' id='word_1_25' title='bbox 160 459 298 510; x_wconf 91' lang='lat' dir='ltr'>lonus,</span> <span class='ocrx_word' id='word_1_26' title='bbox 324 473 449 512; x_wconf 91' lang='lat' dir='ltr'>quem</span> <span class='ocrx_word' id='word_1_27' title='bbox 467 461 544 501; x_wconf 92' lang='lat' dir='ltr'>tua</span> <span class='ocrx_word' id='word_1_28' title='bbox 562 457 664 499; x_wconf 90' lang='lat' dir='ltr'>mihi</span> <span class='ocrx_word' id='word_1_29' title='bbox 683 458 872 511; x_wconf 75' lang='lat' dir='ltr'>dignitas</span> <span class='ocrx_word' id='word_1_30' title='bbox 895 457 1045 499; x_wconf 91' lang='lat' dir='ltr'>amicis</span> <span class='ocrx_word' id='word_1_31' title='bbox 1068 457 1206 500; x_wconf 90' lang='lat' dir='ltr'>literis</span> <span class='ocrx_word' id='word_1_32' title='bbox 1230 459 1561 502; x_wconf 90' lang='lat' dir='ltr'>commendauit.</span> <span class='ocrx_word' id='word_1_33' title='bbox 1595 460 1929 503; x_wconf 84' lang='lat' dir='ltr'>Adolescentem</span> 
     </span>
     <span class='ocr_line' id='line_1_6' title="bbox 160 522 1930 578; baseline 0.001 -12"><span class='ocrx_word' id='word_1_34' title='bbox 160 524 242 566; x_wconf 90' lang='lat' dir='ltr'>hac</span> <span class='ocrx_word' id='word_1_35' title='bbox 274 523 647 565; x_wconf 79' lang='lat' dir='ltr'>commendatione</span> <span class='ocrx_word' id='word_1_36' title='bbox 680 522 855 575; x_wconf 86' lang='lat' dir='ltr'>dignum</span> <span class='ocrx_word' id='word_1_37' title='bbox 889 524 1007 576; x_wconf 84' lang='lat' dir='ltr'>puto,</span> <span class='ocrx_word' id='word_1_38' title='bbox 1042 522 1113 575; x_wconf 92' lang='lat' dir='ltr'>qui</span> <span class='ocrx_word' id='word_1_39' title='bbox 1146 522 1189 564; x_wconf 91' lang='lat' dir='ltr'>in</span> <span class='ocrx_word' id='word_1_40' title='bbox 1211 523 1350 577; x_wconf 90' lang='lat' dir='ltr'>primo</span> <span class='ocrx_word' id='word_1_41' title='bbox 1373 524 1544 577; x_wconf 89' lang='lat' dir='ltr'>quidem</span> <span class='ocrx_word' id='word_1_42' title='bbox 1569 539 1803 578; x_wconf 88' lang='lat' dir='ltr'>congressu</span> <span class='ocrx_word' id='word_1_43' title='bbox 1825 526 1930 568; x_wconf 88' lang='lat' dir='ltr'>mihi</span> 
     </span>
     <span class='ocr_line' id='line_1_7' title="bbox 160 587 1930 643; baseline 0.002 -13"><span class='ocrx_word' id='word_1_44' title='bbox 160 603 246 630; x_wconf 88' lang='lat' dir='ltr'>non</span> <span class='ocrx_word' id='word_1_45' title='bbox 288 603 439 643; x_wconf 85' lang='lat' dir='ltr'>parum</span> <span class='ocrx_word' id='word_1_46' title='bbox 481 588 710 637; x_wconf 72' lang='lat' dir='ltr'>satisfecit,</span> <span class='ocrx_word' id='word_1_47' title='bbox 754 590 798 629; x_wconf 88' lang='lat' dir='ltr'>et</span> <span class='ocrx_word' id='word_1_48' title='bbox 836 587 888 629; x_wconf 90' lang='lat' dir='ltr'>de</span> <span class='ocrx_word' id='word_1_49' title='bbox 921 601 1004 640; x_wconf 92' lang='lat' dir='ltr'>quo</span> <span class='ocrx_word' id='word_1_50' title='bbox 1037 587 1175 630; x_wconf 78' lang='lat' dir='ltr'>nostri</span> <span class='ocrx_word' id='word_1_51' title='bbox 1208 588 1340 631; x_wconf 89' lang='lat' dir='ltr'>etiam</span> <span class='ocrx_word' id='word_1_52' title='bbox 1372 589 1453 631; x_wconf 91' lang='lat' dir='ltr'>hoc</span> <span class='ocrx_word' id='word_1_53' title='bbox 1484 590 1578 631; x_wconf 90' lang='lat' dir='ltr'>loco</span> <span class='ocrx_word' id='word_1_54' title='bbox 1611 590 1789 643; x_wconf 87' lang='lat' dir='ltr'>cupiunt</span> <span class='ocrx_word' id='word_1_55' title='bbox 1820 591 1930 633; x_wconf 87' lang='lat' dir='ltr'>bene</span> 
     </span>
     <span class='ocr_line' id='line_1_8' title="bbox 160 652 1929 707; baseline 0.002 -12"><span class='ocrx_word' id='word_1_56' title='bbox 160 654 330 702; x_wconf 76' lang='lat' dir='ltr'>mereri,</span> <span class='ocrx_word' id='word_1_57' title='bbox 372 652 629 707; x_wconf 90' lang='lat' dir='ltr'>praesertim</span> <span class='ocrx_word' id='word_1_58' title='bbox 664 655 712 695; x_wconf 90' lang='lat' dir='ltr'>ut</span> <span class='ocrx_word' id='word_1_59' title='bbox 745 652 1043 707; x_wconf 80' lang='lat' dir='ltr'>praestantiae</span> <span class='ocrx_word' id='word_1_60' title='bbox 1075 656 1178 695; x_wconf 90' lang='lat' dir='ltr'>tuae</span> <span class='ocrx_word' id='word_1_61' title='bbox 1211 655 1256 695; x_wconf 90' lang='lat' dir='ltr'>et</span> <span class='ocrx_word' id='word_1_62' title='bbox 1288 653 1391 695; x_wconf 88' lang='lat' dir='ltr'>mihi</span> <span class='ocrx_word' id='word_1_63' title='bbox 1424 654 1550 696; x_wconf 89' lang='lat' dir='ltr'>simul</span> <span class='ocrx_word' id='word_1_64' title='bbox 1583 655 1887 707; x_wconf 88' lang='lat' dir='ltr'>gratificentur</span> <span class='ocrx_word' id='word_1_65' title='bbox 1901 657 1929 699; x_wconf 83' lang='lat'>1.</span> 
     </span>
     <span class='ocr_line' id='line_1_9' title="bbox 161 716 1930 772; baseline 0.001 -11"><span class='ocrx_word' id='word_1_66' title='bbox 161 719 389 761; x_wconf 86' lang='lat' dir='ltr'>Caeterum</span> <span class='ocrx_word' id='word_1_67' title='bbox 422 732 610 771; x_wconf 89' lang='lat' dir='ltr'>agnosco</span> <span class='ocrx_word' id='word_1_68' title='bbox 644 717 824 759; x_wconf 85' lang='lat' dir='ltr'>amicam</span> <span class='ocrx_word' id='word_1_69' title='bbox 861 716 1315 772; x_wconf 81' lang='lat' dir='ltr'>expo[stu]lati0nem‚</span> <span class='ocrx_word' id='word_1_70' title='bbox 1350 733 1445 761; x_wconf 90' lang='lat' dir='ltr'>cum</span> <span class='ocrx_word' id='word_1_71' title='bbox 1475 733 1616 761; x_wconf 88' lang='lat' dir='ltr'>meum</span> <span class='ocrx_word' id='word_1_72' title='bbox 1638 719 1681 761; x_wconf 93' lang='lat' dir='ltr'>in</span> <span class='ocrx_word' id='word_1_73' title='bbox 1704 720 1930 763; x_wconf 89' lang='lat' dir='ltr'>scribendo</span> 
     </span>
     <span class='ocr_line' id='line_1_10' title="bbox 162 782 1930 838; baseline 0.002 -14"><span class='ocrx_word' id='word_1_74' title='bbox 162 783 379 825; x_wconf 88' lang='lat' dir='ltr'>silentium</span> <span class='ocrx_word' id='word_1_75' title='bbox 425 783 586 836; x_wconf 82' lang='lat' dir='ltr'>arguis,</span> <span class='ocrx_word' id='word_1_76' title='bbox 633 786 892 836; x_wconf 89' lang='lat' dir='ltr'>nostrasque</span> <span class='ocrx_word' id='word_1_77' title='bbox 935 782 1087 824; x_wconf 85' lang='lat' dir='ltr'>literas</span> <span class='ocrx_word' id='word_1_78' title='bbox 1130 783 1244 837; x_wconf 89' lang='lat' dir='ltr'>petis</span> <span class='ocrx_word' id='word_1_79' title='bbox 1291 784 1622 836; x_wconf 82' lang='lat' dir='ltr'>frequentiores.</span> <span class='ocrx_word' id='word_1_80' title='bbox 1686 785 1781 838; x_wconf 86' lang='lat' dir='ltr'>Ego</span> <span class='ocrx_word' id='word_1_81' title='bbox 1825 800 1930 828; x_wconf 89' lang='lat' dir='ltr'>uero</span> 
     </span>
     <span class='ocr_line' id='line_1_11' title="bbox 161 847 1929 902; baseline 0.002 -12"><span class='ocrx_word' id='word_1_82' title='bbox 161 848 311 890; x_wconf 90' lang='lat' dir='ltr'>multis</span> <span class='ocrx_word' id='word_1_83' title='bbox 343 851 387 890; x_wconf 90' lang='lat' dir='ltr'>et</span> <span class='ocrx_word' id='word_1_84' title='bbox 419 848 560 901; x_wconf 88' lang='lat' dir='ltr'>longis</span> <span class='ocrx_word' id='word_1_85' title='bbox 592 847 1015 901; x_wconf 83' lang='lat' dir='ltr'>peregrinationibus</span> <span class='ocrx_word' id='word_1_86' title='bbox 1048 849 1341 902; x_wconf 86' lang='lat' dir='ltr'>grauibusque</span> <span class='ocrx_word' id='word_1_87' title='bbox 1368 849 1588 891; x_wconf 89' lang='lat' dir='ltr'>laboribus</span> <span class='ocrx_word' id='word_1_88' title='bbox 1611 849 1674 892; x_wconf 87' lang='lat' dir='ltr'>ita</span> <span class='ocrx_word' id='word_1_89' title='bbox 1696 850 1929 901; x_wconf 88' lang='lat' dir='ltr'>distrahor,</span> 
     </span>
     <span class='ocr_line' id='line_1_12' title="bbox 161 913 1930 967; baseline 0.002 -13"><span class='ocrx_word' id='word_1_90' title='bbox 161 916 210 955; x_wconf 91' lang='lat' dir='ltr'>ut</span> <span class='ocrx_word' id='word_1_91' title='bbox 232 927 284 955; x_wconf 94' lang='lat' dir='ltr'>ne</span> <span class='ocrx_word' id='word_1_92' title='bbox 308 914 535 966; x_wconf 84' lang='lat' dir='ltr'>Augustae</span> <span class='ocrx_word' id='word_1_93' title='bbox 558 913 727 966; x_wconf 88' lang='lat' dir='ltr'>quidem</span> <span class='ocrx_word' id='word_1_94' title='bbox 753 913 914 955; x_wconf 91' lang='lat' dir='ltr'>diutius</span> <span class='ocrx_word' id='word_1_95' title='bbox 937 913 1210 955; x_wconf 82' lang='lat' dir='ltr'>Cathedrae2</span> <span class='ocrx_word' id='word_1_96' title='bbox 1233 914 1447 967; x_wconf 85' lang='lat' dir='ltr'>potuerim</span> <span class='ocrx_word' id='word_1_97' title='bbox 1481 914 1705 965; x_wconf 88' lang='lat' dir='ltr'>inseruire,</span> <span class='ocrx_word' id='word_1_98' title='bbox 1740 918 1784 957; x_wconf 90' lang='lat' dir='ltr'>et</span> <span class='ocrx_word' id='word_1_99' title='bbox 1817 930 1930 958; x_wconf 92' lang='lat' dir='ltr'>nunc</span> 
     </span>
     <span class='ocr_line' id='line_1_13' title="bbox 162 978 1930 1030; baseline 0.002 -11"><span class='ocrx_word' id='word_1_100' title='bbox 162 992 246 1020; x_wconf 90' lang='lat' dir='ltr'>uno</span> <span class='ocrx_word' id='word_1_101' title='bbox 290 979 333 1019; x_wconf 86' lang='lat' dir='ltr'>in</span> <span class='ocrx_word' id='word_1_102' title='bbox 378 979 471 1020; x_wconf 93' lang='lat' dir='ltr'>loco</span> <span class='ocrx_word' id='word_1_103' title='bbox 516 992 601 1019; x_wconf 90' lang='lat' dir='ltr'>non</span> <span class='ocrx_word' id='word_1_104' title='bbox 646 979 828 1020; x_wconf 88' lang='lat' dir='ltr'>multum</span> <span class='ocrx_word' id='word_1_105' title='bbox 871 978 1088 1020; x_wconf 83' lang='lat' dir='ltr'>haeream.</span> <span class='ocrx_word' id='word_1_106' title='bbox 1153 978 1268 1020; x_wconf 89' lang='lat' dir='ltr'>Nam</span> <span class='ocrx_word' id='word_1_107' title='bbox 1310 979 1390 1020; x_wconf 91' lang='lat' dir='ltr'>hac</span> <span class='ocrx_word' id='word_1_108' title='bbox 1432 981 1616 1030; x_wconf 85' lang='lat' dir='ltr'>aestate,</span> <span class='ocrx_word' id='word_1_109' title='bbox 1662 982 1711 1021; x_wconf 88' lang='lat' dir='ltr'>ut</span> <span class='ocrx_word' id='word_1_110' title='bbox 1755 984 1930 1023; x_wconf 87' lang='lat' dir='ltr'>caetera</span> 
     </span>
     <span class='ocr_line' id='line_1_14' title="bbox 163 1043 1929 1098; baseline 0.002 -14"><span class='ocrx_word' id='word_1_111' title='bbox 163 1044 374 1094; x_wconf 90' lang='lat' dir='ltr'>omittam,</span> <span class='ocrx_word' id='word_1_112' title='bbox 419 1043 702 1097; x_wconf 73' lang='lat' dir='ltr'>Herbipohm,</span> <span class='ocrx_word' id='word_1_113' title='bbox 736 1043 1022 1096; x_wconf 88' lang='lat' dir='ltr'>Moguntiam,</span> <span class='ocrx_word' id='word_1_114' title='bbox 1057 1043 1344 1086; x_wconf 89' lang='lat' dir='ltr'>Wormatiam</span> <span class='ocrx_word' id='word_1_115' title='bbox 1359 1045 1388 1093; x_wconf 86' lang='lat'>3,</span> <span class='ocrx_word' id='word_1_116' title='bbox 1423 1044 1606 1098; x_wconf 84' lang='lat' dir='ltr'>Spiram,</span> <span class='ocrx_word' id='word_1_117' title='bbox 1640 1044 1929 1098; x_wconf 86' lang='lat' dir='ltr'>Argentinam</span> 
     </span>
     <span class='ocr_line' id='line_1_15' title="bbox 164 1106 1930 1162; baseline 0.002 -13"><span class='ocrx_word' id='word_1_118' title='bbox 164 1106 247 1162; x_wconf 90' lang='lat' dir='ltr'>[et]</span> <span class='ocrx_word' id='word_1_119' title='bbox 273 1109 560 1161; x_wconf 80' lang='lat' dir='ltr'>Haganoam4</span> <span class='ocrx_word' id='word_1_120' title='bbox 592 1108 864 1162; x_wconf 81' lang='lat' dir='ltr'>peragraui5,</span> <span class='ocrx_word' id='word_1_121' title='bbox 899 1123 984 1150; x_wconf 88' lang='lat' dir='ltr'>non</span> <span class='ocrx_word' id='word_1_122' title='bbox 1016 1123 1113 1150; x_wconf 90' lang='lat' dir='ltr'>mea</span> <span class='ocrx_word' id='word_1_123' title='bbox 1145 1108 1315 1161; x_wconf 90' lang='lat' dir='ltr'>quidem</span> <span class='ocrx_word' id='word_1_124' title='bbox 1350 1109 1590 1160; x_wconf 88' lang='lat' dir='ltr'>uoluntate,</span> <span class='ocrx_word' id='word_1_125' title='bbox 1623 1111 1698 1151; x_wconf 90' lang='lat' dir='ltr'>sed</span> <span class='ocrx_word' id='word_1_126' title='bbox 1732 1111 1930 1161; x_wconf 89' lang='lat' dir='ltr'>aliorum,</span> 
     </span>
     <span class='ocr_line' id='line_1_16' title="bbox 163 1171 1930 1228; baseline 0.002 -14"><span class='ocrx_word' id='word_1_127' title='bbox 163 1174 235 1226; x_wconf 88' lang='lat' dir='ltr'>qui</span> <span class='ocrx_word' id='word_1_128' title='bbox 258 1173 473 1226; x_wconf 80' lang='lat' dir='ltr'>Religioni</span> <span class='ocrx_word' id='word_1_129' title='bbox 500 1171 652 1227; x_wconf 86' lang='lat' dir='ltr'>be[ne]</span> <span class='ocrx_word' id='word_1_130' title='bbox 687 1174 929 1216; x_wconf 89' lang='lat' dir='ltr'>consultum</span> <span class='ocrx_word' id='word_1_131' title='bbox 963 1174 1128 1224; x_wconf 92' lang='lat' dir='ltr'>uolunt,</span> <span class='ocrx_word' id='word_1_132' title='bbox 1163 1174 1431 1216; x_wconf 83' lang='lat' dir='ltr'>authoritate</span> <span class='ocrx_word' id='word_1_133' title='bbox 1462 1177 1700 1228; x_wconf 70' lang='lat' dir='ltr'>permotus</span> <span class='ocrx_word' id='word_1_134' title='bbox 1743 1175 1930 1218; x_wconf 89' lang='lat' dir='ltr'>Proinde</span> 
     </span>
     <span class='ocr_line' id='line_1_17' title="bbox 161 1236 1930 1295; baseline 0.002 -16"><span class='ocrx_word' id='word_1_135' title='bbox 161 1239 267 1280; x_wconf 90' lang='lat' dir='ltr'>nihil</span> <span class='ocrx_word' id='word_1_136' title='bbox 290 1252 370 1291; x_wconf 89' lang='lat' dir='ltr'>ego</span> <span class='ocrx_word' id='word_1_137' title='bbox 394 1238 635 1280; x_wconf 86' lang='lat' dir='ltr'>mirandum</span> <span class='ocrx_word' id='word_1_138' title='bbox 660 1236 914 1293; x_wconf 83' lang='lat' dir='ltr'>d[uxe]rim‚</span> <span class='ocrx_word' id='word_1_139' title='bbox 939 1239 974 1280; x_wconf 91' lang='lat' dir='ltr'>si</span> <span class='ocrx_word' id='word_1_140' title='bbox 996 1239 1146 1281; x_wconf 84' lang='lat' dir='ltr'>literas</span> <span class='ocrx_word' id='word_1_141' title='bbox 1170 1239 1396 1292; x_wconf 86' lang='lat' dir='ltr'>dignitatis</span> <span class='ocrx_word' id='word_1_142' title='bbox 1418 1242 1521 1282; x_wconf 89' lang='lat' dir='ltr'>tuae</span> <span class='ocrx_word' id='word_1_143' title='bbox 1543 1240 1682 1281; x_wconf 87' lang='lat' dir='ltr'>rarius</span> <span class='ocrx_word' id='word_1_144' title='bbox 1705 1241 1930 1295; x_wconf 87' lang='lat' dir='ltr'>accipiam,</span> 
     </span>
     <span class='ocr_line' id='line_1_18' title="bbox 163 1302 1931 1358; baseline 0.001 -12"><span class='ocrx_word' id='word_1_145' title='bbox 163 1307 206 1346; x_wconf 89' lang='lat' dir='ltr'>et</span> <span class='ocrx_word' id='word_1_146' title='bbox 247 1304 290 1345; x_wconf 92' lang='lat' dir='ltr'>in</span> <span class='ocrx_word' id='word_1_147' title='bbox 332 1303 620 1357; x_wconf 87' lang='lat' dir='ltr'>respondendi</span> <span class='ocrx_word' id='word_1_148' title='bbox 661 1317 838 1345; x_wconf 89' lang='lat' dir='ltr'>munere</span> <span class='ocrx_word' id='word_1_149' title='bbox 877 1304 978 1345; x_wconf 90' lang='lat' dir='ltr'>mihi</span> <span class='ocrx_word' id='word_1_150' title='bbox 1022 1302 1108 1358; x_wconf 90' lang='lat' dir='ltr'>[et]</span> <span class='ocrx_word' id='word_1_151' title='bbox 1151 1304 1301 1346; x_wconf 86' lang='lat' dir='ltr'>amicis</span> <span class='ocrx_word' id='word_1_152' title='bbox 1342 1319 1427 1346; x_wconf 92' lang='lat' dir='ltr'>non</span> <span class='ocrx_word' id='word_1_153' title='bbox 1469 1305 1625 1346; x_wconf 88' lang='lat' dir='ltr'>faciam</span> <span class='ocrx_word' id='word_1_154' title='bbox 1660 1306 1781 1348; x_wconf 88' lang='lat' dir='ltr'>satis.</span> <span class='ocrx_word' id='word_1_155' title='bbox 1845 1307 1931 1349; x_wconf 86' lang='lat' dir='ltr'>Cur</span> 
     </span>
     <span class='ocr_line' id='line_1_19' title="bbox 162 1369 1931 1422; baseline 0.001 -11"><span class='ocrx_word' id='word_1_156' title='bbox 162 1372 307 1411; x_wconf 86' lang='lat' dir='ltr'>autem</span> <span class='ocrx_word' id='word_1_157' title='bbox 350 1382 430 1421; x_wconf 89' lang='lat' dir='ltr'>ego</span> <span class='ocrx_word' id='word_1_158' title='bbox 473 1383 557 1410; x_wconf 90' lang='lat' dir='ltr'>non</span> <span class='ocrx_word' id='word_1_159' title='bbox 599 1383 752 1419; x_wconf 87' lang='lat' dir='ltr'>amem,</span> <span class='ocrx_word' id='word_1_160' title='bbox 796 1383 880 1410; x_wconf 92' lang='lat' dir='ltr'>non</span> <span class='ocrx_word' id='word_1_161' title='bbox 919 1383 1100 1410; x_wconf 88' lang='lat' dir='ltr'>uenerer</span> <span class='ocrx_word' id='word_1_162' title='bbox 1132 1369 1362 1411; x_wconf 87' lang='lat' dir='ltr'>Dominum</span> <span class='ocrx_word' id='word_1_163' title='bbox 1395 1384 1536 1411; x_wconf 88' lang='lat' dir='ltr'>meum</span> <span class='ocrx_word' id='word_1_164' title='bbox 1571 1370 1833 1422; x_wconf 88' lang='lat' dir='ltr'>Cromerum‚</span> <span class='ocrx_word' id='word_1_165' title='bbox 1876 1372 1931 1414; x_wconf 90' lang='lat' dir='ltr'>de</span> 
     </span>
     <span class='ocr_line' id='line_1_20' title="bbox 161 1434 1928 1488; baseline 0.001 -12"><span class='ocrx_word' id='word_1_166' title='bbox 161 1434 318 1488; x_wconf 89' lang='lat' dir='ltr'>patria,</span> <span class='ocrx_word' id='word_1_167' title='bbox 353 1434 405 1475; x_wconf 92' lang='lat' dir='ltr'>de</span> <span class='ocrx_word' id='word_1_168' title='bbox 438 1434 602 1486; x_wconf 84' lang='lat' dir='ltr'>Regno,</span> <span class='ocrx_word' id='word_1_169' title='bbox 647 1434 698 1475; x_wconf 92' lang='lat' dir='ltr'>de</span> <span class='ocrx_word' id='word_1_170' title='bbox 732 1434 958 1487; x_wconf 85' lang='lat' dir='ltr'>Religione</span> <span class='ocrx_word' id='word_1_171' title='bbox 995 1435 1174 1484; x_wconf 87' lang='lat' dir='ltr'>tamdiu,</span> <span class='ocrx_word' id='word_1_172' title='bbox 1216 1437 1394 1487; x_wconf 87' lang='lat' dir='ltr'>tamque</span> <span class='ocrx_word' id='word_1_173' title='bbox 1426 1435 1650 1488; x_wconf 85' lang='lat' dir='ltr'>praeclare</span> <span class='ocrx_word' id='word_1_174' title='bbox 1682 1436 1882 1479; x_wconf 88' lang='lat' dir='ltr'>meritum</span> <span class='ocrx_word' id='word_1_175' title='bbox 1898 1438 1928 1485; x_wconf 75' lang='grc'>6,</span> 
     </span>
     <span class='ocr_line' id='line_1_21' title="bbox 162 1499 1930 1554; baseline 0.002 -14"><span class='ocrx_word' id='word_1_176' title='bbox 162 1501 206 1542; x_wconf 81' lang='lat' dir='ltr'>et</span> <span class='ocrx_word' id='word_1_177' title='bbox 250 1499 322 1552; x_wconf 89' lang='lat' dir='ltr'>qui</span> <span class='ocrx_word' id='word_1_178' title='bbox 366 1512 412 1540; x_wconf 85' lang='lat' dir='ltr'>se</span> <span class='ocrx_word' id='word_1_179' title='bbox 457 1499 557 1540; x_wconf 91' lang='lat' dir='ltr'>mihi</span> <span class='ocrx_word' id='word_1_180' title='bbox 607 1499 805 1552; x_wconf 88' lang='lat' dir='ltr'>quamuis</span> <span class='ocrx_word' id='word_1_181' title='bbox 848 1499 1093 1542; x_wconf 87' lang='lat' dir='ltr'>immerenti</span> <span class='ocrx_word' id='word_1_182' title='bbox 1136 1501 1448 1553; x_wconf 86' lang='lat' dir='ltr'>perhumanum</span> <span class='ocrx_word' id='word_1_183' title='bbox 1494 1514 1665 1554; x_wconf 89' lang='lat' dir='ltr'>semper</span> <span class='ocrx_word' id='word_1_184' title='bbox 1708 1503 1930 1545; x_wconf 75' lang='lat' dir='ltr'>ostendit?</span> 
     </span>
     <span class='ocr_line' id='line_1_22' title="bbox 162 1564 1931 1618; baseline 0.001 -12"><span class='ocrx_word' id='word_1_185' title='bbox 162 1565 297 1606; x_wconf 88' lang='lat' dir='ltr'>Credo</span> <span class='ocrx_word' id='word_1_186' title='bbox 332 1566 475 1606; x_wconf 90' lang='lat' dir='ltr'>autem</span> <span class='ocrx_word' id='word_1_187' title='bbox 509 1564 589 1605; x_wconf 91' lang='lat' dir='ltr'>hoc</span> <span class='ocrx_word' id='word_1_188' title='bbox 620 1564 775 1618; x_wconf 84' lang='lat' dir='ltr'>pietati</span> <span class='ocrx_word' id='word_1_189' title='bbox 808 1567 910 1607; x_wconf 90' lang='lat' dir='ltr'>tuae</span> <span class='ocrx_word' id='word_1_190' title='bbox 942 1579 1109 1606; x_wconf 89' lang='lat' dir='ltr'>mecum</span> <span class='ocrx_word' id='word_1_191' title='bbox 1144 1579 1239 1607; x_wconf 89' lang='lat' dir='ltr'>esse</span> <span class='ocrx_word' id='word_1_192' title='bbox 1269 1579 1507 1615; x_wconf 88' lang='lat' dir='ltr'>commune,</span> <span class='ocrx_word' id='word_1_193' title='bbox 1542 1568 1590 1608; x_wconf 91' lang='lat' dir='ltr'>ut</span> <span class='ocrx_word' id='word_1_194' title='bbox 1612 1566 1737 1608; x_wconf 87' lang='lat' dir='ltr'>ambo</span> <span class='ocrx_word' id='word_1_195' title='bbox 1761 1581 1787 1608; x_wconf 91' lang='lat' dir='ltr'>a</span> <span class='ocrx_word' id='word_1_196' title='bbox 1809 1567 1931 1608; x_wconf 89' lang='lat' dir='ltr'>libris</span> 
     </span>
     <span class='ocr_line' id='line_1_23' title="bbox 163 1629 1930 1685; baseline 0.001 -13"><span class='ocrx_word' id='word_1_197' title='bbox 163 1632 207 1672; x_wconf 88' lang='lat' dir='ltr'>et</span> <span class='ocrx_word' id='word_1_198' title='bbox 247 1629 335 1672; x_wconf 93' lang='lat' dir='ltr'>otio</span> <span class='ocrx_word' id='word_1_199' title='bbox 377 1630 570 1672; x_wconf 84' lang='lat' dir='ltr'>literario</span> <span class='ocrx_word' id='word_1_200' title='bbox 614 1630 682 1671; x_wconf 91' lang='lat' dir='ltr'>uel</span> <span class='ocrx_word' id='word_1_201' title='bbox 723 1630 847 1672; x_wconf 90' lang='lat' dir='ltr'>inuiti</span> <span class='ocrx_word' id='word_1_202' title='bbox 886 1630 1205 1674; x_wconf 87' lang='lat' dir='ltr'>abstrahamur.</span> <span class='ocrx_word' id='word_1_203' title='bbox 1269 1630 1377 1679; x_wconf 81' lang='lat' dir='ltr'>Quid</span> <span class='ocrx_word' id='word_1_204' title='bbox 1410 1644 1513 1672; x_wconf 86' lang='lat' dir='ltr'>uero</span> <span class='ocrx_word' id='word_1_205' title='bbox 1546 1634 1637 1673; x_wconf 91' lang='lat' dir='ltr'>tum</span> <span class='ocrx_word' id='word_1_206' title='bbox 1670 1635 1854 1685; x_wconf 79' lang='lat' dir='ltr'>postea?</span> <span class='ocrx_word' id='word_1_207' title='bbox 1892 1633 1930 1674; x_wconf 92' lang='lat' dir='ltr'>si</span> 
     </span>
     <span class='ocr_line' id='line_1_24' title="bbox 161 1694 1928 1751; baseline 0.002 -16"><span class='ocrx_word' id='word_1_208' title='bbox 161 1697 311 1736; x_wconf 91' lang='lat' dir='ltr'>nostro</span> <span class='ocrx_word' id='word_1_209' title='bbox 343 1694 611 1736; x_wconf 89' lang='lat' dir='ltr'>incommodo</span> <span class='ocrx_word' id='word_1_210' title='bbox 645 1694 828 1737; x_wconf 87' lang='lat' dir='ltr'>aliorum</span> <span class='ocrx_word' id='word_1_211' title='bbox 861 1697 905 1738; x_wconf 88' lang='lat' dir='ltr'>et</span> <span class='ocrx_word' id='word_1_212' title='bbox 929 1695 1185 1749; x_wconf 88' lang='lat' dir='ltr'>praesertim</span> <span class='ocrx_word' id='word_1_213' title='bbox 1208 1696 1377 1749; x_wconf 87' lang='lat' dir='ltr'>patriae</span> <span class='ocrx_word' id='word_1_214' title='bbox 1400 1699 1444 1738; x_wconf 90' lang='lat' dir='ltr'>et</span> <span class='ocrx_word' id='word_1_215' title='bbox 1467 1696 1689 1738; x_wconf 87' lang='lat' dir='ltr'>Ecclesiae</span> <span class='ocrx_word' id='word_1_216' title='bbox 1711 1697 1928 1751; x_wconf 91' lang='lat' dir='ltr'>publicum</span> 
     </span>
     <span class='ocr_line' id='line_1_25' title="bbox 162 1759 1929 1813; baseline 0.002 -11"><span class='ocrx_word' id='word_1_217' title='bbox 162 1759 434 1802; x_wconf 86' lang='lat' dir='ltr'>commodum</span> <span class='ocrx_word' id='word_1_218' title='bbox 466 1759 549 1801; x_wconf 90' lang='lat' dir='ltr'>rite</span> <span class='ocrx_word' id='word_1_219' title='bbox 583 1774 898 1813; x_wconf 78' lang='lat' dir='ltr'>promonemus.</span> <span class='ocrx_word' id='word_1_220' title='bbox 961 1762 1021 1802; x_wconf 90' lang='lat' dir='ltr'>At</span> <span class='ocrx_word' id='word_1_221' title='bbox 1053 1761 1087 1802; x_wconf 91' lang='lat' dir='ltr'>si</span> <span class='ocrx_word' id='word_1_222' title='bbox 1122 1775 1207 1802; x_wconf 91' lang='lat' dir='ltr'>non</span> <span class='ocrx_word' id='word_1_223' title='bbox 1240 1761 1433 1803; x_wconf 86' lang='lat' dir='ltr'>succedit</span> <span class='ocrx_word' id='word_1_224' title='bbox 1465 1764 1671 1804; x_wconf 77' lang='lat' dir='ltr'>euentus¹³</span> <span class='ocrx_word' id='word_1_225' title='bbox 1701 1763 1824 1804; x_wconf 91' lang='lat' dir='ltr'>bonis</span> <span class='ocrx_word' id='word_1_226' title='bbox 1857 1777 1929 1805; x_wconf 88' lang='lat' dir='ltr'>co-</span> 
     </span>
     <span class='ocr_line' id='line_1_26' title="bbox 162 1825 1929 1877; baseline 0.002 -10"><span class='ocrx_word' id='word_1_227' title='bbox 162 1825 350 1875; x_wconf 89' lang='lat' dir='ltr'>natibus,</span> <span class='ocrx_word' id='word_1_228' title='bbox 384 1828 535 1867; x_wconf 89' lang='lat' dir='ltr'>nostra</span> <span class='ocrx_word' id='word_1_229' title='bbox 567 1825 738 1877; x_wconf 87' lang='lat' dir='ltr'>quidem</span> <span class='ocrx_word' id='word_1_230' title='bbox 772 1840 850 1867; x_wconf 91' lang='lat' dir='ltr'>nos</span> <span class='ocrx_word' id='word_1_231' title='bbox 883 1826 1134 1868; x_wconf 87' lang='lat' dir='ltr'>consolatur</span> <span class='ocrx_word' id='word_1_232' title='bbox 1166 1825 1453 1868; x_wconf 89' lang='lat' dir='ltr'>conscientia:</span> <span class='ocrx_word' id='word_1_233' title='bbox 1486 1840 1565 1868; x_wconf 91' lang='lat' dir='ltr'>nec</span> <span class='ocrx_word' id='word_1_234' title='bbox 1597 1826 1710 1870; x_wconf 89' lang='lat' dir='ltr'>sinet</span> <span class='ocrx_word' id='word_1_235' title='bbox 1733 1827 1929 1871; x_wconf 88' lang='lat' dir='ltr'>Christus</span> 
     </span>
     <span class='ocr_line' id='line_1_27' title="bbox 162 1889 1929 1945; baseline 0.002 -13"><span class='ocrx_word' id='word_1_236' title='bbox 162 1891 334 1932; x_wconf 87' lang='lat' dir='ltr'>labores</span> <span class='ocrx_word' id='word_1_237' title='bbox 365 1889 434 1943; x_wconf 89' lang='lat' dir='ltr'>pie</span> <span class='ocrx_word' id='word_1_238' title='bbox 466 1893 692 1944; x_wconf 83' lang='lat' dir='ltr'>susceptos</span> <span class='ocrx_word' id='word_1_239' title='bbox 725 1891 813 1932; x_wconf 90' lang='lat' dir='ltr'>suis</span> <span class='ocrx_word' id='word_1_240' title='bbox 847 1891 1043 1933; x_wconf 85' lang='lat' dir='ltr'>fraudari</span> <span class='ocrx_word' id='word_1_241' title='bbox 1074 1891 1290 1945; x_wconf 86' lang='lat' dir='ltr'>praemijs,</span> <span class='ocrx_word' id='word_1_242' title='bbox 1326 1893 1370 1933; x_wconf 92' lang='lat' dir='ltr'>et</span> <span class='ocrx_word' id='word_1_243' title='bbox 1402 1894 1530 1933; x_wconf 88' lang='lat' dir='ltr'>erunt</span> <span class='ocrx_word' id='word_1_244' title='bbox 1562 1891 1693 1944; x_wconf 87' lang='lat' dir='ltr'>aliqui</span> <span class='ocrx_word' id='word_1_245' title='bbox 1726 1892 1929 1945; x_wconf 86' lang='lat' dir='ltr'>fortasse,</span> 
     </span>
     <span class='ocr_line' id='line_1_28' title="bbox 163 1955 1929 2010; baseline 0.002 -13"><span class='ocrx_word' id='word_1_246' title='bbox 163 1955 235 2008; x_wconf 89' lang='lat' dir='ltr'>qui</span> <span class='ocrx_word' id='word_1_247' title='bbox 268 1955 346 1996; x_wconf 91' lang='lat' dir='ltr'>hoc</span> <span class='ocrx_word' id='word_1_248' title='bbox 380 1956 577 2008; x_wconf 79' lang='lat' dir='ltr'>exemplo</span> <span class='ocrx_word' id='word_1_249' title='bbox 601 1958 750 1997; x_wconf 89' lang='lat' dir='ltr'>nostro</span> <span class='ocrx_word' id='word_1_250' title='bbox 774 1960 850 1998; x_wconf 90' lang='lat' dir='ltr'>aut</span> <span class='ocrx_word' id='word_1_251' title='bbox 872 1956 1089 2007; x_wconf 87' lang='lat' dir='ltr'>iuuentur,</span> <span class='ocrx_word' id='word_1_252' title='bbox 1125 1959 1202 1998; x_wconf 92' lang='lat' dir='ltr'>aut</span> <span class='ocrx_word' id='word_1_253' title='bbox 1224 1956 1552 2007; x_wconf 86' lang='lat' dir='ltr'>admoneantur,</span> <span class='ocrx_word' id='word_1_254' title='bbox 1588 1957 1687 2010; x_wconf 87' lang='lat' dir='ltr'>quid</span> <span class='ocrx_word' id='word_1_255' title='bbox 1715 1957 1795 2000; x_wconf 88' lang='lat' dir='ltr'>hoc</span> <span class='ocrx_word' id='word_1_256' title='bbox 1817 1962 1929 2001; x_wconf 90' lang='lat' dir='ltr'>tem-</span> 
     </span>
     <span class='ocr_line' id='line_1_29' title="bbox 161 2020 1390 2075; baseline 0 -13"><span class='ocrx_word' id='word_1_257' title='bbox 161 2035 267 2075; x_wconf 91' lang='lat' dir='ltr'>pore</span> <span class='ocrx_word' id='word_1_258' title='bbox 301 2020 434 2061; x_wconf 89' lang='lat' dir='ltr'>bonos</span> <span class='ocrx_word' id='word_1_259' title='bbox 467 2024 619 2074; x_wconf 89' lang='lat' dir='ltr'>optare</span> <span class='ocrx_word' id='word_1_260' title='bbox 653 2023 697 2062; x_wconf 85' lang='lat' dir='ltr'>et</span> <span class='ocrx_word' id='word_1_261' title='bbox 728 2022 869 2062; x_wconf 86' lang='lat' dir='ltr'>moliri</span> <span class='ocrx_word' id='word_1_262' title='bbox 902 2022 1056 2063; x_wconf 90' lang='lat' dir='ltr'>deceat</span> <span class='ocrx_word' id='word_1_263' title='bbox 1089 2021 1390 2074; x_wconf 85' lang='lat' dir='ltr'>expediatque.</span> 
     </span>
    </p>

    <p class='ocr_par' dir='ltr' id='par_1_4' title="bbox 163 2085 1931 2404">
     <span class='ocr_line' id='line_1_30' title="bbox 281 2085 1928 2141; baseline 0.003 -15"><span class='ocrx_word' id='word_1_264' title='bbox 281 2085 345 2126; x_wconf 91' lang='lat' dir='ltr'>De</span> <span class='ocrx_word' id='word_1_265' title='bbox 377 2085 464 2127; x_wconf 88' lang='lat' dir='ltr'>tuis</span> <span class='ocrx_word' id='word_1_266' title='bbox 497 2086 869 2128; x_wconf 86' lang='lat' dir='ltr'>lucubrationibus</span> <span class='ocrx_word' id='word_1_267' title='bbox 902 2087 964 2128; x_wconf 88' lang='lat' dir='ltr'>ita</span> <span class='ocrx_word' id='word_1_268' title='bbox 996 2086 1153 2137; x_wconf 89' lang='lat' dir='ltr'>iudico,</span> <span class='ocrx_word' id='word_1_269' title='bbox 1187 2100 1278 2127; x_wconf 86' lang='lat' dir='ltr'>rem</span> <span class='ocrx_word' id='word_1_270' title='bbox 1313 2086 1535 2128; x_wconf 84' lang='lat' dir='ltr'>Ecclesiae</span> <span class='ocrx_word' id='word_1_271' title='bbox 1568 2087 1717 2129; x_wconf 91' lang='lat' dir='ltr'>utilem</span> <span class='ocrx_word' id='word_1_272' title='bbox 1750 2089 1858 2141; x_wconf 89' lang='lat' dir='ltr'>fore,</span> <span class='ocrx_word' id='word_1_273' title='bbox 1892 2090 1928 2132; x_wconf 89' lang='lat' dir='ltr'>si</span> 
     </span>
     <span class='ocr_line' id='line_1_31' title="bbox 163 2150 1929 2206; baseline 0.003 -15"><span class='ocrx_word' id='word_1_274' title='bbox 163 2165 274 2204; x_wconf 90' lang='lat' dir='ltr'>quae</span> <span class='ocrx_word' id='word_1_275' title='bbox 306 2150 349 2191; x_wconf 87' lang='lat' dir='ltr'>in</span> <span class='ocrx_word' id='word_1_276' title='bbox 382 2151 517 2191; x_wconf 84' lang='lat' dir='ltr'>sacris</span> <span class='ocrx_word' id='word_1_277' title='bbox 550 2151 760 2193; x_wconf 84' lang='lat' dir='ltr'>hactenus</span> <span class='ocrx_word' id='word_1_278' title='bbox 793 2152 978 2203; x_wconf 90' lang='lat' dir='ltr'>edidisti,</span> <span class='ocrx_word' id='word_1_279' title='bbox 1012 2152 1150 2206; x_wconf 88' lang='lat' dir='ltr'>primo</span> <span class='ocrx_word' id='word_1_280' title='bbox 1184 2166 1352 2205; x_wconf 91' lang='lat' dir='ltr'>quoque</span> <span class='ocrx_word' id='word_1_281' title='bbox 1385 2154 1581 2205; x_wconf 84' lang='lat' dir='ltr'>tempore</span> <span class='ocrx_word' id='word_1_282' title='bbox 1613 2152 1656 2194; x_wconf 93' lang='lat' dir='ltr'>in</span> <span class='ocrx_word' id='word_1_283' title='bbox 1688 2154 1826 2196; x_wconf 88' lang='lat' dir='ltr'>lucem</span> <span class='ocrx_word' id='word_1_284' title='bbox 1859 2169 1929 2197; x_wconf 89' lang='lat' dir='ltr'>re-</span> 
     </span>
     <span class='ocr_line' id='line_1_32' title="bbox 165 2216 1928 2270; baseline 0.002 -12"><span class='ocrx_word' id='word_1_285' title='bbox 165 2216 343 2268; x_wconf 85' lang='lat' dir='ltr'>cognita</span> <span class='ocrx_word' id='word_1_286' title='bbox 376 2216 492 2266; x_wconf 86' lang='lat' dir='ltr'>edas,</span> <span class='ocrx_word' id='word_1_287' title='bbox 528 2218 572 2257; x_wconf 90' lang='lat' dir='ltr'>et</span> <span class='ocrx_word' id='word_1_288' title='bbox 603 2216 645 2257; x_wconf 87' lang='lat' dir='ltr'>in</span> <span class='ocrx_word' id='word_1_289' title='bbox 680 2217 882 2258; x_wconf 89' lang='lat' dir='ltr'>uolumen</span> <span class='ocrx_word' id='word_1_290' title='bbox 916 2231 1047 2258; x_wconf 89' lang='lat' dir='ltr'>unum</span> <span class='ocrx_word' id='word_1_291' title='bbox 1081 2217 1225 2258; x_wconf 87' lang='lat' dir='ltr'>onmia</span> <span class='ocrx_word' id='word_1_292' title='bbox 1258 2217 1526 2270; x_wconf 82' lang='lat' dir='ltr'>conijcienda</span> <span class='ocrx_word' id='word_1_293' title='bbox 1559 2231 1695 2260; x_wconf 80' lang='lat' dir='ltr'>cures.</span> <span class='ocrx_word' id='word_1_294' title='bbox 1751 2219 1820 2261; x_wconf 82' lang='lat' dir='ltr'>Sic</span> <span class='ocrx_word' id='word_1_295' title='bbox 1852 2234 1928 2262; x_wconf 80' lang='lat' dir='ltr'>ex-</span> 
     </span>
     <span class='ocr_line' id='line_1_33' title="bbox 163 2281 1931 2337; baseline 0.003 -15"><span class='ocrx_word' id='word_1_296' title='bbox 163 2285 310 2323; x_wconf 88' lang='lat' dir='ltr'>tarent</span> <span class='ocrx_word' id='word_1_297' title='bbox 343 2281 562 2322; x_wconf 84' lang='lat' dir='ltr'>orationes</span> <span class='ocrx_word' id='word_1_298' title='bbox 595 2284 696 2323; x_wconf 85' lang='lat' dir='ltr'>tuae</span> <span class='ocrx_word' id='word_1_299' title='bbox 729 2281 905 2336; x_wconf 84' lang='lat' dir='ltr'>uar[ijs]</span> <span class='ocrx_word' id='word_1_300' title='bbox 940 2283 982 2323; x_wconf 91' lang='lat' dir='ltr'>in</span> <span class='ocrx_word' id='word_1_301' title='bbox 1015 2282 1122 2324; x_wconf 90' lang='lat' dir='ltr'>locis</span> <span class='ocrx_word' id='word_1_302' title='bbox 1154 2282 1329 2324; x_wconf 84' lang='lat' dir='ltr'>habitae</span> <span class='ocrx_word' id='word_1_303' title='bbox 1362 2285 1406 2323; x_wconf 91' lang='lat' dir='ltr'>et</span> <span class='ocrx_word' id='word_1_304' title='bbox 1438 2282 1640 2336; x_wconf 87' lang='lat' dir='ltr'>scriptae,</span> <span class='ocrx_word' id='word_1_305' title='bbox 1676 2286 1719 2325; x_wconf 92' lang='lat' dir='ltr'>et</span> <span class='ocrx_word' id='word_1_306' title='bbox 1742 2289 1931 2337; x_wconf 86' lang='lat' dir='ltr'>quatuor</span> 
     </span>
     <span class='ocr_line' id='line_1_34' title="bbox 165 2347 1929 2404; baseline 0.003 -17"><span class='ocrx_word' id='word_1_307' title='bbox 165 2347 507 2398; x_wconf 86' lang='lat' dir='ltr'>adiungerentur</span> <span class='ocrx_word' id='word_1_308' title='bbox 536 2347 758 2399; x_wconf 82' lang='lat' dir='ltr'>Colloquia</span> <span class='ocrx_word' id='word_1_309' title='bbox 791 2362 885 2389; x_wconf 90' lang='lat' dir='ltr'>cum</span> <span class='ocrx_word' id='word_1_310' title='bbox 920 2348 1029 2401; x_wconf 68' lang='lat' dir='ltr'>alijs,</span> <span class='ocrx_word' id='word_1_311' title='bbox 1064 2361 1174 2400; x_wconf 89' lang='lat' dir='ltr'>quae</span> <span class='ocrx_word' id='word_1_312' title='bbox 1207 2351 1359 2389; x_wconf 87' lang='lat' dir='ltr'>contra</span> <span class='ocrx_word' id='word_1_313' title='bbox 1393 2347 1668 2389; x_wconf 84' lang='lat' dir='ltr'>Orichouium</span> <span class='ocrx_word' id='word_1_314' title='bbox 1703 2350 1929 2404; x_wconf 87' lang='lat' dir='ltr'>scripsisti,</span> 
     </span>
    </p>
   </div>
   <div class='ocr_carea' id='block_1_4' title="bbox 164 2444 1930 2510">
    <p class='ocr_par' dir='ltr' id='par_1_5' title="bbox 164 2444 1930 2510">
     <span class='ocr_line' id='line_1_35' title="bbox 282 2444 1930 2479; baseline 0.002 -10"><span class='ocrx_word' id='word_1_315' title='bbox 282 2446 311 2473; x_wconf 78' lang='lat' dir='ltr'>a)</span> <span class='ocrx_word' id='word_1_316' title='bbox 332 2446 378 2468; x_wconf 77' lang='lat' dir='ltr'>Ita</span> <span class='ocrx_word' id='word_1_317' title='bbox 399 2452 434 2468; x_wconf 70' lang='lat' dir='ltr'>ea:</span> <span class='ocrx_word' id='word_1_318' title='bbox 454 2444 591 2474; x_wconf 82' lang='lat' dir='ltr'>conatus,</span> <span class='ocrx_word' id='word_1_319' title='bbox 620 2446 694 2476; x_wconf 69' lang='lat' dir='ltr'>quod</span> <span class='ocrx_word' id='word_1_320' title='bbox 721 2449 762 2469; x_wconf 79' lang='lat' dir='ltr'>cst</span> <span class='ocrx_word' id='word_1_321' title='bbox 791 2446 818 2469; x_wconf 76' lang='lat' dir='ltr'>in</span> <span class='ocrx_word' id='word_1_322' title='bbox 848 2447 936 2476; x_wconf 68' lang='lat' dir='ltr'>arch„</span> <span class='ocrx_word' id='word_1_323' title='bbox 966 2449 1126 2471; x_wconf 70' lang='lat' dir='ltr'>correctum</span> <span class='ocrx_word' id='word_1_324' title='bbox 1156 2445 1248 2470; x_wconf 75' lang='lat' dir='ltr'>estin</span> <span class='ocrx_word' id='word_1_325' title='bbox 1269 2446 1456 2475; x_wconf 73' lang='grc' dir='ltr'>Ραεῖονιιῖὺῖ.,</span> <span class='ocrx_word' id='word_1_326' title='bbox 1487 2446 1581 2477; x_wconf 77' lang='lat' dir='ltr'>idque,</span> <span class='ocrx_word' id='word_1_327' title='bbox 1609 2449 1637 2470; x_wconf 74' lang='lat'>111</span> <span class='ocrx_word' id='word_1_328' title='bbox 1664 2447 1795 2477; x_wconf 59' lang='lat' dir='ltr'>equidem</span> <span class='ocrx_word' id='word_1_329' title='bbox 1821 2455 1930 2479; x_wconf 69' lang='lat' dir='ltr'>censeo,</span> 
     </span>
     <span class='ocr_line' id='line_1_36' title="bbox 164 2486 384 2510; baseline 0.005 -1"><span class='ocrx_word' id='word_1_330' title='bbox 164 2486 281 2510; x_wconf 76' lang='lat' dir='ltr'>omniuo</span> <span class='ocrx_word' id='word_1_331' title='bbox 302 2489 384 2510; x_wconf 75' lang='lat' dir='ltr'>recle.</span> 
     </span>
    </p>
   </div>
   <div class='ocr_carea' id='block_1_5' title="bbox 165 2558 247 2559">
    <p class='ocr_par' dir='ltr' id='par_1_6' title="bbox 165 2558 247 2559">
     <span class='ocr_line' id='line_1_37' title="bbox 165 2558 247 2559; baseline 0 0"><span class='ocrx_word' id='word_1_332' title='bbox 165 2558 247 2559; x_wconf 95' lang='lat' dir='ltr'> </span> 
     </span>
    </p>
   </div>
   <div class='ocr_carea' id='block_1_6' title="bbox 165 2609 1930 2878">
    <p class='ocr_par' dir='ltr' id='par_1_7' title="bbox 287 2609 779 2644">
     <span class='ocr_line' id='line_1_38' title="bbox 287 2609 779 2644; baseline 0.004 -2"><span class='ocrx_word' id='word_1_333' title='bbox 287 2610 296 2629; x_wconf 82' lang='lat'><em>¹</em></span> <span class='ocrx_word' id='word_1_334' title='bbox 324 2609 377 2643; x_wconf 83' lang='lat' dir='ltr'>Cf.</span> <span class='ocrx_word' id='word_1_335' title='bbox 409 2611 494 2643; x_wconf 76' lang='lat' dir='ltr'>Can.</span> <span class='ocrx_word' id='word_1_336' title='bbox 523 2610 554 2643; x_wconf 94' lang='lat' dir='ltr'>V</span> <span class='ocrx_word' id='word_1_337' title='bbox 580 2610 779 2644; x_wconf 80' lang='lat'>495—496.</span> 
     </span>
    </p>

    <p class='ocr_par' dir='ltr' id='par_1_8' title="bbox 165 2668 1927 2765">
     <span class='ocr_line' id='line_1_39' title="bbox 284 2668 1927 2713; baseline 0.002 -12"><span class='ocrx_word' id='word_1_338' title='bbox 284 2669 296 2688; x_wconf 77' lang='lat'><strong>2</strong></span> <span class='ocrx_word' id='word_1_339' title='bbox 323 2668 587 2702; x_wconf 82' lang='lat' dir='ltr'>Contionatoris</span> <span class='ocrx_word' id='word_1_340' title='bbox 613 2669 832 2703; x_wconf 83' lang='lat' dir='ltr'>cathedralis</span> <span class='ocrx_word' id='word_1_341' title='bbox 868 2670 984 2704; x_wconf 89' lang='lat' dir='ltr'>officio</span> <span class='ocrx_word' id='word_1_342' title='bbox 1019 2681 1064 2703; x_wconf 91' lang='lat' dir='ltr'>m.</span> <span class='ocrx_word' id='word_1_343' title='bbox 1093 2669 1182 2703; x_wconf 91' lang='lat' dir='ltr'>Iulio</span> <span class='ocrx_word' id='word_1_344' title='bbox 1211 2670 1301 2704; x_wconf 81' lang='lat'>1566</span> <span class='ocrx_word' id='word_1_345' title='bbox 1337 2681 1401 2713; x_wconf 88' lang='lat' dir='ltr'>per</span> <span class='ocrx_word' id='word_1_346' title='bbox 1437 2669 1476 2703; x_wconf 90' lang='lat' dir='ltr'>P.</span> <span class='ocrx_word' id='word_1_347' title='bbox 1502 2668 1668 2702; x_wconf 85' lang='lat' dir='ltr'>Natalem</span> <span class='ocrx_word' id='word_1_348' title='bbox 1703 2669 1927 2705; x_wconf 79' lang='lat' dir='ltr'>visitatorem</span> 
     </span>
     <span class='ocr_line' id='line_1_40' title="bbox 165 2720 1081 2765; baseline 0.002 -11"><span class='ocrx_word' id='word_1_349' title='bbox 165 2721 308 2754; x_wconf 85' lang='lat' dir='ltr'>levatus</span> <span class='ocrx_word' id='word_1_350' title='bbox 335 2724 412 2754; x_wconf 77' lang='lat' dir='ltr'>erat</span> <span class='ocrx_word' id='word_1_351' title='bbox 441 2722 546 2762; x_wconf 79' lang='lat' dir='ltr'>(Can.</span> <span class='ocrx_word' id='word_1_352' title='bbox 574 2721 605 2755; x_wconf 93' lang='lat' dir='ltr'>V</span> <span class='ocrx_word' id='word_1_353' title='bbox 632 2722 700 2756; x_wconf 61' lang='lat'>285</span> <span class='ocrx_word' id='word_1_354' title='bbox 728 2722 824 2765; x_wconf 78' lang='lat'>572).</span> <span class='ocrx_word' id='word_1_355' title='bbox 1079 2720 1081 2722; x_wconf 55' lang='grc'><strong>’</strong></span> 
     </span>
    </p>

    <p class='ocr_par' dir='ltr' id='par_1_9' title="bbox 166 2780 1930 2878">
     <span class='ocr_line' id='line_1_41' title="bbox 285 2780 1930 2827; baseline 0.004 -15"><span class='ocrx_word' id='word_1_356' title='bbox 285 2781 297 2799; x_wconf 81' lang='lat'>³</span> <span class='ocrx_word' id='word_1_357' title='bbox 324 2780 393 2813; x_wconf 79' lang='lat' dir='ltr'>PP.</span> <span class='ocrx_word' id='word_1_358' title='bbox 422 2780 586 2814; x_wconf 78' lang='lat' dir='ltr'>Canisius</span> <span class='ocrx_word' id='word_1_359' title='bbox 623 2783 657 2814; x_wconf 86' lang='lat' dir='ltr'>et</span> <span class='ocrx_word' id='word_1_360' title='bbox 684 2781 812 2822; x_wconf 82' lang='lat' dir='ltr'>Vinck‚</span> <span class='ocrx_word' id='word_1_361' title='bbox 850 2793 929 2815; x_wconf 87' lang='lat' dir='ltr'>cum</span> <span class='ocrx_word' id='word_1_362' title='bbox 966 2782 997 2816; x_wconf 84' lang='lat'>5.</span> <span class='ocrx_word' id='word_1_363' title='bbox 1025 2784 1060 2815; x_wconf 88' lang='lat' dir='ltr'>et</span> <span class='ocrx_word' id='word_1_364' title='bbox 1087 2783 1118 2816; x_wconf 88' lang='lat'>6.</span> <span class='ocrx_word' id='word_1_365' title='bbox 1146 2781 1226 2815; x_wconf 86' lang='lat' dir='ltr'>Iulii</span> <span class='ocrx_word' id='word_1_366' title='bbox 1257 2782 1345 2815; x_wconf 77' lang='lat'>1567</span> <span class='ocrx_word' id='word_1_367' title='bbox 1372 2780 1560 2823; x_wconf 83' lang='lat' dir='ltr'>Moguntia</span> <span class='ocrx_word' id='word_1_368' title='bbox 1595 2780 1734 2825; x_wconf 86' lang='lat' dir='ltr'>Spiram</span> <span class='ocrx_word' id='word_1_369' title='bbox 1771 2784 1930 2827; x_wconf 84' lang='lat' dir='ltr'>proficis-</span> 
     </span>
     <span class='ocr_line' id='line_1_42' title="bbox 166 2832 1679 2878; baseline 0.003 -13"><span class='ocrx_word' id='word_1_370' title='bbox 166 2836 341 2871; x_wconf 75' lang='lat' dir='ltr'>cerentur,</span> <span class='ocrx_word' id='word_1_371' title='bbox 369 2845 431 2876; x_wconf 78' lang='lat' dir='ltr'>per</span> <span class='ocrx_word' id='word_1_372' title='bbox 458 2832 694 2867; x_wconf 63' lang='lat' dir='ltr'>&#39;Wormatiam</span> <span class='ocrx_word' id='word_1_373' title='bbox 725 2834 902 2878; x_wconf 62' lang='lat' dir='ltr'>(WVorms)</span> <span class='ocrx_word' id='word_1_374' title='bbox 932 2835 1107 2869; x_wconf 85' lang='lat' dir='ltr'>transisse</span> <span class='ocrx_word' id='word_1_375' title='bbox 1135 2835 1320 2874; x_wconf 60' lang='lat' dir='ltr'>videnum</span> <span class='ocrx_word' id='word_1_376' title='bbox 1351 2834 1396 2868; x_wconf 88' lang='lat' dir='ltr'>cf.</span> <span class='ocrx_word' id='word_1_377' title='bbox 1427 2834 1514 2868; x_wconf 77' lang='lat' dir='ltr'>Can,</span> <span class='ocrx_word' id='word_1_378' title='bbox 1542 2833 1573 2866; x_wconf 92' lang='lat' dir='ltr'>V</span> <span class='ocrx_word' id='word_1_379' title='bbox 1601 2834 1679 2869; x_wconf 76' lang='lat'>854.</span> 
     </span>
    </p>
   </div>
   <div class='ocr_carea' id='block_1_7' title="bbox 164 2891 1930 3150">
    <p class='ocr_par' dir='ltr' id='par_1_10' title="bbox 164 2891 1930 3042">
     <span class='ocr_line' id='line_1_43' title="bbox 286 2891 1930 2937; baseline 0.004 -14"><span class='ocrx_word' id='word_1_380' title='bbox 286 2893 297 2910; x_wconf 72' lang='lat'>‘¹</span> <span class='ocrx_word' id='word_1_381' title='bbox 324 2891 497 2933; x_wconf 82' lang='lat' dir='ltr'>Hagenoa</span> <span class='ocrx_word' id='word_1_382' title='bbox 526 2893 746 2935; x_wconf 78' lang='lat' dir='ltr'>(Hagenau)‚</span> <span class='ocrx_word' id='word_1_383' title='bbox 783 2894 868 2927; x_wconf 83' lang='lat' dir='ltr'>urbs</span> <span class='ocrx_word' id='word_1_384' title='bbox 894 2893 1006 2927; x_wconf 86' lang='lat' dir='ltr'>libera</span> <span class='ocrx_word' id='word_1_385' title='bbox 1033 2893 1196 2927; x_wconf 87' lang='lat' dir='ltr'>Alsatiae</span> <span class='ocrx_word' id='word_1_386' title='bbox 1223 2893 1412 2932; x_wconf 85' lang='lat' dir='ltr'>inferioris,</span> <span class='ocrx_word' id='word_1_387' title='bbox 1443 2904 1535 2926; x_wconf 85' lang='lat' dir='ltr'>anno</span> <span class='ocrx_word' id='word_1_388' title='bbox 1565 2893 1655 2926; x_wconf 79' lang='lat'>1565</span> <span class='ocrx_word' id='word_1_389' title='bbox 1682 2896 1930 2937; x_wconf 84' lang='lat' dir='ltr'>protestantis-</span> 
     </span>
     <span class='ocr_line' id='line_1_44' title="bbox 164 2945 1930 2992; baseline 0.003 -16"><span class='ocrx_word' id='word_1_390' title='bbox 164 2956 262 2977; x_wconf 86' lang='lat' dir='ltr'>mum</span> <span class='ocrx_word' id='word_1_391' title='bbox 288 2947 506 2988; x_wconf 81' lang='lat' dir='ltr'>susceperat.</span> <span class='ocrx_word' id='word_1_392' title='bbox 542 2946 724 2987; x_wconf 79' lang='lat' dir='ltr'>Austriaci</span> <span class='ocrx_word' id='word_1_393' title='bbox 751 2948 882 2988; x_wconf 79' lang='lat' dir='ltr'>tamen,</span> <span class='ocrx_word' id='word_1_394' title='bbox 910 2948 969 2990; x_wconf 89' lang='lat' dir='ltr'>qui</span> <span class='ocrx_word' id='word_1_395' title='bbox 988 2947 1035 2980; x_wconf 90' lang='lat' dir='ltr'>ibi</span> <span class='ocrx_word' id='word_1_396' title='bbox 1055 2947 1277 2990; x_wconf 79' lang='lat' dir='ltr'>praefectum</span> <span class='ocrx_word' id='word_1_397' title='bbox 1299 2946 1567 2988; x_wconf 83' lang='lat' dir='ltr'>(„Landvogt“)</span> <span class='ocrx_word' id='word_1_398' title='bbox 1588 2945 1750 2979; x_wconf 88' lang='lat' dir='ltr'>Alsatiae</span> <span class='ocrx_word' id='word_1_399' title='bbox 1769 2947 1930 2992; x_wconf 86' lang='lat' dir='ltr'>aliosque</span> 
     </span>
     <span class='ocr_line' id='line_1_45' title="bbox 165 2996 1797 3042; baseline 0.002 -11"><span class='ocrx_word' id='word_1_400' title='bbox 165 2996 340 3031; x_wconf 81' lang='lat' dir='ltr'>officiales</span> <span class='ocrx_word' id='word_1_401' title='bbox 367 2996 557 3039; x_wconf 87' lang='lat' dir='ltr'>habebant,</span> <span class='ocrx_word' id='word_1_402' title='bbox 586 2998 799 3032; x_wconf 85' lang='lat' dir='ltr'>catholicam</span> <span class='ocrx_word' id='word_1_403' title='bbox 827 3000 1036 3042; x_wconf 84' lang='lat' dir='ltr'>religionem</span> <span class='ocrx_word' id='word_1_404' title='bbox 1064 3011 1278 3034; x_wconf 85' lang='lat' dir='ltr'>conservare</span> <span class='ocrx_word' id='word_1_405' title='bbox 1306 3001 1341 3032; x_wconf 84' lang='lat' dir='ltr'>et</span> <span class='ocrx_word' id='word_1_406' title='bbox 1367 2999 1568 3032; x_wconf 86' lang='lat' dir='ltr'>instaurare</span> <span class='ocrx_word' id='word_1_407' title='bbox 1594 2998 1797 3034; x_wconf 84' lang='lat' dir='ltr'>studebant.</span> 
     </span>
    </p>

    <p class='ocr_par' dir='ltr' id='par_1_11' title="bbox 285 3055 911 3092">
     <span class='ocr_line' id='line_1_46' title="bbox 285 3055 911 3092; baseline 0.008 -5"><span class='ocrx_word' id='word_1_408' title='bbox 285 3056 298 3075; x_wconf 78' lang='lat'>⁵</span> <span class='ocrx_word' id='word_1_409' title='bbox 324 3055 414 3088; x_wconf 85' lang='lat' dir='ltr'>Vide</span> <span class='ocrx_word' id='word_1_410' title='bbox 444 3057 530 3090; x_wconf 72' lang='lat' dir='ltr'>Can.</span> <span class='ocrx_word' id='word_1_411' title='bbox 559 3056 589 3090; x_wconf 94' lang='lat' dir='ltr'>V</span> <span class='ocrx_word' id='word_1_412' title='bbox 617 3058 685 3091; x_wconf 73' lang='lat'>504</span> <span class='ocrx_word' id='word_1_413' title='bbox 713 3059 911 3092; x_wconf 74' lang='lat'>521—522.</span> 
     </span>
    </p>

    <p class='ocr_par' dir='ltr' id='par_1_12' title="bbox 286 3113 696 3150">
     <span class='ocr_line' id='line_1_47' title="bbox 286 3113 696 3150; baseline 0.01 -4"><span class='ocrx_word' id='word_1_414' title='bbox 286 3116 299 3134; x_wconf 80' lang='lat'><strong>⁶</strong></span> <span class='ocrx_word' id='word_1_415' title='bbox 325 3113 415 3147; x_wconf 71' lang='lat' dir='ltr'>Vide</span> <span class='ocrx_word' id='word_1_416' title='bbox 447 3116 532 3149; x_wconf 74' lang='lat' dir='ltr'>Can.</span> <span class='ocrx_word' id='word_1_417' title='bbox 560 3116 573 3148; x_wconf 88' lang='lat' dir='ltr'>I</span> <span class='ocrx_word' id='word_1_418' title='bbox 600 3116 696 3150; x_wconf 68' lang='lat'>4582.</span> 
     </span>
    </p>
   </div>
  </div>
 </body>
</html>
