2044 3335
259 115 485 163 Sumptibus
506 129 552 153 ac
581 117 684 165 typis
704 117 755 156 B.
779 118 968 162 Herder‚
999 119 1237 167 typographi
1265 118 1426 156 editoris
1447 118 1650 167 pontificii,
1683 116 1888 166 Friburgi

186 173 447 222 Brisgoviae
477 172 760 225 (Germaniae),
790 177 910 214 modo
940 177 1106 225 prodiit:

185 290 635 404 Theologia
687 301 1350 383 fundamentalis.
1415 334 1633 381 Auctore
1672 333 1887 395 Ignatio

257 412 469 474 Ottiger
507 415 556 461 S.
589 415 627 476 J.
706 415 831 461 Cum
879 416 1238 478 approbatione
1276 416 1505 479 Archiep.
1553 416 1890 479 Friburgensis

256 508 305 543 et
343 498 659 561 Superiorum
702 499 909 546 Ordinis.
977 500 1101 546 Tres
1140 502 1276 546 tomi.
1345 498 1396 547 8⁰

325 614 540 645 Prodierunt:

254 684 420 724 Tomus
452 685 490 725 I:
529 683 609 725 De
641 683 974 726 revelatione
1006 685 1415 738 supernaturali.
1463 687 1630 738 (XXIV
1653 695 1695 727 et
1717 690 1801 739 928
1826 689 1887 741 p.)

324 749 369 788 M
399 761 523 790 12.—
547 769 600 783 :z
625 751 692 791 Fr.
719 759 864 801 15.—;
889 765 913 790 a
936 752 1064 791 dorso
1089 752 1205 791 corio
1229 752 1345 804 relig.
1366 752 1411 791 M
1441 764 1567 802 Ι4.--ς
1590 771 1643 786 z
1669 753 1735 793 Fr.
1762 762 1887 805 17.5O

253 842 418 884 Tomus
450 844 508 884 II:
546 842 627 884 De
663 843 910 885 Ecclesia
935 843 1126 885 Christi
1159 847 1217 885 ut
1248 844 1509 887 infallibili
1541 845 1887 888 revelationis

325 907 537 949 divinae
560 909 834 962 magistra.
875 911 1041 961 (XXIV
1058 919 1100 950 et
1121 912 1228 951 1062
1246 913 1306 964 p.)
1340 912 1384 951 M
1409 923 1538 962 24-
1562 931 1615 946 z
1639 912 1707 953 Fr.
1735 924 1885 964 3o.—-;

322 989 345 1014 a
378 975 507 1014 dorso
541 976 656 1014 corio
691 975 804 1028 relig.
841 976 886 1015 M
911 977 1040 1027 2650
1064 995 1116 1009 z
1142 977 1207 1016 Fr.
1235 985 1361 1028 33.15

319 1065 357 1094 In
385 1066 639 1106 preparatione:

249 1134 415 1174 Tomus
456 1135 535 1175 Ill:
595 1134 676 1175 De
732 1133 1119 1176 exercitatione
1173 1134 1557 1177 infallibilitatis
1604 1135 1886 1178 Ecclesiae

321 1197 528 1240 Christi.
594 1199 734 1253 Caput
767 1201 806 1241 I:
843 1202 909 1240 De
943 1201 1247 1241 infallibilitatis
1280 1203 1487 1242 subiecto.
1547 1201 1689 1255 Caput
1722 1203 1780 1243 11:
1816 1203 1885 1243 De

318 1265 623 1306 infallibilitatis
677 1267 860 1306 obiecto.
948 1266 1088 1319 Caput
1132 1267 1210 1307 HI:
1268 1268 1334 1307 De
1381 1267 1570 1307 fontibus
1615 1268 1884 1308 revelationis

319 1331 498 1372 divinae.
555 1331 695 1384 Caput
727 1332 810 1371 IV:
848 1333 913 1371 De
947 1331 1093 1384 regula
1125 1332 1225 1372 fidei
1258 1333 1507 1373 catholicae.
1553 1332 1694 1386 Caput
1716 1333 1778 1373 V:
1814 1334 1882 1373 De

317 1404 493 1436 externa
534 1397 663 1436 fidem
698 1397 952 1437 catholicam
995 1398 1100 1437 inter
1131 1404 1173 1437 et
1214 1399 1421 1438 rationem
1463 1398 1691 1438 humanam
1734 1406 1883 1439 mutua

316 1461 532 1502 relatione.

621 1572 795 1619 Iudicia
832 1572 991 1634 aliqua
1029 1572 1089 1618 de
1128 1573 1223 1619 hoc
1263 1590 1430 1634 opere.

248 1713 279 1737 «.
299 1730 305 1737 .
324 1730 330 1736 .
348 1701 480 1738 Unser
502 1701 781 1738 Gesamturteil
811 1702 909 1738 iiber
939 1702 1009 1738 das
1029 1702 1150 1738 Werk
1180 1702 1299 1738 lautet
1325 1701 1462 1746 nabin,
1484 1701 1564 1738 dass
1593 1713 1634 1738 es
1659 1711 1767 1738 vom
1789 1701 1880 1738 An-

171 1754 301 1802 fange
331 1754 398 1791 bis
428 1766 534 1791 zum
562 1755 691 1792 Ende
721 1754 820 1792 eine
852 1755 933 1792 mit
962 1755 1154 1803 grosster,
1185 1755 1269 1792 fast
1298 1755 1547 1803 peinlicher
1566 1754 1757 1802 Sorgfalt
1786 1755 1879 1791 und

175 1807 516 1845 Grundlichkeit
554 1809 906 1856 durchgefiihrte
937 1809 1092 1846 Arbeit
1129 1809 1188 1854 ist,
1219 1809 1295 1853 die,
1327 1809 1452 1845 zumal
1491 1808 1531 1844 in
1557 1809 1678 1856 jenen
1708 1807 1877 1854 Partien,

173 1873 233 1897 wo
262 1861 443 1910 wichtige
474 1862 724 1900 Schrifttexte
753 1875 821 1899 aus
852 1864 943 1900 dem
974 1863 1092 1899 Alten
1122 1863 1203 1899 und
1234 1863 1373 1899 Neuen
1403 1863 1635 1899 Testament
1663 1862 1879 1898 behandelt

172 1915 253 1952 und
282 1915 490 1963 verteidigt
519 1917 690 1961 werden,
721 1916 831 1953 nicht
859 1915 1010 1964 wenige
1040 1917 1242 1953 Resultate
1272 1928 1318 1952 zu
1338 1917 1449 1964 Tage
1478 1915 1680 1964 gesordert
1709 1915 1787 1961 hat,
1818 1915 1879 1952 fiir

172 1968 237 2005 die
267 1981 358 2006 man
388 1969 479 2006 dem
508 1970 716 2006 Verfasser
746 1982 832 2006 zum
863 1970 1007 2007 Danke
1036 1970 1284 2018 verpflichtet
1313 1969 1372 2007 ist.
1396 2000 1402 2006 .
1427 2000 1432 2006 .
1457 1982 1489 2006 .»

913 2034 1123 2075 (Zeitschrift
1148 2036 1199 2065 fiir
1224 2035 1349 2066 ltathol.
1378 2034 1578 2075 Theologie‚
1606 2032 1827 2074 Innsbruck.)

247 2113 384 2150 «Cette
414 2113 608 2161 premiere
638 2112 763 2160 partie
792 2112 842 2149 de
871 2113 908 2149 13
934 2112 1154 2160 Theologie
1185 2112 1481 2149 fondamentale
1512 2118 1569 2149 est
1598 2122 1688 2148 une
1718 2122 1876 2149 oeuvre

175 2166 443 2214 magistrale,
474 2174 511 2203 et
548 2167 712 2204 l'auteur
742 2178 765 2213 y
794 2166 863 2203 fait
901 2178 1048 2214 preuve
1077 2167 1197 2203 d'une
1235 2178 1322 2203 rare
1358 2169 1630 2213 competence.
1689 2165 1746 2202 Ce
1775 2166 1877 2202 n'est

174 2232 244 2268 pas
273 2232 347 2257 aux
377 2227 675 2267 commencants
705 2220 849 2268 qu'elle
879 2220 1070 2257 s⁷adresse
1101 2220 1197 2256 mais
1227 2221 1249 2255 a
1279 2232 1377 2256 ceux
1398 2220 1464 2267 qui
1494 2225 1612 2266 ayant
1642 2217 1808 2256 termine
1838 2219 1875 2255 le

173 2286 288 2310 cours
317 2274 571 2310 elementaire
602 2274 759 2310 veulent
788 2274 884 2310 aller
920 2274 1006 2321 plus
1044 2274 1137 2311 loin.
1195 2274 1271 2310 Les
1310 2272 1554 2321 professeurs
1584 2272 1633 2309 de
1664 2272 1875 2309 seminaire

173 2334 307 2364 seront
336 2327 509 2364 heureux
538 2327 605 2375 d'y
625 2334 783 2364 trouver
811 2327 847 2364 16
876 2326 1002 2364 solide
1032 2334 1070 2364 et
1099 2327 1207 2364 riche
1237 2326 1575 2374 developpement
1605 2326 1656 2363 de
1686 2338 1731 2362 ce
1762 2326 1877 2373 qu’ils

171 2381 334 2418 doivent
363 2381 573 2429 enseigner
602 2392 651 2418 en
682 2381 921 2418 raccourci.»
1438 2383 1679 2426 (Polybiblion‚
1706 2383 1826 2425 Paris.)

248 2476 279 2501 «.
303 2494 310 2501 .
333 2492 343 2502 .
364 2465 420 2501 Le
452 2465 490 2501 P.
515 2464 669 2512 Ottiger
697 2471 804 2501 trace
835 2465 890 2501 de
921 2463 1042 2500 main
1074 2464 1128 2500 de
1160 2461 1318 2500 maitre
1347 2463 1384 2500 16
1414 2462 1509 2510 plan
1539 2461 1878 2510 rigoureusement

173 2517 332 2565 logique
371 2525 408 2555 et
437 2519 493 2555 les
523 2518 728 2554 frontieres
758 2518 808 2554 de
838 2519 875 2553 la
903 2517 1103 2565 theologie
1134 2517 1452 2562 solidamentale3
1491 2527 1590 2564 pour
1628 2516 1692 2561 lui,
1723 2527 1876 2552 aucune

173 2571 418 2619 proposition
449 2583 500 2608 ne
530 2572 613 2608 doit
652 2570 733 2608 etre
763 2574 935 2608 avancee
965 2570 1063 2607 dont
1092 2571 1148 2607 les
1177 2570 1435 2607 antecedents
1464 2569 1614 2606 n'aient
1643 2572 1705 2606 ete
1738 2569 1877 2606 solide-

173 2632 282 2661 ment
320 2624 480 2671 etablis3
518 2637 669 2661 aucune
711 2637 762 2661 ne
800 2625 883 2661 doit
924 2624 1020 2661 faire
1059 2624 1203 2661 double
1242 2624 1389 2672 emploi
1428 2631 1466 2660 et
1505 2622 1697 2671 empieter
1735 2634 1800 2659 sur
1840 2623 1878 2660 le

173 2678 360 2715 domnine
389 2679 484 2715 d'un
514 2686 621 2715 autre
652 2679 963 2726 enseignement.
987 2709 992 2715 .
1018 2707 1023 2713 .
1048 2707 1054 2713 .

245 2733 361 2777 Uest,
394 2744 442 2768 en
483 2733 585 2778 eft'et,
626 2744 677 2768 un
715 2732 827 2769 traite
866 2733 1040 2778 complet
1079 2743 1155 2779 que
1193 2730 1229 2767 le
1262 2731 1302 2767 P.
1336 2730 1492 2778 Ottiger
1530 2742 1552 2766 a
1581 2729 1699 2766 voulu
1715 2726 1875 2775 'ecrire,

173 2785 282 2829 mais,
313 2797 402 2822 sous
441 2798 483 2823 sa
521 2785 718 2829 concinite,
750 2786 787 2822 la
825 2786 1017 2832 longueur
1047 2785 1099 2822 du
1128 2796 1280 2832 voyage
1319 2796 1369 2821 ne
1409 2784 1477 2820 fait
1507 2783 1626 2831 qu'en
1665 2782 1878 2831 multiplier

174 2838 351 2876 l'interet.
402 2840 477 2876 Les
506 2839 646 2884 theses,
677 2851 725 2875 au
746 2840 912 2876 nombre
933 2839 983 2875 de
1013 2837 1262 2883 trente-neus,
1293 2844 1382 2874 sont
1403 2837 1634 2874 clairement
1654 2840 1876 2877 enonce'es:

173 2893 210 2928 la
238 2895 374 2940 portee
395 2893 445 2929 de
466 2893 644 2929 chacune
666 2900 722 2929 est
743 2891 902 2929 aussitot
928 2892 1106 2940 precisee
1136 2904 1208 2940 par
1235 2903 1288 2928 un
1309 2894 1454 2939 expose
1482 2891 1673 2938 soigneux
1693 2890 1743 2926 de
1772 2890 1878 2927 l’etat

173 2946 223 2983 de
253 2946 290 2982 13
310 2947 511 2993 question:
542 2946 649 2983 vient
669 2946 819 2983 ensuite
846 2946 882 2982 13
903 2957 1060 2993 preuve,
1093 2945 1171 2993 qui,
1202 2944 1361 2981 donnee
1382 2956 1478 2981 avec
1497 2956 1549 2980 un
1571 2944 1759 2981 veritable
1789 2944 1877 2980 luxe

173 2999 441 3047 d'arguments
471 3007 508 3037 et
536 3012 613 3037 une
640 2999 836 3036 eruditiori
867 3011 942 3047 peu
973 3011 1196 3044 commune,
1227 3002 1410 3046 presente
1439 2998 1475 3034 le
1505 2998 1603 3046 sujet
1631 3009 1720 3034 sous
1749 3004 1878 3034 tontes

173 3065 234 3090 ses
274 3053 379 3090 faces
418 3061 456 3090 et
494 3064 551 3090 ne
585 3053 717 3090 laisse
755 3064 862 3090 sans
899 3053 1093 3101 reponse
1131 3063 1308 3089 aucune
1338 3051 1561 3101 objection
1600 3051 1790 3088 actuelle
1821 3051 1877 3088 de

174 3107 367 3155 quelque
396 3106 690 3156 importance.
715 3136 721 3143 .
746 3137 752 3144 .
777 3118 808 3144 .»
968 3110 1101 3152 (Revue
1128 3111 1186 3142 des
1213 3110 1368 3142 Seiences
1395 3110 1683 3152 Ecclesiastiques,
1712 3107 1829 3150 Lille.)
