2044 3335
164 132 217 173 94
362 130 463 164 1517.
491 130 621 164 Petrus
648 130 820 164 Aretinus
847 129 933 164 Can.
983 129 1184 165 Mediolano
1209 130 1276 165 sub
1303 131 1439 165 exitum
1466 143 1512 165 m.
1533 130 1612 166 Oct.
1635 132 1736 166 1567.

278 248 576 291 Retinebimus
619 249 665 292 P.
707 248 963 291 Michaelem
979 250 1006 299 1,
1057 248 1128 301 qui
1172 249 1336 292 Romae
1383 249 1480 300 fuit,
1528 264 1606 304 pro
1648 250 1925 293 Nouitiorum

158 313 384 367 Magistro,
419 314 501 356 etsi
535 317 582 356 ut
613 327 744 367 saepe
776 313 943 367 scripsi,
977 314 1200 355 meliorem
1232 316 1277 356 et
1307 314 1406 356 huic
1434 314 1674 358 ministerio
1697 315 1926 369 aptiorem,

159 379 230 431 qui
272 378 571 432 spiritualibus
612 378 656 419 in
697 379 827 420 rebus
868 380 986 420 esset
1027 378 1307 427 exercitatus,
1350 380 1533 421 multum
1566 379 1923 423 desideraremus.

157 444 214 485 M.
258 441 538 497 Anto[nium]
581 442 654 496 qui
696 457 793 485 cum
834 443 931 497 alijs
975 445 1196 497 postremo
1242 444 1397 485 missus
1441 447 1521 494 est,
1569 444 1637 486 hic
1678 444 1924 487 Ministrum

157 508 338 549 fecimus
370 508 548 561 Collegij
563 509 600 549 2'z
634 511 767 561 atque
800 508 864 550 ita
896 508 1058 550 Rector
1089 508 1185 562 plus
1217 509 1426 563 temporis
1459 512 1502 550 et
1535 509 1616 564 ocij
1649 510 1838 564 reperiet
1870 510 1925 551 ad

156 572 361 614 Nouitios
391 572 435 614 in
467 572 622 627 spiritu
655 573 816 615 rectius
849 574 1179 626 promouendos,
1214 576 1262 615 ut
1293 587 1371 616 sua
1404 574 1603 615 nimirum
1637 574 1851 617 charitate
1881 577 1928 616 et

157 637 382 690 diligentia
423 637 637 692 suppleat,
682 638 796 691 quod
827 638 1042 690 Magistro
1075 638 1350 681 Nouitiorum
1393 639 1543 680 deesse
1584 638 1769 689 uidetur,
1812 639 1927 682 sicut

156 716 211 744 ex
251 702 357 756 ipsis
399 703 531 746 etiam
564 702 755 756 Nouitijs
797 703 839 744 in
882 703 962 745 hac
1006 703 1258 746 uisitatione
1298 703 1485 758 percepi.
1550 704 1792 746 Admittam
1832 706 1926 746 tres

155 768 294 810 bonae
325 767 418 821 spei
449 767 628 809 iuuenes
659 768 703 809 in
736 769 846 810 hanc
878 768 1018 822 ipsam
1052 768 1223 809 domum
1255 768 1569 811 Nouitioruma.

276 833 417 886 Cogor
448 832 516 874 hic
550 833 710 876 diutius
742 833 909 875 uersari
941 836 1120 888 propter
1152 833 1469 876 Catechismum
1503 834 1758 884 Romanum,
1798 847 1924 886 quem

157 912 243 940 una
276 912 370 939 cum
405 898 593 940 Doctore
616 898 751 940 Paulo
784 899 932 952 relego
966 901 1010 940 et
1042 898 1212 951 corrigo
1237 899 1491 940 Germanice
1524 912 1710 949 uersum,
1744 898 1780 940 si
1811 899 1928 940 forte

159 963 212 1004 ad
247 963 478 1005 editionem
512 963 610 1005 libri
643 963 700 1005 sit
732 963 1004 1014 ueniendum,
1041 964 1103 1006 uti
1136 977 1314 1018 sperare
1347 964 1576 1018 coepimus.
1640 963 1826 1017 Magnus
1858 963 1928 1005 hic

156 1029 206 1070 fit
250 1031 488 1082 apparatus
532 1029 586 1070 ob
631 1028 803 1071 futuras
847 1028 1023 1083 nuptias
1065 1043 1225 1078 mense,
1271 1028 1315 1070 ni
1356 1029 1500 1079 fallor,
1543 1029 1764 1083 Februarij
1812 1028 1927 1070 inter

158 1093 321 1134 Ducem
355 1093 644 1135 Guilhelmum
686 1096 730 1136 et
772 1094 1002 1136 Ducissam
1034 1094 1346 1147 Lothoringam
1361 1095 1390 1136 3.
1454 1093 1586 1148 Cupio
1629 1096 1774 1135 autem
1815 1093 1928 1135 scire

160 1158 422 1200 sententiam
455 1158 743 1201 Paternitatis
776 1160 895 1200 Tuae
937 1158 994 1201 sit
1035 1173 1088 1200 ne
1120 1159 1471 1213 permittendum,
1514 1162 1562 1201 ut
1596 1159 1640 1201 P.
1674 1158 1928 1200 Dominicus

161 1223 323 1266 Rector
354 1227 398 1265 et
430 1224 721 1277 Lothoringus
755 1224 944 1266 eiusdem
978 1223 1189 1266 Ducissae
1221 1223 1521 1265 Confessarius
1553 1225 1641 1274 fiat,
1685 1223 1721 1265 si
1759 1223 1814 1265 ad.
1845 1223 1926 1265 hoc

164 1303 316 1330 munus
349 1292 397 1331 ut
428 1292 599 1343 putant,
634 1292 881 1343 expetatur.
926 1289 1102 1331 Mallem
1136 1303 1217 1342 ego
1250 1289 1354 1330 nihil
1387 1302 1483 1330 cum
1508 1289 1619 1331 Aula
1647 1288 1807 1331 nostris
1831 1302 1928 1330 esse

163 1367 401 1396 commune.

281 1419 386 1461 Oret
426 1433 503 1473 pro
546 1419 668 1460 nobis
701 1419 950 1461 Paternitas
984 1420 1077 1461 Tua
1121 1418 1242 1461 cuius
1283 1419 1507 1472 sacrificijs
1540 1422 1584 1461 et
1614 1418 1815 1473 precibus
1847 1432 1926 1460 nos

161 1487 206 1526 et
228 1484 499 1526 Prouinciam
522 1486 716 1526 nostram
741 1484 911 1526 domino
945 1498 1116 1538 semper
1145 1484 1339 1538 cupimus
1362 1483 1665 1526 commendari.
1709 1483 1924 1538 Monachij

162 1551 216 1590 22
251 1548 450 1591 Octobris
486 1551 611 1591 1567.

804 1608 847 1651 P·
883 1609 929 1651 Τ.
1045 1668 1205 1710 Seruus
1237 1667 1280 1709 in
1312 1667 1481 1709 Christo
1514 1667 1561 1710 P.
1595 1666 1804 1709 Oanisius.

279 1767 306 1819 -ξ-
338 1767 581 1809 Admodum
624 1767 880 1809 Reuerendo
924 1768 967 1809 in
1010 1768 1180 1810 Christo
1225 1767 1346 1809 Patri
1391 1766 1621 1809 Francisco
1666 1767 1718 1808 de
1762 1765 1927 1819 Borgia

160 1832 412 1886 Praeposito
446 1833 648 1875 Generali
681 1833 912 1875 Societatis
944 1833 1098 1876 JESV.
1246 1833 1423 1875 Romae.

281 1924 315 1958 S.
340 1924 556 1958 Franciscus
581 1924 733 1967 Borgias
760 1924 902 1959 Canisio
929 1925 1114 1970 respondit
1140 1925 1196 1960 23.
1222 1924 1437 1959 Novembris
1464 1925 1566 1958 1567.

162 2057 303 2094 1517.
354 2056 626 2094 PETRUS
653 2056 1003 2093 ARETINUS
1031 2057 1220 2092 Societatis
1246 2058 1359 2091 frater
1383 2057 1497 2091 laicus
1524 2056 1723 2091 CANISIO.

1028 2110 1229 2144 Mediolano
1255 2110 1320 2144 sub
1348 2110 1484 2144 exitum
1511 2122 1556 2145 m.
1576 2109 1743 2145 Octobris
1771 2109 1872 2144 1567.

279 2176 333 2209 Ex
360 2175 514 2220 epistula
540 2175 584 2209 ad
610 2175 790 2218 Borgiam,
822 2175 864 2208 de
891 2186 961 2219 qua
987 2174 1092 2215 infra,
1118 2186 1152 2208 n.
1175 2175 1275 2209 1525.

280 2248 447 2280 Camsins
473 2247 626 2289 Bozyiae
652 2246 843 2279 Monaclzio
880 2248 911 2279 S.
938 2246 1146 2279 Novembris
1174 2248 1265 2279 1567
1291 2247 1442 2288 (atteris
1464 2246 1669 2289 prioribus)
1704 2245 1846 2288 scripsit
1880 2245 1924 2276 de

160 2301 261 2334 Petro
281 2302 441 2343 Aretino,
470 2302 531 2343 qai
553 2301 743 2342 Oeniponte
769 2300 906 2343 colleyic'
923 2300 1199 2332 creclentiarizmz
1226 2305 1353 2342 efferat,
1380 2310 1494 2332 mense
1517 2303 1633 2332 autem
1651 2299 1810 2341 Auyusto
1831 2300 1922 2330 1567

155 2365 175 2386 a
199 2354 345 2387 Canisz'o
357 2354 587 2396 provinciali,
616 2354 702 2396 qaia
727 2364 762 2386 se
789 2353 836 2385 ad
858 2352 1093 2385 Carta-§sanos
1111 2354 1267 2385 transire
1292 2353 1374 2385 velle
1391 2353 1588 2395 dictitabat,
1614 2352 1768 2385 abezmdi
1784 2351 1921 2383 veniam

157 2408 404 2450 [impetraverat
432 2408 479 2447 (r.
505 2416 619 2449 supra
640 2418 678 2449 p.
708 2406 771 2446 10)
784 2418 795 2438 .·
821 2406 971 2449 „Petrus
998 2407 1170 2438 Aretimcs
1195 2416 1217 2437 a
1245 2406 1343 2438 nobis
1369 2406 1545 2447 dimissas,
1573 2416 1650 2438 cum
1681 2404 1917 2437 Mediolanum

158 2461 315 2502 uenisset,
342 2461 389 2492 ad
412 2463 550 2492 nostros
568 2459 685 2502 redt'jt,
712 2463 742 2491 et
769 2470 845 2491 cum
864 2459 996 2491 nostris
1014 2459 1115 2491 modo
1134 2459 1237 2501 uiuit,
1267 2463 1303 2491 nt
1322 2460 1392 2501 ipse
1409 2459 1542 2499 scribit,
1569 2463 1599 2490 et
1617 2458 1656 2490 P.
1675 2457 1923 2490 Prouincialis

156 2514 305 2546 Adorno
332 2514 527 2554 confirmat.
579 2513 669 2545 Petit
695 2512 838 2545 interim
874 2523 895 2544 a
923 2512 1021 2545 nobis
1050 2512 1190 2544 ueniam
1215 2523 1301 2544 suae
1328 2513 1597 2553 inconstantiae,
1637 2515 1667 2543 et
1692 2511 1921 2543 tentationem-

155 2568 311 2608 aynoseit
337 2567 378 2599 de
407 2566 649 2599 Cartltasiano
677 2566 851 2598 Jnsti'tuto
877 2564 1151 2607 amplectendo.“

274 2636 428 2670 Lanoius
454 2638 571 2669 rector
598 2635 857 2680 oenipontanus
882 2635 1036 2678 Borgiae
1066 2635 1222 2679 scripsit,
1259 2635 1297 2669 P.
1326 2634 1554 2668 Franciscum
1583 2633 1781 2667 Adurnium
1817 2643 1916 2677 prae-

156 2689 309 2734 positum
336 2688 592 2733 provincialem
618 2688 887 2731 Longobardiae
905 2688 1096 2722 Mediolani
1116 2688 1264 2722 Aretino
1291 2687 1525 2732 persuasisse,
1552 2688 1592 2720 ut
1618 2687 1653 2720 in
1680 2685 1829 2728 collegio
1856 2684 1920 2719 illo

275 2764 302 2795 a)
325 2765 491 2795 Sequuntur
513 2772 553 2788 rr.
574 2763 623 2788 ille
645 2763 742 2795 facile,
763 2765 850 2789 oblitt.

277 2860 287 2878 ¹
313 2858 485 2892 Marium:
515 2859 559 2892 cf.
591 2860 676 2893 Can.
700 2858 728 2892 V
754 2859 822 2893 473
849 2859 929 2893 496.

274 2912 287 2931 '2
313 2912 352 2944 In
381 2912 590 2955 *Cataloqo,
627 2923 732 2955 quem
768 2912 842 2945 dixi
880 2911 1005 2956 (supra
1041 2923 1074 2956 p.
1099 2911 1188 2955 91⁵),
1228 2912 1410 2955 comparet
1447 2910 1515 2951 „M.
1535 2909 1710 2943 Antonius
1738 2908 1916 2950 Balduini,

156 2965 329 3004 minister,
356 2964 560 3008 praefectus
587 2964 719 2998 laboris
746 2967 781 2998 et
807 2966 1039 3009 pannorum'‘.

274 3020 286 3037 ³
313 3018 487 3051 Renatam
517 3017 565 3060 (V.
594 3028 701 3062 supra
728 3030 760 3062 p.
783 3019 854 3060 13).
897 3018 1113 3062 Nuptiarum
1139 3017 1326 3051 sollemnia
1353 3015 1533 3050 Monachii
1559 3027 1580 3049 a
1606 3015 1638 3050 d.
1657 3015 1711 3050 21.
1730 3014 1914 3049 Februarii

160 3072 248 3106 1568
286 3082 349 3115 per
378 3071 420 3104 14
457 3070 532 3103 dies
571 3070 859 3114 splendidissimo
899 3073 1075 3115 apparatu
1113 3073 1194 3104 acta
1231 3072 1314 3104 sunt
1355 3070 1478 3113 (Styra.
1506 3070 1659 3112 Riezler‚
1699 3067 1917 3102 Geschichte

157 3124 305 3158 Baierns
332 3123 391 3162 IV,
420 3122 537 3157 Gotha
566 3124 666 3165 1899,
693 3123 910 3167 581—584).
