2044 3335
143 75 226 116 358
643 72 743 106 1683.
772 71 936 106 Canisius
962 71 998 106 S.
1019 71 1208 106 Francisco
1235 72 1397 115 Borgiae.

140 192 301 244 putem,
344 189 411 231 cui
452 189 539 231 sint
580 188 786 230 haeretici
828 189 968 242 magis
1009 189 1167 231 infensi
1209 192 1253 231 et
1293 190 1459 240 infesti,
1503 193 1547 232 et
1589 204 1642 232 ex
1684 205 1768 243 qua
1809 191 1904 245 plus

140 254 346 296 momenti
369 256 500 306 queat
523 252 683 294 adferri
707 253 761 295 ad
785 254 1123 296 confirmandam
1145 254 1186 295 in
1208 255 1439 297 Germania
1463 269 1637 297 causam
1660 255 1905 297 Catholicae

140 318 389 370 Religionis.
446 318 566 359 Haec
598 332 681 359 non
715 319 876 360 retinet
908 318 1015 360 alios
1049 319 1270 374 Principes
1304 334 1431 373 quam
1465 320 1584 370 duos,
1618 319 1903 362 Archiducem

140 383 455 424 Ferdinandum
479 387 523 425 et
546 384 772 425 Albertum
797 383 1013 425 Bauariae
1030 384 1206 427 Ducem.
1251 384 1469 434 Quomodo
1493 387 1639 426 autem
1661 385 1704 426 in
1727 385 1906 426 Austria

140 462 251 488 nunc
293 451 463 501 agatur,
505 462 590 489 non
633 449 792 490 attinet
825 448 968 490 dicere
984 450 1010 490 1.
1074 449 1131 490 Jn
1164 449 1390 503 Episcopis
1422 463 1581 491 neruus
1613 449 1668 490 ad
1700 449 1904 491 tuendam

139 512 411 565 Religionem
442 513 712 555 necessarius
746 514 881 563 deest,
916 517 960 556 et
991 513 1032 554 hi
1068 514 1174 555 duos
1206 514 1422 568 principes
1456 528 1562 567 quos
1586 514 1687 565 dixi,
1721 515 1791 556 uel
1815 528 1905 555 rna-

139 577 255 618 xime
277 577 514 621 intuentur.
559 578 753 620 Tertium
787 581 831 620 et
863 581 1126 632 postremum
1163 582 1242 629 est,
1278 579 1479 632 quoniam
1504 579 1735 633 Oeniponti
1767 579 1906 620 malus

140 642 245 683 odor
285 656 341 683 ex
373 642 452 684 hoc
484 643 611 685 foedo
644 644 767 697 lapsu
800 643 1071 696 relinquitur,
1114 644 1334 697 bonosque
1373 644 1618 693 discruciat,
1662 645 1904 685 consultum

139 706 222 749 erit
254 706 454 757 fortasse,
499 708 544 750 Ρ.
570 708 909 751 Prouintialem2
940 708 1028 750 illic
1070 723 1095 750 a
1127 709 1343 751 Cathedra
1386 723 1469 751 non
1509 709 1638 750 facile
1671 708 1902 759 discedere,

139 785 233 812 cum
268 772 464 814 doctrina
506 776 549 816 et
581 773 849 816 authoritate
891 773 1121 827 gratiaque
1161 774 1325 827 polleat
1360 774 1474 828 apud
1506 776 1748 827 magnates.
1811 773 1904 815 Nec

138 836 252 878 enim
285 837 392 879 satis
425 838 518 880 fore
551 839 753 892 putarim,
798 842 847 881 vt
880 839 1041 881 Rector
1072 839 1114 880 in
1148 840 1227 881 hoc
1260 842 1460 881 uersetur
1491 838 1578 880 illic
1610 853 1799 885 munere,
1834 838 1904 891 qui

138 916 250 944 nunc
281 902 465 956 primum
499 904 641 957 coepit
673 904 715 945 in
749 904 1037 946 contionando
1071 917 1166 946 sese
1199 918 1404 946 exercere
1419 905 1447 947 3.
1493 904 1576 946 Sed
1599 903 1741 946 omnia
1774 917 1905 957 penes

139 966 340 1008 iudicium
375 968 420 1010 P.
455 969 502 1010 Τ.
538 982 632 1010 esse
666 971 710 1010 et
742 983 917 1011 manere
950 969 1061 1011 uolo.

257 1032 355 1074 Misi
389 1034 442 1075 ad
473 1034 518 1076 P.
543 1034 853 1076 Prouintialem
886 1034 1035 1077 literas
1069 1048 1124 1076 ex
1147 1035 1263 1076 Vrbe
1297 1036 1512 1088 acceptas,
1547 1037 1594 1076 vt
1627 1034 1786 1084 uideat,
1821 1047 1905 1086 qua

137 1097 306 1139 ratione
339 1098 504 1140 consuli
537 1099 674 1152 possit
698 1099 949 1152 Fuggericis
982 1099 1025 1140 in
1058 1099 1137 1141 hoc
1160 1099 1285 1152 graui
1316 1100 1504 1152 negotio,
1540 1100 1591 1141 de
1619 1114 1701 1152 quo
1724 1113 1903 1152 respon-

138 1161 201 1204 dit
224 1162 268 1205 P.
294 1163 340 1205 T.
356 1164 372 1190 4
424 1163 601 1205 Vtinam
625 1165 721 1218 plus
742 1165 841 1206 fidei
874 1165 1116 1206 tribuerent
1145 1168 1392 1207 nostrorum
1416 1164 1617 1218 consilijs‚
1652 1178 1790 1217 neque
1812 1167 1904 1206 tam

137 1226 265 1269 facile
306 1228 489 1271 fiderent
528 1229 623 1271 istis
662 1229 1005 1284 apparitionibus
1047 1232 1091 1272 et
1123 1229 1340 1283 responsis
1372 1229 1614 1283 spirituum.
1677 1229 1904 1271 Profectus

137 1294 204 1334 est
236 1292 405 1346 collegij
438 1294 564 1336 huius
587 1294 775 1337 Rector5
809 1296 1068 1348 Augustam,
1103 1297 1147 1337 et
1178 1294 1396 1348 intelliget
1428 1297 1592 1337 statum
1626 1308 1796 1336 omnem
1828 1308 1903 1335 ne-

136 1356 257 1411 gotij.
322 1358 586 1411 Dilingensis
633 1360 908 1402 contionator
954 1374 1067 1402 nunc
1107 1360 1394 1413 Fuggericam
1448 1362 1632 1413 occupat
1676 1359 1902 1413 Augustae

138 1422 402 1472 cathedram,
438 1427 485 1466 ut
516 1425 659 1466 nullus
691 1428 939 1468 nostrorum
973 1426 1027 1467 ad
1060 1439 1155 1467 eam
1188 1425 1372 1479 amplius
1405 1425 1715 1468 desidereturss.

254 1487 492 1531 Monebunt
533 1490 605 1544 alij
650 1491 791 1540 credo,
835 1491 910 1532 sed
952 1493 996 1533 et
1038 1504 1118 1544 ego
1160 1504 1301 1532 meum
1344 1490 1575 1543 praestabo
1618 1490 1660 1531 in
1692 1489 1902 1532 monendo

137 1565 303 1603 munus⁷
339 1554 452 1606 quod
474 1558 592 1597 certe
615 1556 749 1598 debeo
774 1556 956 1597 Domino
981 1555 1166 1609 Georgio
1189 1555 1389 1608 Fuggero
1422 1555 1532 1596 bene
1556 1556 1710 1596 merito
1734 1568 1905 1609 semper

137 1616 188 1657 de
222 1616 301 1659 hac
322 1621 474 1661 nostra
496 1620 720 1663 societate.
765 1622 815 1663 Js
846 1620 962 1663 intra
995 1621 1183 1662 triduum
1218 1634 1273 1662 ex
1305 1620 1386 1662 hac
1417 1620 1510 1662 uita
1533 1619 1750 1674 migrauit,
1784 1621 1904 1674 post-

137 1695 264 1734 quam
307 1697 332 1725 a
364 1684 410 1726 Ρ.
426 1684 683 1727 VVendelino
726 1700 809 1727 non
853 1686 988 1727 multo
1027 1688 1141 1736 ante,
1184 1699 1353 1727 sacram
1386 1685 1586 1739 synaxim
1621 1685 1902 1739 accepisset7.

259 1837 269 1856 ¹
295 1837 564 1873 Maximilianus
583 1839 626 1873 ΙΙ.
654 1850 685 1873 a.
707 1839 797 1873 1568
825 1838 976 1872 dominis
1003 1840 1039 1872 et
1058 1838 1238 1882 equitibus
1257 1838 1426 1872 Austriae
1452 1838 1546 1871 infra
1572 1840 1608 1871 et
1625 1849 1734 1882 supra
1753 1837 1902 1871 Anisum

135 1888 286 1923 liberum
321 1894 545 1933 augustanae
582 1892 816 1926 confessionis
852 1891 1064 1925 exercitium
1102 1903 1163 1935 pro
1198 1892 1356 1936 ipsorum
1392 1890 1554 1931 arcibus,
1589 1890 1762 1931 domibus,
1796 1891 1904 1924 terris

136 1942 292 1983 rusticis,
319 1943 481 1978 ecclesiis
503 1944 562 1988 (ad
580 1945 739 1989 ipsorum
765 1947 994 1989 patronatum
1013 1945 1291 1989 pertinentibus)
1312 1946 1557 1984 concesserat;
1586 1943 1646 1987 qui
1665 1943 1905 1977 concessionis

137 1995 269 2029 limites
302 1998 439 2039 egressi
471 1998 595 2032 multis
627 1998 740 2031 modis
767 1997 963 2032 catholicos
989 1998 1173 2031 vexabant
1200 2000 1235 2031 et
1261 1997 1474 2042 spoliabant.
1526 1998 1674 2031 Aestate
1700 1997 1783 2031 anni
1812 1997 1903 2031 1569

136 2048 253 2082 David
273 2048 475 2093 Chytraeus
493 2050 683 2094 theologus
702 2050 914 2084 lutheranus
928 2050 1223 2084 Maximilianill.
1242 2050 1343 2084 iussu
1360 2050 1396 2083 in
1415 2062 1536 2083 eorum
1554 2061 1657 2084 usum
1674 2049 1899 2093 „Agenda1n“

137 2102 348 2147 conscripsit
376 2102 546 2146 (Janssen
572 2104 594 2138 l.
622 2115 651 2138 c.
679 2103 729 2137 IV
759 2104 846 2124 ¹⁵“16
872 2104 1090 2147 451—454).
1134 2104 1174 2137 In
1201 2103 1308 2137 Stiria
1335 2115 1487 2147 quoque,
1516 2102 1710 2145 Oarinthia‚
1739 2102 1904 2137 Carniola

136 2155 279 2199 plurimi
314 2167 359 2189 ex
393 2157 597 2198 nobilitate,
632 2157 736 2191 multi
771 2169 816 2191 ex
851 2157 990 2191 civibus
1025 2157 1294 2199 graeciensibus
1329 2156 1627 2190 lutheranismum
1660 2156 1904 2200 sequebantur

136 2209 358 2253 eundemque
384 2211 419 2243 in
446 2210 522 2244 dies
548 2210 664 2253 magis
690 2210 940 2255 propagabant
968 2210 1090 2254 (Leop.
1112 2211 1288 2253 Schuster,
1316 2209 1567 2244 Fiirstbischof
1582 2209 1714 2243 Martin
1733 2210 1902 2250 Brenner‚

137 2261 230 2296 Graz
256 2274 289 2296 u.
317 2262 462 2307 Leipzig
491 2263 592 2305 1898,
623 2263 820 2298 123—125.
872 2264 1022 2297 Loserth
1048 2263 1071 2297 l.
1099 2274 1128 2298 c.
1158 2263 1373 2306 119—140).

256 2315 269 2335 ²
295 2315 447 2350 Paulum
474 2317 673 2351 Hoffaeum.

256 2370 268 2388 ³
294 2370 469 2412 Hoffaeus
503 2369 702 2414 Oeniponte
728 2369 894 2404 20.1unii
924 2369 1014 2404 1569
1042 2369 1193 2412 Borgiae
1225 2369 1464 2414 *scripseratz
1503 2368 1547 2403 Se
1574 2368 1675 2402 modo
1703 2368 1902 2413 Oeniponte

137 2421 244 2463 abire,
275 2424 450 2456 rectorem
476 2423 525 2457 ibi
552 2423 783 2466 relinquendo
810 2423 849 2457 P.
871 2422 1070 2457 Gerardum
1098 2422 1294 2456 Pastelium
1323 2424 1498 2465 (autogr.;
1536 2421 1578 2456 G.
1603 2421 1667 2466 Ep.
1687 2421 1716 2454 X
1744 2422 1769 2456 f.
1792 2423 1901 2465 116³).

256 2477 268 2495 4
295 2475 370 2509 Has
396 2476 538 2510 litteras
564 2488 598 2510 v.
626 2488 735 2520 supra
761 2488 794 2521 p.
814 2476 894 2510 352.
1041 2476 1053 2495 ⁵
1080 2476 1119 2510 P.
1139 2475 1382 2510 Theodoricus
1408 2475 1582 2509 Canisius.

255 2529 268 2547 ⁶²
294 2529 442 2563 Sacrum
469 2532 681 2572 suggestum
709 2529 882 2563 ecclesiae
910 2528 1108 2572 collegialis
1135 2528 1168 2563 S.
1188 2529 1347 2563 Mauritii
1376 2528 1481 2569 dicit;
1508 2540 1542 2562 v.
1569 2538 1678 2572 supra
1704 2539 1737 2572 p.
1757 2527 1836 2562 322.

256 2581 269 2601 ⁷
294 2581 359 2615 Die
387 2583 441 2616 25.
462 2583 618 2625 Augusti
648 2583 750 2625 (Chr.
778 2584 899 2626 Meyer
924 2582 948 2616 l.
967 2593 996 2617 c,
1024 2582 1084 2625 50)
1113 2584 1275 2616 mortuus
1306 2594 1371 2624 „ex
1398 2580 1619 2626 apoplexia“,
1646 2582 1687 2613 ut
1713 2581 1902 2624 Philippus

139 2634 336 2667 Edam-dus
366 2636 546 2678 Fuyyerus
572 2635 744 2669 *notavit
771 2635 833 2678 (ex
859 2636 1020 2678 autogr.;
1051 2634 1136 2669 Cod.
1154 2635 1299 2669 vindob.
1319 2635 1410 2668 7447
1438 2634 1462 2667 f.
1480 2634 1570 2676 47³).
1620 2633 1659 2667 P.
1681 2635 1903 2668 Wendele'mcs

140 2687 242 2719 Vulci·
261 2686 293 2720 S.
307 2687 338 2720 J.
359 2688 394 2720 in
413 2688 573 2722 *litteris
592 2689 719 2722 annuis
738 2688 863 2722 domus
883 2690 1119 2730 augustanae,
1146 2689 1312 2730 Augusta
1331 2687 1386 2721 31.
1406 2686 1562 2729 Augusti
1583 2686 1673 2720 1569
1693 2686 1802 2721 datis:
1834 2687 1902 2729 „Ut

138 2738 326 2780 assiduis“,
353 2740 477 2783 inquit,
508 2741 797 2783 „infirmitatibus
822 2753 886 2786 per
904 2741 1056 2775 multum
1075 2742 1244 2785 temporis
1263 2740 1461 2774 afflictatus
1479 2739 1558 2780 fuit,
1586 2740 1635 2773 ita
1654 2739 1839 2773 continuos
1858 2740 1902 2773 ad

138 2791 306 2825 maiorem
334 2792 503 2836 pietatem
531 2796 566 2827 et
592 2795 700 2828 animi
727 2795 952 2828 deuotionem
979 2794 1144 2828 stimulos
1170 2793 1304 2834 habuit,
1330 2795 1371 2826 ut
1396 2794 1576 2826 testantur
1601 2792 1807 2836 frequentes
1826 2793 1902 2827 eius

138 2845 353 2878 confession.
372 2847 407 2878 et
433 2848 707 2881 communiones.
751 2848 826 2881 Iam
851 2848 921 2881 iam
939 2847 1160 2890 migraturus
1178 2858 1223 2880 ex
1241 2847 1308 2880 hac
1327 2845 1402 2879 uita
1421 2857 1499 2879 cum
1518 2845 1677 2888 linguam
1696 2845 1740 2879 ad
1757 2845 1902 2889 loquen-

139 2898 221 2930 dum
248 2897 401 2941 amplius
427 2910 568 2932 mouere
595 2911 663 2933 non
691 2902 822 2944 posset,
850 2900 979 2934 erectis
1005 2900 1041 2933 in
1067 2899 1205 2934 coelum
1223 2899 1387 2933 manibus
1414 2899 1515 2942 quasi
1540 2898 1728 2932 subridens
1746 2898 1900 2932 animam

139 2950 290 2983 creatori
307 2950 425 2983 laetus
451 2951 614 2985 reddidit.
650 2953 679 2985 A
699 2952 822 2986 multis
849 2952 952 2986 annis
979 2953 1097 2986 fautor
1116 2952 1145 2985 is
1164 2954 1200 2985 et
1217 2951 1424 2985 benefactor
1450 2952 1558 2994 atque
1584 2962 1676 2984 unus
1703 2963 1721 2984 e
1747 2951 1901 2995 parenti-

138 3002 204 3037 bus
231 3002 420 3036 Societatis
456 3003 533 3042 fuit,
568 3015 660 3038 unus
695 3016 739 3038 ex
774 3005 976 3049 praecipuis
1011 3004 1227 3038 fundatorib.
1254 3003 1365 3037 futuri
1403 3003 1567 3048 collegij“
1599 3004 1660 3046 (ex
1686 3005 1899 3049 archetypo;

140 3058 182 3091 G.
202 3056 266 3100 Ep.
284 3055 317 3088 X
343 3055 367 3088 f.
387 3056 476 3098 87³¹).
