2044 3335
127 102 210 143 296
375 100 477 134 1640.
504 100 543 134 P.
563 99 720 134 Thomas
748 98 874 133 Gallus
902 97 986 132 Can.
1025 98 1222 143 Fridberga
1249 99 1343 133 circa
1369 99 1401 134 6.
1420 99 1555 144 Aprilis
1575 99 1675 134 1569.

247 215 408 250 Dubitari
434 216 496 248 vix
523 216 652 259 potest,
680 215 765 258 quin
792 213 868 259 ipse
887 225 1029 258 quoque
1047 214 1250 249 Fridericus
1276 214 1500 258 aWirsberg
1518 214 1707 260 episcopus
1724 216 1891 261 princeps

125 268 385 313 herbipolensis
421 280 484 312 per
510 267 761 301 Balthasarem
798 267 842 300 ab
870 266 977 301 Hellu
1003 266 1255 302 cancellarium
1282 279 1386 302 suum
1423 269 1460 302 et
1494 268 1662 302 Ioannem
1689 268 1888 314 Egolphum

126 333 147 356 a
165 321 373 365 Knoringen
400 320 548 365 capituli
576 320 794 354 cathedralis
821 321 1030 354 canonicum
1058 320 1387 365 scholasticumque
1406 320 1681 355 Stevordianum
1708 333 1729 356 a
1747 322 1890 357 Canisio

125 374 288 419 petierit3
325 374 446 408 confer
480 373 652 407 Frideriei
686 373 828 408 litteras
862 375 894 407 3.
922 372 1009 406 Maii
1038 373 1128 408 1570
1163 373 1207 407 ad
1241 373 1424 408 Canisium
1461 375 1574 413 datas,
1610 374 1705 408 infra
1735 387 1768 410 n.
1790 375 1891 410 1713.

126 428 330 461 Fridericus
356 427 425 461 iam
453 438 484 460 a.
507 427 598 461 1565
624 426 897 461 Stevordianum
926 425 1082 470 petierat
1110 426 1216 469 (Can.
1235 426 1268 460 V
1289 427 1383 470 179).

245 485 336 527 Quid
355 485 530 520 Vinckius
559 485 701 519 Canisio
727 485 963 530 responderit,
991 497 1025 519 V.
1044 485 1149 526 infra,
1177 497 1232 530 ep.
1250 497 1284 520 n.
1306 486 1407 520 1651.

125 582 281 618 1640.
369 583 431 619 P.
459 582 744 620 THOMAS
773 582 1040 619 GALLUS
1070 581 1122 618 S.
1142 582 1196 618 J.
1225 583 1425 619 CANISIO.

1180 637 1377 680 Fridberga
1404 638 1500 671 circa
1527 638 1559 672 6.
1579 637 1713 682 Aprilis
1742 639 1843 673 1569.

245 695 300 729 Ex
318 696 474 740 epistula
492 696 535 730 ad
556 696 734 739 Borgiam,
753 696 796 730 de
815 707 884 739 qua
903 696 1007 736 infra,
1027 708 1081 740 ep.
1095 708 1130 730 n.
1147 696 1248 738 1644,
1276 698 1312 730 et
1329 709 1375 730 ex
1394 696 1488 731 Galli
1507 697 1552 731 ad
1569 697 1737 741 Borgiam
1761 697 1892 732 litteris

127 749 374 793 autographis,
402 761 494 793 quae
520 752 605 784 sunt
630 750 665 783 in
693 748 735 784 G.
763 750 828 794 Ep.
854 749 886 783 X
913 750 937 783 f.
965 750 1046 784 238.

246 815 288 847 In
309 815 435 857 patria
460 815 596 857 fratres
621 825 828 858 sororesque
847 816 1003 857 repperit
1025 818 1175 858 utroque
1186 820 1339 857 parente
1356 816 1497 849 orbatos
1522 820 1551 849 et
1578 816 1626 848 ad
1648 819 1893 859 paupertatem

125 867 295 900 redactos.
342 868 435 909 Quos
461 879 539 901 eum
565 868 720 901 miseriis
744 869 861 901 levare
886 868 1016 910 debeat,
1042 869 1082 900 in
1109 868 1278 902 Societate
1304 880 1447 902 manere
1473 879 1544 902 non
1564 872 1687 912 potest.

249 925 416 959 Canisius
451 927 614 970 Auyusta
651 927 914 960 Vindelicorum
953 929 984 960 8.
1012 927 1154 969 Aprilis
1191 930 1282 960 1569
1320 928 1470 961 Romam
1509 929 1556 961 ael
1593 928 1627 961 S.
1656 928 1892 961 Franciseum

126 979 297 1022 Bou-qiam
318 980 504 1013 Societatis
522 981 768 1022 praepositum
785 980 984 1022 animalem
1011 980 1196 1022 epistulam
1224 982 1330 1022 misit,
1356 983 1395 1013 in
1421 991 1493 1024 qua
1518 981 1613 1023 haec,
1638 985 1781 1023 praeter
1807 982 1893 1023 alia,

126 1033 321 1074 referebat:
356 1033 493 1076 „Binas
528 1034 575 1065 acl
600 1044 653 1065 me
677 1033 801 1066 literas
827 1034 921 1066 dedit
948 1033 994 1066 D.
1015 1033 1167 1066 Thomas
1197 1034 1334 1077 Gallus,
1364 1039 1554 1077 postquam
1580 1046 1623 1067 ωε
1648 1033 1894 1068 Monaehiensi

127 1085 268 1128 colleyio
295 1086 484 1129 diffres-sus,
511 1087 568 1118 die
594 1087 767 1119 nimirum
793 1088 839 1119 25
866 1087 1007 1129 Martij,
1033 1087 1220 1120 simulauit
1250 1098 1285 1120 se
1307 1088 1556 1130 profecturum
1581 1088 1620 1120 in
1643 1089 1806 1130 patriam
1830 1087 1894 1120 hoc

126 1140 258 1181 animo,
285 1143 317 1171 rt
343 1139 510 1181 confectis
537 1140 610 1172 illie
636 1139 740 1172 rebus
766 1151 808 1172 eat
827 1141 1054 1182 praescripto
1080 1140 1118 1172 P.
1143 1140 1181 1173 T.
1207 1141 1325 1173 statim
1352 1151 1375 1173 a
1394 1141 1566 1183 paschate
1590 1141 1762 1173 Viennam
1790 1140 1894 1173 naui-

123 1196 235 1235 ¹(jaret.
268 1192 319 1224 Jn
344 1191 439 1225 hunc
457 1192 561 1233 finem
580 1193 703 1225 datum
729 1197 777 1225 est
802 1193 858 1225 illi
876 1193 1041 1225 viaticum
1063 1193 1256 1235 Monacliij.
1292 1193 1455 1227 Patriam
1484 1204 1567 1227 uero
1593 1194 1694 1226 babet
1713 1195 1894 1235 Auyustae

120 1246 342 1287 proximam,
372 1256 508 1289 pagyum
542 1246 672 1278 seilicet
699 1246 869 1279 abiectum
887 1247 907 1288 ¹,
943 1250 973 1279 et
999 1246 1248 1288 defunctorum
1279 1251 1468 1290 parentum
1497 1257 1719 1280 numerosam
1746 1247 1893 1280 sobolem

121 1302 334 1340 paupertate
360 1299 579 1331 laborantem
604 1299 680 1331 illic
706 1299 855 1332 inuenit.
906 1299 1078 1332 illirabar
1103 1310 1173 1342 eqo,
1207 1311 1272 1332 cur
1297 1300 1390 1332 niliil
1415 1304 1477 1333 aut
1502 1300 1680 1342 scriberet,
1715 1305 1778 1333 aut
1803 1310 1892 1332 nun-

125 1352 232 1383 tiaret
256 1351 356 1393 milii,
393 1363 471 1385 cum
497 1353 680 1394 Auyustae
706 1353 850 1385 uicinus
875 1357 969 1395 esset,
1004 1354 1154 1396 misique
1186 1353 1238 1386 bis
1262 1354 1416 1395 fratrem
1451 1353 1499 1386 ael
1524 1353 1626 1386 illum
1652 1353 1893 1387 inuitandum.

127 1405 299 1437 Inuentus
316 1406 457 1438 tandem
476 1406 668 1448 respondit,
693 1417 728 1438 se
753 1417 887 1439 mecum
913 1410 1079 1440 acturum
1100 1417 1168 1449 per
1193 1407 1327 1448 literas,
1355 1407 1482 1450 quibus
1508 1407 1678 1439 adiunxit
1703 1407 1821 1439 aliasa
1847 1406 1895 1439 ad

132 1457 168 1490 T.
198 1458 248 1500 R,
275 1469 401 1501 easque
427 1469 522 1491 nune
548 1459 657 1501 mitto,
684 1463 715 1491 et
740 1460 787 1491 ad
812 1460 995 1492 Rectorem
1021 1459 1332 1493 Monaeliiensem2
1358 1470 1506 1503 quocum
1530 1461 1705 1503 yrauiter‚
1739 1460 1798 1493 sed
1823 1469 1894 1492 non

127 1522 235 1554 aeque
268 1512 366 1554 satis,
401 1510 678 1555 expostuletuitb.
730 1513 908 1555 Exposuit
946 1516 1063 1546 autem
1100 1513 1190 1546 milii
1226 1524 1376 1546 suorum
1415 1514 1659 1557 necessitatem,
1698 1517 1802 1556 atque
1835 1523 1895 1555 pe-

129 1566 285 1608 nuriam,
313 1565 440 1608 quibus
466 1566 605 1598 alendis
631 1576 776 1608 operam
802 1567 891 1599 dare
917 1570 1119 1609 eoyeretur:
1144 1577 1179 1599 se
1204 1567 1381 1599 Viennam
1407 1577 1478 1599 non
1498 1577 1603 1608 posse
1622 1567 1808 1609 proqredi,
1835 1577 1896 1599 nee

125 1618 266 1660 plaeere
290 1618 358 1651 sibi
384 1620 585 1651 conuictum
609 1620 771 1661 fratrum
796 1621 837 1652 in
864 1618 1050 1663 colhqijsf‘
1093 1620 1209 1653 Binae
1235 1620 1374 1663 quidem
1402 1620 1484 1652 illae
1514 1620 1613 1652 Galli
1637 1620 1776 1653 litterae
1799 1620 1894 1663 peri-

127 1675 254 1712 erunt;
288 1672 375 1715 quid
400 1677 515 1705 (tactem
537 1673 725 1715 prioribus
755 1672 899 1706 Canisio
934 1675 1131 1716 scripserit,
1161 1674 1307 1716 plenius
1332 1673 1450 1715 eolli'yi
1478 1677 1590 1715 potest
1625 1684 1667 1705 ex
1697 1674 1796 1706 Galli
1824 1674 1892 1716 epi-

126 1724 220 1757 stula
246 1725 447 1768 Fridberya
477 1728 507 1759 6.
527 1727 670 1768 Aprilis
699 1728 791 1760 1569
817 1727 865 1759 ad
890 1727 1063 1769 Boryiam
1089 1727 1185 1770 data,
1214 1737 1320 1770 quam
1346 1727 1420 1759 illis
1445 1727 1537 1759 idem
1560 1727 1687 1759 Gallus
1713 1727 1893 1769 adiunxit,

129 1782 166 1810 ut
194 1789 264 1821 per
293 1778 477 1811 Canisium
512 1780 662 1812 Romam
696 1781 915 1813 mitteretur:
949 1781 1062 1822 Neqat
1099 1780 1237 1823 Gallus,
1271 1791 1306 1812 se
1341 1780 1403 1823 „in
1440 1780 1609 1813 Societate
1644 1780 1799 1822 amplius
1832 1784 1894 1812 aut

127 1842 228 1864 suam
265 1835 328 1864 aut
358 1834 522 1874 proximi
557 1833 705 1867 salutem
741 1844 842 1876 posse
876 1832 1073 1877 eonsequj“.
1125 1834 1193 1866 Die
1228 1835 1285 1867 25.
1312 1834 1444 1866 Martii
1478 1833 1669 1866 Monaeliio
1700 1834 1893 1876 profectus,

130 1886 307 1928 „sequenti
332 1886 387 1918 (lie
412 1887 451 1918 in
473 1888 637 1928 patriam
655 1888 743 1930 reni,
771 1888 890 1929 reperi
915 1891 1031 1920 autem
1056 1887 1183 1920 ibidem
1209 1891 1333 1929 septem
1359 1887 1497 1928 fratres
1522 1891 1552 1919 et
1576 1897 1716 1920 sorores
1734 1887 1895 1920 omnibus

122 1939 336 1980 parentibus
362 1940 553 1977 destitutos,
592 1951 745 1983 Quorum
772 1941 940 1982 nonnullj
964 1944 1103 1974 octaum
1129 1945 1158 1973 et
1184 1951 1317 1973 nonum
1344 1951 1480 1972 annum
1506 1941 1664 1973 nondum
1690 1942 1895 1983 attulerunt,

130 1992 167 2023 in
194 1993 290 2024 omni
316 2003 437 2024 rerum
462 1993 586 2035 inopia
612 1994 717 2025 vitam
745 1994 871 2026 misere
897 1998 1045 2037 aqentes,
1083 1994 1221 2026 nullum
1248 1995 1592 2036 conscmgyuineornm
1616 1994 1795 2036 refuyium
1822 2004 1895 2026 am-

123 2044 223 2086 plius
247 2044 420 2086 habentes,
446 2056 556 2088 neque
580 2057 634 2079 nze
659 2047 813 2089 amplius
836 2051 1090 2090 aynoscentesc,
1115 2051 1305 2089 postquam
1332 2047 1513 2079 duodecim
1540 2048 1687 2090 inteyris
1711 2047 1819 2079 annis
1843 2058 1896 2080 me

127 2108 238 2140 neque
262 2098 426 2130 viderunt
461 2110 569 2142 neque
594 2110 680 2132 num
715 2101 754 2132 in
779 2100 871 2132 viuis
897 2110 1001 2132 essem
1026 2100 1219 2141 sciuerunt,
1254 2100 1309 2132 vbi
1333 2100 1454 2143 itaque
1487 2110 1540 2132 me
1574 2100 1719 2132 illorum
1743 2101 1897 2142 fratrem

129 2161 198 2183 esse
224 2156 476 2194 coqnouerunt,
511 2163 647 2185 summo
673 2153 810 2186 eiulatu
845 2157 874 2186 et
909 2154 1157 2186 lamentatione
1190 2164 1226 2185 se
1261 2154 1308 2185 ad
1330 2164 1447 2195 yenua
1473 2163 1546 2186 mea
1572 2153 1808 2195 proiecerunt,
1843 2164 1896 2185 me

127 2214 213 2236 sane
239 2204 286 2236 ad
310 2204 578 2247 lachrymarum
600 2206 851 2248 profusionem
877 2217 945 2239 vna
972 2217 1048 2238 cum
1076 2207 1164 2248 ipsis
1191 2206 1405 2239 vberi-imam
1432 2210 1693 2248 commonentes,
1731 2210 1896 2248 roqantes

129 2266 250 2289 amore
267 2256 413 2301 Christi,
439 2262 471 2290 rt
496 2259 570 2290 illis
595 2259 669 2292 loco
693 2263 885 2301 parentum
911 2259 1147 2302 subuenirem,
1174 2262 1277 2302 atque
1303 2270 1345 2291 ex
1370 2260 1518 2291 miseria
1544 2270 1650 2302 quam
1676 2259 1717 2291 ob
1743 2259 1896 2300 infirmi-

129 2313 233 2342 tatem
264 2315 455 2352 parentum
484 2315 567 2353 post
601 2323 715 2344 meum
750 2313 940 2345 discessum
974 2312 1209 2345 incurrerant
1240 2312 1472 2345 subleuarem.
1523 2313 1609 2345 Cum
1635 2322 1720 2344 uero
1745 2312 1896 2345 dicerem

132 2364 252 2403 (nouit
279 2363 374 2395 Deus
401 2369 534 2406 quanto
559 2365 675 2407 animj
698 2365 838 2405 dolore)
871 2376 923 2398 me
948 2365 1061 2398 solum
1088 2366 1274 2398 aduenisse
1298 2370 1331 2397 vt
1358 2366 1507 2398 riderem
1534 2365 1705 2408 quomodo
1731 2369 1896 2407 ayeretur

130 2426 207 2448 cum
232 2417 331 2459 ipsis,
359 2417 453 2449 nond
480 2422 596 2450 autem
622 2419 800 2460 integrum
825 2419 915 2451 milei
939 2429 1007 2451 esse
1033 2418 1073 2451 ob
1091 2419 1201 2451 aliam
1220 2419 1477 2462 obliyationem,
1503 2422 1536 2451 vt
1559 2418 1616 2451 uel
1642 2418 1714 2451 illis
1738 2418 1896 2451 subsidio

131 2479 232 2501 essem
260 2471 299 2501 in
326 2470 430 2503 rebus
455 2473 612 2503 escternis
624 2471 648 2514 ³,
678 2471 732 2504 uel
757 2471 861 2504 etiam
887 2472 1025 2504 (liutius
1050 2473 1089 2504 in
1109 2473 1239 2515 patria
1265 2482 1495 2515 remanerem,
1522 2472 1604 2504 binc
1629 2472 1736 2504 multo
1764 2472 1897 2514 maiorj

132 2523 245 2563 animj
270 2523 391 2555 dolore
416 2528 446 2556 et
471 2524 742 2567 lachrymarum
760 2525 978 2567 profusione
1010 2536 1063 2557 me
1088 2526 1127 2557 in
1153 2526 1328 2558 iudicium
1354 2525 1547 2567 Fre‘dberqi
1571 2529 1753 2567 vocarunt,
1792 2530 1897 2568 atque

130 2585 232 2607 sucmn.
263 2581 510 2618 paupertatem
534 2577 674 2620 publico
707 2579 942 2611 instrumento
968 2578 1112 2611 testibus
1136 2579 1270 2611 iuratis
1304 2583 1334 2610 et
1354 2578 1499 2621 publica
1526 2577 1741 2610 authoritate
1766 2578 1896 2619 confir-

132 2631 235 2669 mato,
265 2631 454 2670 protestati
479 2634 571 2673 sunt,
608 2641 727 2673 meque
762 2631 892 2664 iudicis
927 2632 1207 2675 comminatione,
1242 2636 1275 2664 vt
1309 2632 1384 2664 illis
1416 2641 1623 2664 suec-ursum
1652 2631 1895 2672 promitterem

132 2681 403 2724 compulermzte,
440 2693 546 2725 eaque
577 2683 619 2715 de
645 2694 754 2716 causa
780 2688 812 2716 vt
836 2685 933 2726 fieret
958 2685 994 2717 V.
1014 2685 1056 2717 B.
1076 2685 1311 2717 Paternitatis
1336 2685 1427 2717 bona
1454 2684 1554 2716 venia
1581 2688 1610 2716 et
1629 2694 1731 2727 pace,
1761 2684 1896 2727 suppli-

134 2734 301 2765 cationem
339 2739 367 2766 et
404 2735 451 2767 acl
478 2736 515 2768 V.
542 2735 582 2768 R.
606 2737 861 2770 Paternitatem
897 2741 927 2770 et
952 2738 1209 2775 P.>Canisinm
1243 2737 1368 2778 confici
1393 2741 1582 2779 curarunt,
1619 2747 1722 2779 quant
1753 2738 1783 2779 ej
1817 2748 1895 2769 cum

251 2801 278 2831 a)
301 2802 467 2831 Sequuntur
487 2810 528 2826 vv.
545 2809 621 2834 quae
635 2802 683 2828 his
698 2804 770 2829 sunt
783 2803 954 2835 adiunctae,
968 2813 985 2830 a
1001 2806 1029 2830 C.
1045 2805 1134 2830 omitt.
1203 2803 1233 2836 b)
1257 2806 1334 2835 Quae
1353 2808 1523 2836 sequuntur,
1543 2812 1632 2836 usque
1652 2805 1690 2829 acl
1711 2804 1740 2829 in
1761 2803 1896 2835 collegiis

134 2841 209 2870 incl„
228 2849 245 2865 a
267 2843 294 2865 (Ι.
315 2842 347 2865 in
368 2844 499 2873 ›naryine
519 2844 622 2868 addita
642 2848 718 2869 sunt.
776 2846 801 2872 (ἢ
823 2847 883 2870 Hoc
904 2854 926 2871 v.
947 2854 965 2870 a
987 2848 1020 2871 G.
1040 2847 1072 2871 in
1092 2847 1224 2878 maryine
1244 2846 1377 2871 additum
1397 2849 1447 2870 est.
1513 2844 1543 2877 d)
1564 2846 1703 2877 Sequitur
1722 2852 1805 2877 uero,
1825 2854 1843 2870 a
1859 2847 1891 2870 G.

132 2882 222 2906 oblitt.
291 2882 318 2909 c)
339 2884 477 2914 Sequitur
497 2890 562 2916 eaq,
583 2893 599 2909 (ι
622 2888 654 2910 (ι’.
675 2886 764 2910 obliti.

257 2976 264 2995 ¹
292 2975 525 3019 Fridbergam
553 2978 793 3022 (Friedberg).
940 2982 953 3001 ²
978 2982 1017 3016 P.
1038 2982 1262 3016 Dominicum
1288 2981 1507 3025 Menginum.

254 3028 267 3047 3
292 3028 485 3073 Perperam
505 3030 631 3065 Gallus
649 3031 716 3066 hoc
735 3033 846 3074 dixit3
873 3046 954 3068 nam
975 3035 1137 3070 Societas
1157 3037 1194 3069 et
1210 3037 1352 3080 poterat
1370 3037 1405 3068 et
1422 3036 1549 3079 parata
1569 3036 1647 3068 erat
1665 3046 1724 3068 eos
1750 3034 1893 3074 iuvare;

135 3093 168 3115 v.
195 3081 290 3114 infra
317 3093 368 3122 ea,
397 3093 488 3125 quae
515 3083 677 3117 dicentur
703 3088 784 3128 post
809 3098 862 3130 ep.
882 3099 915 3121 n.
939 3088 1038 3122 1657.
