2044 3335
341 90 436 125 Mon.
463 89 652 125 971—972
678 89 757 124 sive
782 99 920 123 monac.
942 86 1116 132 (2)—(3).
1162 86 1262 121 Febr.
1292 85 1382 121 1569
1401 105 1445 109 -
1472 84 1548 119 Iun.
1569 84 1670 119 1570.
1801 85 1883 127 601

119 209 156 241 in
183 217 271 241 cura
297 208 459 250 corporis
484 209 515 239 et
540 206 681 239 ratione
705 207 846 239 vestitas
865 205 1001 249 „videri
1017 206 1068 238 sie
1085 205 1174 237 satis
1191 199 1413 236 delicatum“.
1455 200 1508 235 De
1526 212 1591 235 suo
1610 198 1827 233 Prouinciali
1845 209 1887 233 ac

117 259 329 304 quibusdam
356 258 438 303 alijs
463 270 533 292 non
559 259 650 292 satis
676 260 884 292 reuerenter
907 268 1026 291 coram
1045 255 1226 290 nonnullis
1244 255 1320 289 suis
1338 254 1511 289 fratribus
1529 252 1758 287 amicioribus
1777 263 1819 286 30
1837 252 1888 286 113

117 313 261 357 quidem
286 312 455 356 loquitur,
482 314 524 346 vt
542 312 707 346 videatur
735 311 844 354 [illo]s
870 321 891 344 a
917 309 1120 344 reuerentia
1147 319 1233 352 erga
1253 307 1515 342 Prouincialem
1542 306 1703 341 nonnihil
1721 305 1887 347 alienare,

117 368 181 401 aut
205 367 301 400 certe
327 365 394 400 hoc
420 365 564 399 efficere
589 365 667 399 siue
692 364 810 398 studio
845 364 923 398 siue
949 374 1046 403 casu,
1082 366 1124 396 vt
1149 362 1281 396 fratres
1315 360 1367 395 illi
1402 373 1472 394 non
1498 360 1604 395 valde
1631 359 1778 405 cupiant
1803 359 1888 393 Pro-

117 419 308 454 uincialem
342 419 401 453 hic
433 418 571 453 adesse.
592 444 599 452 .
619 445 626 452 .
646 445 653 452 .
681 417 758 461 Ego
784 416 927 460 quidem
954 418 1075 450 tamen
1100 426 1205 459 spero
1231 415 1274 449 R.
1293 415 1332 449 P.
1360 414 1624 448 Prouincialem
1649 414 1685 447 in
1710 412 1778 447 hac
1803 412 1888 447 visi-

117 473 253 507 tatione
279 472 500 514 effecturum,
526 474 568 506 vt
593 470 751 515 habiturj
778 470 890 504 simus
916 470 952 502 in
970 471 1153 514 posterum
1179 468 1275 502 hunc
1291 469 1454 502 nostrum
1474 467 1662 501 Rectorem
1689 467 1888 501 rectiorem.

236 526 313 560 Hoc
348 527 508 560 constat:
546 524 711 560 Canisius
749 522 978 568 praepositus
1012 521 1245 566 provincialis
1280 521 1490 564 Menginum
1528 521 1565 554 in
1603 532 1645 554 ea
1679 520 1889 554 visitatione

117 580 211 614 serio
237 572 402 614 hortatus
428 580 493 620 est,
520 581 561 612 ut
591 576 812 620 „suauiorem
839 578 875 610 et
901 575 1144 609 amabiliorem
1172 586 1210 608 se
1236 575 1440 619 praestaret
1465 573 1671 607 Fratribus“
1705 573 1755 616 (v.
1780 584 1891 618 supra

117 645 150 677 p.
176 633 251 675 92).
302 632 476 666 Mandatu
512 631 666 674 Borgiae
700 630 740 665 P.
767 630 945 663 Polam-us
976 629 1090 662 Roma
1114 627 1171 661 27.
1200 627 1335 672 Aprilis
1365 626 1455 661 1568
1490 627 1660 670 Mengino
1695 626 1887 671 *scripsitz

123 685 185 727 „V.
206 686 246 720 R.
265 697 335 719 non
361 685 465 730 pensi
491 684 557 718 0110
583 684 688 718 alcun
713 694 778 717 suo
805 683 990 727 superiore
1015 681 1123 715 habbi
1150 680 1276 715 scritto
1303 680 1336 714 di
1354 679 1401 714 lei
1421 691 1504 714 cosa
1522 680 1651 714 alcuna
1670 680 1735 714 che
1754 680 1889 724 potessi

118 739 245 773 leuarli
271 739 297 772 il
323 738 458 772 credito
485 740 521 772 et
546 737 787 771 beneuolenza
814 736 856 769 de
882 736 925 770 N.
946 735 1062 769 Padre
1087 733 1268 779 preposito
1296 735 1330 767 et
1357 733 1381 767 li
1401 733 1485 767 altri
1502 732 1568 767 che
1586 733 1622 766 la
1641 733 1889 776 cognosciamo

118 794 153 826 et
178 793 331 826 amiamo
358 791 469 825 molto
495 791 529 824 in
557 790 719 831 Domino,
746 789 878 835 perche
903 790 1005 822 tanto
1031 787 1056 821 il
1083 786 1310 821 Prouinciale
1337 788 1472 830 quanto
1504 785 1529 819 il
1555 785 1890 830 Viceprouinciale¹

118 846 140 879 l'
155 845 274 879 hanno
300 846 337 879 in
362 845 559 879 benissimo
586 845 758 878 concetto.
787 845 823 877 et
848 843 878 877 si
896 843 963 876 ben
982 842 1069 876 tutti
1087 841 1138 885 gli
1156 840 1313 874 huomini
1333 840 1634 874 ordinariamente
1651 839 1769 873 hanno
1788 839 1893 873 alcun

117 910 219 941 neuo,
246 900 281 932 et
306 898 332 932 li
358 898 509 941 bisogna
535 897 756 931 humiliarsi“
779 899 847 931 etc.
869 895 930 940 (ex
957 907 1078 941 apogr.
1104 894 1215 929 eiusd.
1242 894 1317 928 fere
1343 895 1469 938 temp.:
1500 892 1618 927 Germ.
1639 893 1682 927 67
1702 893 1726 928 f.
1749 892 1844 936 137).

119 1013 216 1050 971
243 1015 321 1049 sive
347 1022 491 1048 mon.
514 1011 614 1058 (2).
690 1011 802 1048 Initio
829 1010 1024 1048 Februarii
1050 1010 1144 1047 1569.

237 1074 293 1107 Ex
319 1072 556 1117 autographo.
608 1072 650 1107 G.
670 1072 734 1117 ΕΡ.
754 1072 804 1106 XI
830 1073 855 1106 f.
874 1072 954 1107 213.

241 1133 385 1167 Canisio
404 1132 589 1166 Monachii
606 1134 780 1175 scriptum
807 1133 949 1175 excidit,
969 1142 1036 1176 quo
1055 1132 1139 1164 lecto
1158 1135 1273 1164 rector
1292 1130 1444 1172 Hoffaeo
1468 1130 1688 1173 provinciali
1709 1133 1893 1162 succenset.

237 1193 277 1226 P.
289 1193 425 1226 Paulus
440 1193 615 1234 Hoffaeus
627 1192 663 1224 S.
676 1192 712 1225 J.
729 1193 947 1224 Germaniae
963 1192 1162 1234 superioris
1174 1190 1410 1234 provincialis
1428 1190 1617 1232 Oeniponte
1628 1191 1684 1222 28.
1698 1189 1897 1222 Februarii

120 1249 212 1280 1570
230 1247 278 1280 ad
296 1247 333 1280 S.
352 1246 589 1279 Pramo-iseum
608 1246 781 1288 Borgyt'am
802 1246 1050 1288 praepositum
1072 1245 1272 1288 yeneralem
1298 1244 1464 1286 scripsit:
1490 1242 1555 1277 Est
1581 1243 1674 1286 quod
1701 1253 1895 1285 suggeram

118 1299 158 1333 R..
184 1299 224 1334 P.
250 1299 294 1334 V.
320 1299 525 1343 Antequam
562 1299 604 1332 R.
632 1298 672 1332 P.
700 1298 867 1332 Canisius
902 1297 1053 1332 Romam
1091 1308 1172 1332 cum
1200 1296 1497 1330 Procuratoribus
1536 1296 1624 1336 iret,
1663 1296 1895 1329 conuenimus

118 1352 284 1397 Dilingae
303 1352 441 1396 aliquot
458 1352 588 1386 Patres
608 1351 802 1397 consiliarij
815 1352 829 1371 2
847 1353 883 1385 et
902 1351 1122 1385 confecimus
1140 1351 1185 1384 ad
1203 1350 1246 1385 R.
1264 1350 1305 1384 P.
1324 1350 1368 1384 V.
1388 1350 1567 1393 quandam
1595 1349 1894 1390 informationem,

118 1409 311 1450 tangentes
338 1409 374 1440 et
399 1405 489 1440 vitia
516 1408 552 1439 01
570 1405 725 1439 virtutes
744 1405 938 1439 multorum
965 1405 1026 1449 qui
1045 1404 1329 1447 designabantur
1355 1404 1398 1437 ad
1425 1403 1695 1448 professionem,
1723 1403 1896 1437 addentes

118 1460 226 1494 etiam
254 1460 315 1504 qui
341 1460 384 1493 ad
412 1460 444 1494 3.
472 1459 530 1503 qui
558 1459 602 1493 ad
628 1460 650 1492 4
677 1461 763 1492 vota
790 1459 999 1492 viderentur
1025 1458 1119 1503 apti:
1148 1460 1184 1491 et
1209 1457 1455 1492 consuluimus
1473 1457 1706 1491 Reuerendae
1732 1457 1772 1491 P.
1792 1456 1835 1490 V.
1855 1458 1895 1490 vt

119 1513 158 1547 P.
186 1513 410 1547 Dominicum
437 1513 483 1547 ad
509 1513 541 1546 3.
568 1514 654 1546 vota
688 1512 907 1552 admitteret,
943 1511 1168 1556 explicantes
1195 1511 1304 1545 etiam
1339 1511 1513 1555 quosdam
1541 1510 1616 1544 eius
1651 1510 1833 1544 defectus:
1861 1511 1897 1543 et

118 1567 211 1601 hanc
247 1567 535 1601 informationem
572 1577 638 1609 ego
674 1566 818 1611 propria
854 1577 961 1599 manu
988 1565 1032 1599 ad
1060 1566 1101 1599 R.
1122 1564 1162 1599 P.
1182 1564 1225 1599 V.
1253 1567 1425 1608 tanquam
1461 1566 1548 1598 tunc
1574 1563 1897 1608 Viceprouincialis

117 1619 256 1665 scripsi.
308 1620 451 1654 Accidit
476 1622 601 1665 postea
627 1621 668 1653 vt
694 1619 733 1654 P.
763 1619 928 1654 Canisius
955 1630 1000 1653 ex
1027 1619 1115 1653 vrbe
1150 1619 1293 1659 rediret,
1330 1620 1366 1652 et
1400 1617 1494 1652 idem
1521 1629 1639 1651 meum
1675 1618 1850 1662 scriptum
1877 1628 1898 1650 a

119 1673 158 1708 P.
177 1673 221 1708 V.
241 1673 490 1708 confirmatum
517 1673 678 1715 referret,
705 1685 831 1707 verum
860 1684 940 1707 cum
968 1674 1066 1706 esset
1084 1671 1265 1717 Monachij
1294 1671 1429 1705 excidit
1455 1671 1545 1705 bono
1564 1671 1665 1716 Patrj
1693 1671 1760 1705 hoc
1786 1670 1896 1715 serip-

118 1730 194 1761 tum
223 1726 324 1772 (pars
359 1727 568 1761 foelicitatis
603 1727 720 1771 meae)
759 1728 795 1760 et
821 1728 1024 1770 Augustam
1060 1726 1203 1767 abiens,
1239 1725 1275 1759 id
1305 1725 1486 1769 Monachij
1523 1725 1688 1769 reliquit;
1725 1724 1826 1758 venit
1860 1724 1898 1758 111

119 1792 248 1815 manus
274 1781 315 1815 P.
341 1780 538 1826 DominicJ:
572 1780 739 1823 agnoscit
764 1792 880 1814 meam
907 1791 1063 1821 manum,
1091 1779 1212 1813 videta
1237 1779 1332 1813 inter
1367 1779 1437 1812 alia
1464 1779 1506 1813 de
1542 1790 1581 1812 se
1608 1779 1653 1812 ad
1680 1778 1718 1812 P.
1747 1777 1789 1812 V.
1818 1789 1898 1812 esse

120 1834 293 1879 scriptum
321 1834 415 1878 quod
442 1846 512 1868 non
538 1834 660 1877 magni
688 1834 871 1868 videretur
897 1833 1017 1867 facere
1052 1833 1313 1878 professionem
1341 1833 1361 1867 3
1388 1834 1572 1867 votorum:
1608 1844 1648 1866 se
1675 1832 1899 1866 diffamatum

121 1888 302 1932 queritur:
329 1887 412 1921 hinc
430 1887 565 1921 multae
591 1887 787 1922 lachrimae
815 1890 850 1921 et
876 1887 1084 1921 auersiones
1103 1898 1195 1931 quae
1214 1887 1323 1920 etiam
1347 1886 1488 1920 adhucb
1515 1888 1662 1920 manent
1688 1886 1762 1919 alta
1781 1888 1899 1919 mente

121 1942 328 1986 repositae0.
365 1941 452 1975 mihi
484 1941 519 1975 in
552 1940 681 1975 faciem
708 1941 857 1975 obiecit:
897 1941 981 1984 quid
1018 1942 1194 1974 facerem!
1246 1940 1378 1974 Videat
1413 1951 1508 1974 nunc
1543 1940 1583 1974 P.
1609 1939 1654 1975 V.
1682 1951 1728 1973 an
1766 1939 1813 1973 sit
1840 1939 1899 1973 ad-

122 1995 319 2029 mittendus
345 1994 390 2029 ad
416 1995 449 2029 4.
476 1997 562 2029 vota
588 2006 633 2029 an
668 1995 713 2029 ad
739 1995 772 2029 3.
799 1997 951 2028 tantum.
1003 1994 1069 2028 Est
1095 1994 1151 2027 vir
1186 1994 1309 2035 bonus,
1346 1993 1494 2035 solidus,
1530 1994 1699 2038 prudens,
1736 1993 1899 2027 omnibus

122 2048 283 2082 Dominis
302 2048 488 2082 Bauaricis
507 2048 612 2082 valde
631 2050 769 2091 gratus,
789 2060 855 2083 nec
873 2048 1049 2089 indoctus,
1068 2059 1134 2081 nec
1152 2047 1246 2081 malo
1264 2047 1419 2090 ingenio.
1439 2047 1609 2091 antiquus
1629 2048 1663 2080 111
1683 2047 1863 2081 Societate
1874 2047 1900 2088 ²¹,

123 2102 165 2136 de
193 2113 235 2136 ea
261 2103 395 2147 optime
422 2102 583 2136 meritus.
626 2101 676 2136 Vt
701 2104 822 2136 autem
848 2102 975 2136 relicto
1003 2101 1121 2135 officio
1148 2101 1266 2135 adhuc
1284 2101 1440 2142 studeat,
1467 2113 1537 2135 non
1556 2101 1700 2135 videtur
1719 2100 1898 2145 expedire.

242 2155 297 2189 Ex
322 2157 501 2189 ÷Litteris
526 2156 654 2189 annuis
681 2156 823 2199 collegii
850 2155 1075 2190 monacensis
1102 2155 1275 2189 Kalendis
1303 2154 1519 2189 Octobribus
1550 2155 1638 2189 1569
1667 2155 1762 2188 datis
1796 2153 1899 2187 intel-

122 2208 266 2252 legitur,
294 2209 329 2242 in
356 2221 397 2243 eo
424 2209 575 2252 collegio
602 2209 714 2243 fuisse
741 2209 785 2244 29
813 2209 944 2249 Socios,
981 2212 1017 2243 et
1044 2221 1089 2243 ex
1123 2208 1180 2243 his
1207 2209 1227 2242 6
1255 2209 1472 2249 sacerdotes,
1513 2209 1553 2242 13
1581 2208 1742 2242 novicios
1768 2207 1900 2248 fuisse3

123 2262 368 2296 confessiones
406 2265 597 2307 exceptas:
640 2265 800 2307 tempore
836 2262 998 2307 paschali
1025 2263 1138 2303 2190;
1188 2262 1332 2296 diebus:
1374 2261 1542 2296 Omnium
1570 2263 1782 2296 Sanctorum
1810 2261 1899 2302 7663

123 2316 393 2361 Assumptionis
420 2316 555 2350 Beatae
581 2316 717 2350 Mariae
736 2316 898 2359 Virginis
923 2316 1012 2357 450;
1042 2316 1277 2350 Pentecostes
1305 2316 1372 2350 719
1403 2316 1463 2358 (ex
1491 2327 1614 2359 apogr.
1643 2315 1754 2349 eiusd.
1774 2317 1899 2359 temp.;

125 2369 166 2404 Gr.
186 2369 251 2414 Ep.
271 2369 303 2403 X
329 2369 353 2404 f.
376 2369 471 2413 184).
522 2371 678 2413 Borytas
703 2369 758 2403 23.
786 2369 867 2403 Iulii
896 2370 986 2404 1569
1013 2369 1203 2403 Hoffaeum
1229 2369 1488 2414 provincialem
1515 2368 1780 2413 *reprehendit‚
1808 2368 1901 2412 quod

123 2423 162 2457 P.
182 2423 476 2457 Bonaventuram
504 2423 703 2457 Paradinas
730 2422 919 2457 Monachio
946 2434 1099 2457 avocare
1126 2422 1246 2464 vellet,
1278 2423 1500 2465 „mandando
1526 2422 1559 2456 io
1586 2433 1657 2456 una
1683 2433 1767 2456 cosa
1792 2422 1902 2455 molto

125 2476 233 2511 chara
260 2478 296 2511 in
316 2476 511 2511 Germania
537 2477 582 2511 ad
609 2476 787 2510 instancia
806 2476 863 2510 del
882 2477 922 2510 P.
943 2476 1085 2511 Canisio
1104 2475 1163 2510 all’
1179 2476 1266 2510 hora
1286 2476 1510 2510 Prouinciale
1530 2478 1565 2510 et
1583 2475 1902 2520 particularmente

124 2542 187 2575 per
214 2532 341 2574 questo
368 2530 485 2565 officio
513 2530 549 2564 di
575 2532 709 2564 mastro
737 2530 779 2564 de
805 2529 958 2575 11011101,]“ι
991 2530 1053 2573 (ex
1079 2541 1202 2575 apogr.
1230 2530 1342 2564 eiusd.
1369 2532 1496 2575 temp.;
1526 2529 1646 2564 Germ.
1674 2529 1717 2564 67
1738 2529 1762 2563 f.
1787 2529 1902 2573 2882).

126 2645 231 2682 9⁹72
258 2647 336 2681 sive
363 2656 509 2682 mon.
530 2645 631 2692 (3).
708 2644 814 2681 Circa
839 2656 886 2681 111.
904 2644 1048 2681 Iunium
1074 2645 1170 2681 1570.

247 2706 302 2740 Ex
329 2707 563 2751 autographo.
617 2706 658 2741 G.
679 2706 741 2751 Ep.
762 2706 810 2740 XI
838 2706 863 2740 f.
885 2707 981 2741 1892.

249 2766 417 2800 Cantstas
443 2765 675 2799 Monadi-iam
701 2768 865 2809 mittitur,
892 2770 931 2799 ut
957 2767 1117 2800 animam
1143 2770 1273 2799 recreet
1300 2770 1330 2799 et
1356 2766 1396 2800 P.
1424 2766 1673 2799 Sehorz'chiam
1697 2767 1822 2809 placet.

247 2826 287 2859 P.
314 2826 451 2859 Paulus
477 2827 653 2869 Hoffaeus
693 2827 908 2859 Germaniae
942 2827 1141 2868 superioris
1170 2826 1409 2868 provincialis
1435 2826 1598 2868 Auyusra
1627 2827 1658 2858 8.
1686 2826 1776 2858 Inltt
1814 2826 1904 2858 1570

129 2879 164 2913 S.
192 2879 390 2913 Francisoo
416 2881 570 2923 Boo-qtae
593 2882 797 2922 praeposito
820 2880 981 2922 yeneralt'
1007 2880 1048 2912 cle
1066 2879 1104 2912 P.
1129 2880 1281 2922 Georffl‘o
1302 2879 1524 2921 Sekoriehio.
1548 2881 1611 2922 qai
1635 2878 1820 2912 Monac-hii
1847 2879 1905 2920 (in

248 2942 276 2973 a)
297 2943 363 2968 Duo
382 2951 424 2967 vv.
446 2951 503 2975 sqq.
523 2943 559 2968 ab
581 2944 616 2968 H.
637 2944 668 2968 rin
689 2944 823 2975 margine
843 2943 947 2967 addita
966 2946 1043 2967 suut.
1129 2941 1159 2975 b)
1180 2943 1223 2967 Ab
1244 2944 1281 2968 Η.
1302 2950 1376 2969 corr.
1396 2950 1431 2967 ex
1451 2941 1579 2968 adhunc.
1659 2942 1685 2974 e)
1706 2942 1849 2975 repostae
1869 2944 1904 2967 H.

129 2983 158 3015 (1)
184 2987 327 3015 Quattuor
346 2991 389 3009 vv.
409 2992 468 3016 sqq.
488 2985 523 3009 ab
544 2986 580 3010 H.
601 2993 695 3017 supra
715 2993 831 3010 versam
850 2985 964 3015 scripta
983 2988 1060 3009 sunt.

255 3087 263 3106 ¹
282 3086 321 3121 P.
341 3086 523 3121 Hoffaeus.
591 3087 604 3107 2
624 3086 845 3121 Convenisse
869 3086 1038 3120 videntur
1056 3086 1150 3120 inter
1167 3086 1199 3120 4.
1220 3088 1257 3120 et
1277 3086 1330 3121 10.
1349 3085 1436 3120 Maii
1457 3086 1565 3127 15683
1589 3098 1623 3121 V.
1644 3097 1754 3130 supra
1771 3098 1804 3130 p.
1825 3086 1904 3120 574.
