2044 3335
172 95 272 130 1637.
293 93 508 138 Magdalena
528 93 612 128 Can.
658 93 760 127 1638.
780 92 1026 126 Ferdinandus
1044 92 1088 125 ΙΙ.
1108 90 1194 124 Can.
1238 90 1340 124 1639.
1361 88 1446 122 Can.
1468 88 1550 122 Ant.
1565 86 1695 121 Vinck.
1779 88 1863 130 295

99 212 197 245 haud
222 216 337 244 tamen
365 211 507 244 omnino
533 210 642 242 eidem
669 210 850 242 addictum
876 209 967 242 essel
996 209 1082 252 (7,sz
1110 207 1235 250 dienst‚
1254 206 1383 248 ,sodoch
1410 207 1463 238 m't
1485 215 1555 248 yar
1580 201 1864 246 incorporiert“)

99 265 307 307 acceperint,
339 264 511 305 Boo-ysam
537 267 676 305 royant,
706 263 903 304 permittat,
938 266 976 294 ut
1012 262 1053 294 de
1086 261 1211 302 inopIa
1245 269 1312 292 sna
1341 269 1410 301 per
1441 258 1616 291 Thomam
1651 256 1867 289 sublevanda

97 318 167 351 sibi
192 321 368 350 caveatur.

103 419 252 456 1637.
328 420 458 454 Vener.
485 417 919 454 MAGDALENA
946 419 1083 462 regina,
1110 416 1281 452 Austriae
1307 415 1555 451 archiducissa
1582 413 1785 449 CANISIO.

974 471 1174 516 Oeniponte
1200 469 1296 503 circa
1321 468 1463 502 initium
1490 480 1536 504 m.
1558 467 1691 512 Aprilis
1719 466 1821 501 1569.

219 536 275 570 Ex
301 536 456 581 epistula
482 536 526 570 ad
552 536 732 580 Borgiam,
760 536 802 569 de
829 548 899 580 qua
926 536 1030 578 infra,
1058 547 1113 580 ep.
1132 547 1165 569 n.
1188 534 1289 568 1644.

224 602 393 636 Canisms
427 603 589 645 Auffltsta
626 603 658 635 8.
686 602 830 643 Aprilis
858 603 950 635 1569
987 602 1022 635 S.
1052 601 1248 634 Francisco
1285 598 1441 641 Boryz'ae
1470 598 1677 641 praeposito
1712 596 1873 639 qenerali

100 657 265 699 scripsit:
302 655 479 699 „Scripsit
516 657 646 688 iterum
684 655 732 687 ad
768 667 820 688 me
858 656 997 698 Reyina
1033 653 1268 697 Maydalena,
1307 652 1454 694 inffyne
1491 652 1612 693 ferens
1650 650 1690 683 P.
1718 650 1871 682 Paulum

107 710 292 752 Oeniponti
327 719 396 742 non
432 709 567 741 diutius
601 706 795 751 relinqui.“
847 709 906 741 Ad
941 708 1078 741 easdem
1114 705 1351 748 Maydalenae
1389 704 1537 746 litteras,
1566 707 1667 746 puto,
1702 706 1871 745 spectant,

102 773 193 806 quae
209 763 376 798 Cam'sins
401 764 440 795 in
467 763 586 794 eadem
605 762 756 805 epistula
769 762 883 804 paulo
909 761 1013 803 infra
1038 763 1160 793 notat:
1187 759 1384 803 „Quor-itur
1401 761 1431 790 et
1450 757 1598 800 Reyina,
1625 756 1719 799 quod
1744 756 1875 788 rectius

97 820 197 859 putet
221 827 255 849 se
279 818 444 849 meritam
468 816 510 848 de
533 816 705 858 societate,
741 826 848 858 quam
873 819 912 848 ut
938 815 1119 858 repulsam
1139 813 1319 856 patiatur,
1355 821 1433 844 cum
1456 811 1543 853 petit
1571 810 1688 843 Halae
1713 819 1825 841 unum
1859 819 1875 840 e

103 871 235 903 nostris
259 866 571 903 contionatorem.“

223 933 388 967 Canisius
428 933 673 974 desiderabat,
712 935 752 967 ut
790 932 830 967 P.
858 932 994 967 Paulus
1033 930 1205 965 Hoffaeus
1244 929 1431 973 aliquanto
1469 930 1551 972 post
1589 925 1725 971 pascha
1766 925 1874 969 (quod

106 987 160 1021 10.
187 987 322 1032 Aprilis
348 987 510 1021 futurum
537 988 630 1030 erat)
669 987 858 1029 Augustae
893 997 958 1020 suo
984 986 1062 1020 loco
1089 984 1372 1019 contionatorem
1409 982 1452 1016 ad
1480 981 1514 1015 S.
1543 979 1704 1014 Mauritii
1730 981 1875 1022 ageret;

103 1041 180 1085 ipse
216 1041 308 1074 enim
344 1040 554 1074 refutationi
582 1040 845 1081 Centuriarum,
882 1051 989 1084 quam
1023 1039 1110 1072 Pius
1128 1037 1171 1072 V.
1200 1038 1231 1071 ei
1258 1036 1506 1076 mandaverat,
1542 1045 1674 1068 vacare
1710 1032 1875 1073 volebat;

102 1106 137 1128 v.
165 1105 274 1139 supra
301 1106 333 1139 p.
353 1094 440 1135 28&
469 1094 515 1128 cf.
542 1094 651 1128 etiam
677 1093 782 1135 infra,
811 1105 864 1138 ep.
883 1105 916 1127 n.
940 1093 1043 1128 1650.

104 1190 259 1228 1638.
359 1190 854 1228 FERDINANDUS
895 1190 970 1226 II.
1010 1190 1205 1231 archidux,
1248 1188 1415 1234 princeps
1457 1187 1588 1221 Tirolis
1631 1188 1667 1220 et
1709 1184 1877 1219 Austriae

295 1247 437 1280 anticae
463 1244 665 1280 CANISIO.
979 1244 1178 1289 Oeniponte
1206 1242 1302 1277 circa
1328 1241 1469 1275 initium
1495 1252 1542 1275 m.
1562 1239 1697 1285 Aprilis
1727 1239 1830 1273 1569.

225 1312 279 1346 Ex
307 1311 462 1356 epistula
488 1311 530 1345 ad
559 1310 738 1354 Borgiam,
766 1310 809 1344 de
836 1321 906 1353 qua
933 1309 1036 1350 infra,
1065 1321 1119 1354 ep.
1139 1321 1173 1343 n.
1195 1308 1297 1342 1644.

229 1377 398 1410 Canisz'us
416 1377 579 1419 Auyusta
598 1377 629 1410 8.
646 1376 789 1419 Aprilis
809 1378 901 1408 1569
920 1375 1075 1417 Boryiae
1095 1374 1302 1417 praeposito
1326 1372 1489 1416 yenerali
1515 1372 1556 1404 de
1573 1369 1809 1404 Ferdinando
1829 1369 1879 1401 II.

114 1431 247 1464 Tirolt's
276 1431 446 1473 principe
481 1434 511 1463 et
537 1431 578 1462 de
604 1430 643 1463 P.
670 1430 786 1462 Paulo
814 1429 967 1472 Hoffaeo
993 1428 1150 1462 rettulit:
1184 1428 1243 1460 Ad
1270 1438 1321 1459 me
1348 1426 1513 1470 „scripsit
1549 1429 1579 1457 et
1606 1424 1797 1458 Archz‘dzcx
1821 1432 1882 1465 po-

105 1484 255 1526 stactam,
291 1487 329 1516 ut
362 1485 483 1517 saltem
518 1484 566 1516 ad
601 1483 831 1516 Pentecostem
864 1493 975 1525 usque
1009 1482 1118 1514 Pater
1152 1481 1228 1514 illic
1262 1483 1415 1522 maneat,
1453 1479 1571 1522 quoad
1607 1477 1801 1519 confectum
1836 1476 1883 1508 sit

107 1539 284 1580 negotium
311 1534 512 1571 Hallense“.
564 1537 733 1570 Fortasse
767 1537 815 1568 ad
850 1537 986 1569 easdem
1012 1534 1244 1568 Fet-elinandi
1279 1534 1416 1566 litteras
1451 1543 1491 1565 ea
1528 1542 1664 1575 quoque
1688 1530 1882 1573 pertinent,

109 1602 198 1635 quae
224 1593 261 1624 in
292 1590 432 1624 Canisil
458 1590 609 1633 epistula
628 1591 743 1633 paulo
770 1590 873 1631 infra
901 1590 1096 1622 dicuntur:
1132 1588 1331 1633 „Qum-itur
1357 1587 1531 1628 Princeps
1561 1584 1759 1627 Oeniponti,
1795 1583 1883 1615 duos

109 1646 369 1678 contionatores
395 1644 619 1687 Auyttstanis
645 1647 675 1676 et
700 1642 981 1676 Monaehiensib.
1008 1642 1161 1684 concedi,
1187 1641 1257 1674 sibi
1281 1650 1368 1673 uero
1394 1635 1555 1681 neyarif‘

229 1709 300 1743 Cur
327 1709 492 1743 Canisius
518 1708 751 1753 provincialis
778 1708 966 1742 Hoffaeum
994 1705 1205 1751 Oeniponte,
1243 1704 1508 1750 quamprimum
1534 1703 1612 1737 fieri
1639 1702 1773 1747 posset,
1800 1711 1882 1734 avo-

111 1774 192 1797 care
219 1762 385 1805 voluerit,
421 1775 455 1796 v.
483 1774 593 1808 supra
628 1774 662 1807 p.
690 1762 769 1797 288.
830 1761 883 1795 De
917 1761 1062 1804 negotio
1089 1759 1233 1803 collegii
1259 1758 1442 1802 virginum
1478 1759 1514 1790 et
1541 1756 1667 1790 domus
1694 1753 1886 1789 Societatis

110 1815 225 1850 Halae
243 1816 486 1851 instituendae
505 1828 539 1851 v,
555 1827 665 1860 supra
684 1827 716 1860 p.
735 1815 815 1849 262.
847 1814 1039 1849 societatis
1057 1813 1220 1848 homines
1239 1812 1307 1846 hoc
1324 1814 1485 1856 tempore
1504 1809 1687 1844 contiones
1704 1807 1887 1842 habebant

111 1872 300 1913 Augustae
326 1871 362 1904 in
389 1870 542 1904 ecclesia
568 1869 769 1903 cathedrali
796 1871 832 1903 et
858 1869 902 1902 ad
930 1868 963 1902 S.
988 1867 1161 1909 Mam-itii,
1188 1865 1370 1900 Monachii
1395 1865 1432 1898 in
1458 1863 1593 1908 templo
1620 1862 1886 1906 augustiniano,

111 1923 204 1967 quod
232 1924 334 1958 iuxta
353 1923 546 1966 collegium
565 1925 652 1965 erat,
679 1925 716 1956 et
733 1924 922 1968 praeterea
948 1922 983 1955 in
1002 1920 1147 1966 templis
1166 1921 1300 1954 Beatae
1319 1918 1458 1953 Mariae
1469 1917 1631 1960 Virginis
1650 1918 1686 1950 et
1704 1915 1738 1950 S.
1754 1914 1854 1948 Petri
1864 1914 1886 1955 ²,

112 1977 313 2022 Oeniponte
340 1977 375 2011 in
394 1977 476 2011 aula
494 1976 698 2011 archiducis
725 1978 762 2010 et
787 1976 822 2010 in
842 1975 995 2010 ecclesia
1013 1974 1231 2020 parochiali;
1260 1971 1485 2018 parochiales
1504 1983 1590 2005 vero
1608 1970 1674 2004 has
1693 1969 1887 2008 contiones,

112 2041 202 2074 quas
228 2042 343 2074 usque
370 2031 415 2064 ad
440 2031 475 2064 id
502 2033 645 2075 tempus
671 2030 712 2064 P.
738 2029 910 2063 Hoffaeus
936 2029 1104 2070 habebat,
1136 2028 1172 2062 in
1198 2030 1381 2073 posterum
1410 2036 1551 2070 quoque
1577 2036 1597 2058 a
1625 2023 1738 2058 Sociis
1764 2021 1889 2056 haberi

112 2095 218 2128 posse
244 2084 445 2127 negabant3
473 2096 507 2118 v.
535 2095 644 2129 supra
670 2095 703 2128 p.
723 2083 792 2118 262
820 2083 899 2117 278.

112 2188 267 2225 1639.
353 2189 570 2225 CANISIUS
598 2189 659 2226 P.
679 2186 986 2225 ANTONIO
1010 2185 1231 2223 VINCK
1256 2186 1462 2232 provinciae
1488 2184 1671 2218 rhenanae
1698 2181 1890 2217 Societatis

304 2244 384 2278 Iesu
411 2244 626 2289 praeposito.
1031 2243 1198 2285 Augusta
1224 2240 1494 2275 Vindelicorum
1520 2238 1554 2272 4.
1574 2236 1710 2282 Aprilis
1739 2236 1841 2270 1569.

233 2307 290 2342 Ex
307 2307 454 2342 Vinokii
479 2308 612 2342 litteris
638 2307 885 2353 autographis
929 2307 970 2341 G.
999 2307 1064 2352 Ep.
1094 2306 1123 2340 X
1150 2306 1176 2340 f.
1203 2304 1300 2340 261¹&

235 2374 506 2417 Herbipolenses
532 2375 678 2417 instare,
705 2378 744 2407 ut
769 2374 809 2407 P.
830 2373 1088 2406 Stevordianns
1114 2372 1183 2405 sibi
1208 2371 1313 2404 detur
1339 2370 1573 2403 contionator.

234 2441 283 2482 P.
317 2441 531 2483 Antonius
563 2440 696 2481 Vincla
730 2440 975 2494 provinciae
1006 2439 1225 2480 rhenanae
1257 2436 1477 2479 Societatz's
1515 2434 1784 2489 praepositus
1819 2433 1892 2474 Co-

115 2509 230 2549 lonia
263 2508 303 2549 4.
328 2507 442 2548 Maia·
474 2508 590 2547 1569
623 2507 681 2547 ad
714 2507 757 2548 S.
782 2506 1061 2546 Franciscum
1094 2504 1298 2559 Boryicmz
1337 2502 1624 2557 praepo-sitm
1654 2500 1893 2552 ‚qeneralem

117 2574 310 2628 scripsit:
347 2572 419 2624 „Jt
442 2571 694 2613 Reuerendo
717 2571 765 2613 P.
785 2571 929 2612 Pietro
954 2570 1127 2612 Canisio
1147 2583 1225 2624 per
1247 2569 1386 2610 lettere
1407 2581 1481 2608 sue
1505 2566 1605 2607 della·
1636 2566 1663 2606 4
1698 2564 1741 2605 οἷ’
1759 2565 1896 2619 aprile

117 2639 177 2679 mi
208 2640 345 2680 seriae
378 2652 489 2679 come
510 2638 540 2679 il
565 2637 830 2679 Cancellario
854 2641 890 2678 et
912 2636 1168 2678 scholastico
1201 2634 1246 2675 dt
1268 2632 1505 2687 Herbtpoli,
1538 2632 1598 2686 qli
1629 2630 1774 2671 Iamno
1795 2628 1896 2679 fatti

118 2705 340 2756 instantia,
376 2704 489 2744 aceio
522 2703 593 2744 che
625 2703 867 2754 mandasse,
899 2715 977 2756 per
1009 2701 1275 2755 predicatore
1307 2699 1339 2739 it
1373 2698 1435 2739 .P.
1470 2696 1662 2739 Martino
1695 2695 1895 2750 Steyuor-

121 2770 252 2810 diemo
286 2769 343 2810 ad
373 2766 638 2823 Herbipoli.“

244 2886 253 2906 ¹
281 2885 334 2920 Cf.
362 2897 472 2930 supra
498 2897 532 2930 p.
551 2885 647 2919 253².

241 2940 255 2960 ²
282 2941 461 2973 Antonius
502 2940 707 2973 Baldm‘nns
750 2937 784 2972 S.
816 2938 848 2972 J.
893 2937 928 2970 in
971 2935 1147 2970 ÷“Litteris
1190 2934 1318 2968 annuis
1360 2932 1655 2972 monacensibus,
1706 2929 1898 2965 Monachio

124 2995 154 3027 1.
182 2992 349 3027 Octobris
378 2993 469 3027 1568
504 2992 618 3027 datis:
656 2992 752 3026 Duos
793 2991 1080 3033 „contionatores
1118 2988 1337 3023 ordinarios“
1370 2987 1580 3027 habuimus;
1618 2996 1769 3029 quorum
1806 2983 1899 3018 alter

122 3047 158 3133 ifn
183 3046 329 3091 templis
356 3046 394 3079 B.
423 3046 472 3080 M.
490 3045 533 3080 V.
571 3048 606 3079 et
634 3045 668 3079 S.
696 3045 806 3086 Petri,
843 3044 936 3078 alter
970 3043 1006 3077 in
1041 3044 1163 3076 nostro
1191 3041 1334 3075 dicebat
1362 3041 1424 3083 (ex
1450 3039 1667 3084 archetypo3
1702 3037 1745 3072 G.
1772 3037 1837 3082 Ep.
1866 3036 1899 3070 X

135 3100 148 3134 '.
179 3099 393 3142 161—162).
