2044 3335
557 133 656 167 Inter
682 145 727 168 m.
747 134 955 177 Augustum
983 136 1019 168 et
1044 133 1279 168 Decembrem
1309 133 1411 168 1567.
1812 137 1864 178 79

90 253 211 295 Clero
245 256 290 295 et
321 252 365 294 in
397 266 521 294 usum
545 252 769 294 Ecclesiae
801 252 916 295 uerti
947 255 1142 307 possent,
1176 252 1371 305 adeoque
1404 253 1615 295 deberent
1647 266 1702 294 ex
1725 253 1866 296 officio

92 317 353 372 Episcopali.

210 383 392 425 Caetera
434 396 545 435 quae
578 396 604 424 a
636 382 761 424 Clero
803 397 889 424 non
922 382 1052 424 facile
1085 382 1401 433 obtinerentur,
1444 382 1593 425 uideat
1625 382 1867 437 Episcopus

90 462 174 501 quo
206 448 301 489 loco
334 447 441 489 uelit
479 447 652 490 habere.
719 447 762 489 Si
795 462 880 489 non
913 449 1061 502 potest
1094 447 1314 501 Synodum
1348 447 1568 489 solennem
1603 448 1864 499 caelebrare,

91 516 136 556 at
169 511 326 554 faciem
358 515 507 555 tamen
541 511 632 553 eius
655 512 844 565 aliquam
868 512 1059 554 retinere
1084 512 1328 554 consultum
1352 515 1490 554 esset:
1525 514 1590 554 Ac
1612 515 1868 567 praeterea²¹

90 577 295 620 Pontifex
317 576 534 619 maximus
558 591 635 631 per
657 577 811 620 literas
834 577 1025 619 monerib
1046 580 1197 631 posset
1220 578 1272 619 de
1294 577 1541 631 praecipuis
1565 578 1719 629 causis,
1756 592 1867 631 quae

89 643 303 697 synodum
350 644 396 684 et
441 641 798 684 reformationem
846 656 897 684 ac
940 642 1117 696 Concilij
1164 642 1407 684 Tridentini
1452 643 1754 685 executionem
1798 657 1866 685 re—

89 709 316 749 morantur
347 706 428 749 hoc
459 710 657 761 tempore
690 710 734 750 et
767 707 1020 749 difficillimo
1054 708 1148 749 loco
1163 708 1191 750 1.

209 772 416 814 Fortasse
448 772 678 826 prodesset
710 772 827 814 aliud
860 787 1030 826 quoque
1063 773 1272 826 scriptum
1296 772 1339 813 in
1364 772 1525 814 Vrbem
1559 772 1749 823 mittere,
1784 787 1867 826 quo

92 837 563 892 comprehenderentur
611 851 675 887 ea,
725 852 836 891 quae
883 838 1075 892 petenda
1119 839 1221 879 sunt
1266 838 1320 879 ab
1359 837 1614 892 Apostolica
1657 838 1768 880 Sede
1813 838 1868 880 ad

90 903 450 956 gubernationem
483 902 728 944 liberiorem
764 906 808 945 et
840 903 1103 945 securiorem
1144 902 1280 946 totius
1314 903 1552 954 Ecclesiae,
1599 903 1711 946 sicut
1753 903 1869 945 circa

91 967 358 1010 monasteria
400 970 444 1009 et
485 968 694 1010 beneficia
738 968 957 1018 uacantia,
1003 968 1119 1010 circa
1163 969 1577 1019 excommunicatos,
1612 969 1867 1022 Apostatas,

90 1033 380 1087 Jrregulares,
415 1036 464 1075 ut
495 1033 538 1075 in
572 1033 709 1075 sacris
741 1034 911 1088 possint
944 1033 1128 1083 admitti,
1164 1033 1279 1075 circa
1307 1033 1569 1076 simoniacos
1593 1037 1637 1076 et
1658 1035 1867 1088 relapsos.

90 1098 147 1140 Jn
179 1098 245 1140 his
279 1098 504 1140 cautione⁰
536 1098 735 1152 diligenti
768 1113 875 1153 opus
908 1102 988 1149 est,
1031 1099 1066 1140 si
1109 1113 1320 1140 canonum
1363 1099 1682 1153 praescriptum
1716 1102 1760 1140 et
1794 1099 1869 1140 ob-

92 1163 325 1206 edientiam
357 1177 524 1205 summo
557 1164 725 1218 pastori
759 1164 950 1206 debitam
983 1164 1105 1217 sequi
1138 1164 1335 1206 uelimus.

212 1229 437 1271 Postremo
471 1230 523 1271 de
556 1229 752 1280 subditis,
789 1230 1001 1283 quomodo
1032 1230 1118 1272 illis
1142 1229 1397 1271 Ordinarius
1430 1229 1592 1272 habeat
1626 1229 1867 1279 attendere,

92 1308 204 1336 nunc
246 1294 448 1336 monendi
489 1295 609 1336 locus
651 1309 736 1336 non
779 1297 859 1346 est,
904 1298 947 1338 et
985 1295 1123 1337 multa
1166 1294 1331 1336 dehoc
1363 1295 1540 1348 negotio
1574 1295 1738 1349 scripta
1771 1295 1868 1336 dedi

94 1359 318 1414 Herbipoli
350 1363 450 1413 post
481 1360 643 1403 festum
676 1361 900 1415 paschatis
913 1362 942 1411 2,
978 1374 1088 1414 quae
1121 1374 1234 1402 nunc
1267 1363 1466 1414 repetere
1498 1375 1583 1402 non
1617 1360 1791 1402 attinet.

741 1432 872 1474 Saluo
905 1445 1077 1486 semper
1108 1432 1268 1474 iudicio
1302 1432 1455 1474 melius
1488 1431 1808 1475 sentientiumd.

213 1511 409 1547 Consilium
436 1512 502 1546 hoc
530 1524 550 1547 a
570 1512 714 1546 Canisio
733 1512 914 1547 Friderico
942 1513 1108 1558 episcopo
1128 1513 1369 1558 herbipolensi
1399 1514 1521 1548 datum
1542 1525 1621 1548 esse
1644 1512 1870 1556 intellegitur

93 1578 137 1600 ex
164 1566 219 1607 iis,
247 1578 338 1610 quae
366 1566 440 1600 dixi
467 1577 578 1611 supra
604 1578 636 1611 p.
666 1567 730 1608 74;
758 1579 803 1600 ex
830 1570 992 1600 extremo
1019 1570 1140 1600 autem
1168 1567 1317 1601 consilio
1345 1568 1584 1611 cognoscitur,
1610 1567 1727 1612 ipsum
1757 1578 1776 1599 a
1805 1565 1868 1600 Ca—

91 1619 182 1654 nisio
217 1632 287 1653 non
324 1631 403 1654 esse
439 1620 682 1664 conscriptum
720 1619 828 1654 simul
865 1632 944 1654 cum
980 1620 1213 1663 „Thesibus“‚
1250 1633 1341 1665 quas
1377 1621 1523 1655 ineunte
1559 1632 1605 1655 m.
1633 1620 1749 1665 Aprili
1779 1620 1866 1653 1567

91 1673 277 1718 Herbipoli
304 1675 340 1708 in
366 1685 470 1708 usum
499 1674 659 1708 eiusdem
679 1674 838 1719 episcopi
858 1675 1077 1718 compositas
1096 1675 1198 1719 posui
1220 1676 1308 1709 Can.
1322 1675 1353 1708 V
1371 1675 1573 1714 eno—417,
1600 1675 1663 1708 sed
1683 1674 1868 1717 aliquanto

91 1729 191 1772 post,
231 1727 354 1761 eodem
390 1729 511 1761 tamen
547 1738 651 1769 anno,
688 1739 803 1771 neque
840 1727 1038 1772 Herbipoli,
1077 1728 1138 1762 sed
1179 1727 1249 1762 alio
1287 1728 1377 1762 1000.
1439 1727 1615 1770 0311151115,
1653 1739 1733 1761 011111
1768 1725 1869 1760 initio

93 1792 138 1815 111.
166 1780 301 1825 Aprilis
328 1780 515 1825 Herbipoli
542 1781 788 1821 discessisset,
826 1783 982 1815 exeunte
1017 1793 1063 1815 111.
1092 1781 1192 1815 1111110
1220 1781 1336 1816 (1011110
1371 1793 1435 1826 per
1461 1781 1600 1825 aliquot
1626 1781 1701 1814 dies
1736 1780 1868 1814 ibidem

93 1838 253 1869 moratus
279 1837 335 1869 est
363 1835 470 1877 (Can.
484 1834 514 1867 V
534 1834 738 1878 504—508)
755 1848 762 1876 ;
790 1835 946 1869 fortasse
964 1835 1064 1869 hisce
1083 1835 1208 1870 diebus
1228 1835 1415 1870 consilium
1440 1835 1702 1880 „postulatun1“
1725 1833 1868 1878 quidem

93 1891 160 1930 est,
186 1889 250 1922 sed
277 1888 320 1922 ob
347 1889 518 1932 temporis
546 1889 736 1931 angustias
767 1889 956 1933 „proponi“
986 1901 1057 1923 non
1084 1889 1220 1934 potuit,
1249 1901 1366 1933 neque
1393 1892 1477 1923 ante
1502 1901 1548 1923 m.
1569 1890 1777 1932 Augustum
1805 1888 1868 1922 Ca-

91 1942 207 1976 nisius
224 1944 369 1987 tempus
386 1941 634 1985 tranquillum,
662 1953 732 1986 quo
755 1942 1030 1987 „propositioni“
1062 1942 1113 1976 illi
1133 1954 1264 1977 vacare
1290 1943 1426 1984 liceret,
1455 1945 1583 1976 nactus
1607 1953 1686 1976 esse
1706 1941 1867 1980 videtur:

93 2007 204 2040 quare
239 2007 319 2029 011111
346 1995 440 2030 inter
466 2008 511 2030 m.
540 1998 748 2039 Augustum
784 1998 821 2030 et
846 1996 1082 2030 Decembrem
1112 1996 1361 2041 (Oeniponte‘?
1397 1997 1617 2040 Augustae?
1653 1994 1867 2038 Dilingae·?)

94 2049 284 2094 scripsisse
311 2049 459 2083 conicio.

214 2103 274 2138 Dr.
303 2104 347 2137 N.
372 2104 566 2147 Reininyer
600 2102 820 2137 cathedralis
847 2103 1022 2138 ecclesiae
1049 2103 1313 2148 herbipolensis
1340 2103 1534 2138 canonicus
1561 2114 1592 2137 a.
1615 2103 1703 2137 1865
1732 2103 1773 2136 (10
1801 2102 1868 2135 1100

95 2156 229 2191 Canisii
259 2156 457 2199 „Consilio“
488 2160 524 2191 et
550 2157 592 2190 de
619 2157 779 2191 eiusdem
803 2156 1021 2199 „Thesibus“
1044 2160 1080 2191 et
1106 2157 1423 2202 propositionibus,
1451 2168 1542 2201 quas
1571 2158 1658 2191 Can.
1678 2156 1710 2189 V
1729 2156 1798 2190 410
1825 2156 1868 2189 ad

93 2212 162 2245 417
190 2211 303 2256 posui,
339 2210 390 2244 ita
425 2210 589 2255 scripsit:
632 2209 709 2253 ⁷,Sie
746 2210 868 2254 gelten
899 2212 986 2244 uns“
1018 2231 1059 2235 ———
1089 2211 1225 2245 clerum
1253 2211 1474 2245 Franconiae
1502 2211 1588 2245 dicit
1616 2231 1658 2234 —
1691 2210 1764 2252 „als
1791 2209 1869 2243 eine

94 2264 264 2299 kostbare
290 2264 465 2308 Reliquie.
517 2263 636 2298 VVenn
663 2263 755 2298 auch
791 2264 853 2298 der
879 2264 999 2298 Inhalt
1027 2265 1144 2298 dieser
1170 2265 1417 2299 Actenstiicke
1450 2265 1498 2298 im
1525 2264 1775 2307 Allgemeinen
1802 2275 1870 2296 nur

95 2317 335 2352 historischen
363 2316 493 2350 Werth
521 2316 592 2358 hat,
629 2328 668 2351 so
704 2316 825 2351 finden
861 2317 938 2351 sich
974 2317 1065 2352 doch
1092 2317 1228 2352 sowohl
1264 2318 1300 2351 in
1328 2319 1397 2352 den
1422 2317 1706 2360 Rathschlagen,
1744 2317 1799 2350 die
1832 2327 1870 2349 er

96 2371 210 2405 einem
246 2371 364 2405 hohen
391 2370 694 2404 Kirchenfiirsten
731 2371 812 2414 gab,
853 2371 906 2405 als
942 2371 1035 2405 auch
1072 2372 1266 2406 besonders
1304 2372 1341 2405 in
1379 2372 1447 2405 den
1486 2374 1692 2414 genannten
1728 2370 1869 2404 Thesen

95 2425 247 2459 manche
272 2425 345 2458 und
371 2427 492 2458 ernste
518 2423 768 2465 Wahrheiten,
805 2424 860 2458 die
894 2436 938 2458 zu
965 2425 1060 2459 allen
1088 2425 1209 2459 Zeiten
1235 2444 1281 2449 --
1307 2425 1399 2459 auch
1431 2426 1466 2458 in
1495 2436 1647 2459 unseren
1674 2424 1797 2467 Tagen
1824 2442 1870 2446 -—

95 2479 164 2512 tief
186 2478 394 2521 beherziget
420 2490 463 2511 zu
490 2478 634 2512 werden
661 2478 877 2512 verdienen“
911 2478 949 2522 (l.
977 2490 1005 2512 c.
1033 2478 1154 2513 XVIII
1185 2478 1281 2522 177).

216 2550 243 2581 a)
264 2548 428 2581 propterea
448 2550 481 2573 R.
544 2547 573 2580 b)
594 2555 719 2574 monere
740 2550 766 2573 A
781 2550 816 2573 B.
886 2549 911 2579 0)
933 2548 1077 2574 contione
1098 2550 1142 2580 A;
1163 2548 1308 2574 concione
1328 2550 1363 2574 B.
1429 2548 1458 2577 (1)
1480 2548 1668 2573 sentientnm
1688 2548 1722 2572 R.
1756 2547 1869 2573 Ibidem

95 2591 230 2623 sequitur
251 2592 292 2616 vel
308 2591 410 2622 potius
429 2594 630 2616 extremarum
651 2591 819 2615 litterarum
840 2591 969 2622 mai-[lini
989 2591 1150 2622 ascriptum
1173 2594 1230 2615 est:
1258 2590 1424 2616 Consilium
1445 2590 1659 2622 Theologieum
1680 2588 1714 2614 D.
1730 2588 1870 2615 Doctoris

97 2631 219 2658 Canisii.

221 2711 231 2730 ¹
259 2708 456 2744 Concilium
475 2708 724 2743 Tridentinum
743 2709 901 2753 synodos
921 2709 1155 2744 dioecesanas
1181 2709 1334 2753 singulis
1362 2710 1466 2744 annis
1491 2710 1617 2744 haberi
1644 2711 1800 2745 iusserat
1827 2714 1873 2753 et,

98 2764 182 2808 quid
220 2764 256 2797 in
295 2763 339 2797 iis
374 2763 554 2806 agendum
589 2764 701 2805 esset,
737 2763 1012 2807 significaverat
1042 2764 1146 2807 (sess.
1174 2765 1229 2805 24,
1267 2764 1309 2797 de
1344 2763 1409 2797 ref.
1444 2775 1472 2798 0.
1501 2764 1521 2797 2
1549 2765 1571 2797 4
1600 2765 1672 2808 10).
1724 2765 1874 2799 Praeter

98 2818 240 2852 Bullam
267 2817 381 2851 Roma
407 2817 463 2851 26.
492 2817 650 2850 Ianuarii
671 2817 762 2851 1564
789 2817 922 2857 datam,
956 2829 1026 2861 qua
1054 2817 1141 2851 Pius
1172 2817 1230 2851 IV.
1258 2817 1451 2851 concilium
1477 2817 1712 2852 confirmabat
1739 2822 1775 2852 et
1802 2819 1872 2863 epi—

97 2872 217 2916 scopis
235 2871 410 2911 omnibus,
437 2871 477 2904 ut
503 2871 580 2905 eius
601 2871 747 2905 decreta
765 2871 1003 2905 observarent
1029 2874 1065 2905 et
1083 2871 1310 2905 observanda
1328 2874 1508 2913 curarent,
1536 2873 1753 2915 gravissime
1772 2883 1872 2917 prae-

98 2925 254 2970 cipiebat
282 2925 332 2969 (v.
357 2925 442 2959 Can.
463 2924 512 2958 IV
530 2924 749 2967 474—475).
786 2924 991 2958 Fridericus
1018 2925 1242 2967 aXVirsberg
1262 2925 1370 2959 Brevi
1388 2925 1502 2959 Roma
1530 2926 1585 2960 23.
1605 2926 1761 2960 Ianuarii
1783 2927 1872 2960 1566

100 2980 182 3013 dato
217 2990 281 3024 per
307 2978 342 3013 S.
374 2978 472 3012 Pium
501 2978 544 3012 V.
571 2978 807 3022 singulariter
841 2977 963 3012 iussus
989 2981 1069 3012 erat
1095 2979 1181 3012 cleri
1209 2990 1327 3013 mores
1352 2980 1549 3013 reformare
1584 2982 1621 3013 et
1646 2979 1787 3013 concilii
1815 2980 1873 3013 de-

99 3035 199 3067 creta
219 3032 412 3075 diligenter
430 3031 623 3066 observare
640 3031 729 3075 (lae.
742 3032 968 3065 Laclercltius
983 3031 1112 3075 Congr.
1126 3032 1238 3073 Orat„
1251 3032 1412 3067 Annales
1423 3032 1671 3067 Ecclesiastici
1685 3035 1710 3067 t.
1726 3032 1873 3073 XXXV,

100 3085 341 3127 Barri-Ducis,
370 3085 521 3119 Parisiis
548 3088 615 3120 etc.
646 3085 746 3127 1880,
773 3085 809 3119 in
837 3097 868 3119 a.
890 3086 991 3127 1566,
1019 3097 1053 3120 11.
1081 3086 1178 3129 223).

219 3140 232 3160 2
259 3139 331 3173 Sub
358 3139 501 3173 initium
527 3151 573 3173 m.
600 3139 737 3184 Aprilis
765 3140 876 3179 1567;
905 3151 939 3173 V.
972 3140 1057 3174 Can.
1086 3139 1117 3173 V
1144 3141 1344 3175 410—417.
