2044 3335
150 101 236 142 470
328 99 427 133 1746.
456 97 497 132 O.
515 97 714 132 Truchsess
742 96 784 129 de
811 95 1012 139 waldburg
1039 95 1125 130 Gan.
1170 96 1271 131 1747.
1300 97 1326 131 Ι.
1346 96 1500 131 Rethius
1527 97 1561 132 S.
1578 97 1611 131 J.
1638 96 1725 132 Can.

268 213 453 258 Epistulae
479 212 562 246 huic
589 212 623 245 in
650 211 805 254 registro
826 210 962 254 (Germ.
983 211 1044 254 71)
1073 223 1138 245 nec
1165 212 1264 246 locus
1291 223 1357 246 nec
1381 214 1523 256 tempus
1549 211 1709 256 ascripta
1734 214 1837 252 sunt;
1865 223 1910 246 ex

149 267 226 312 ipso
253 269 371 301 tamen
397 266 543 308 registri
570 265 657 304 loco,
694 276 763 308 quo
790 264 907 309 posita
933 266 998 304 est,
1026 264 1146 308 colligi
1173 266 1303 309 potest,
1339 276 1417 298 eam
1444 265 1556 298 Roma
1582 264 1679 298 circa
1705 265 1737 298 d.
1765 264 1821 300 22.
1840 266 1910 298 Au·

150 320 246 364 gusti
272 320 392 353 datam
419 330 518 358 esse:
547 330 591 351 ex
618 317 750 351 litteris
777 320 897 351 autem
919 318 971 351 10.
989 317 1154 352 Octobris
1171 319 1259 351 1571
1288 318 1393 358 datis,
1421 317 1549 361 quibus
1569 316 1733 352 Canisius
1761 318 1805 352 ad
1832 329 1910 352 eam

149 373 343 418 respondit,
369 371 603 414 intellegitur,
631 382 708 404 eam
736 372 812 415 ipso
839 371 899 405 illo
927 371 982 404 22.
1003 371 1159 414 Augusti
1186 383 1265 405 esse
1293 372 1424 405 datam.

267 425 514 469 Praeceptum,
542 424 634 468 quod
654 425 798 458 Natalis
815 424 1021 467 reginarum
1048 427 1084 458 et
1103 423 1235 458 Canisii
1254 426 1383 468 rogatu
1404 424 1549 458 Hoffaeo
1570 424 1782 468 provinciali
1802 424 1910 465 dedit,

149 480 204 514 21.
226 478 301 521 (vel
319 477 390 521 22.)
411 477 567 521 Augusti
589 478 674 511 1571
704 477 760 512 his
787 477 908 511 verbis
935 489 1146 522 expressum
1174 480 1247 511 est:
1279 478 1341 519 „V.
1362 477 1403 511 R.
1427 477 1589 510 andando
1616 477 1658 511 de
1685 489 1732 511 un
1752 477 1910 520 Collegio

148 532 183 566 al
209 531 300 565 altro
337 533 373 564 et
407 542 469 575 per
503 530 538 564 la
566 530 754 565 prouincia
782 531 875 564 vada
910 542 930 564 a
957 530 1091 572 caualo,
1129 532 1164 564 et
1189 531 1329 575 procuri
1357 541 1550 564 conseruat·
1584 530 1620 564 la
1645 530 1762 564 sanita
1800 541 1861 574 per
1887 530 1912 564 il

149 584 305 628 seruigio
332 583 388 618 del
408 583 558 627 Signore
583 587 682 618 tanto
708 584 769 628 piu
796 584 927 618 esendo
954 586 1082 628 questa
1108 583 1311 617 necessaria
1337 583 1409 617 alla
1434 583 1571 617 faticha
1597 583 1653 617 del
1679 594 1743 617 suo
1770 583 1907 617 officio‘

150 639 211 682 (ex
239 649 361 682 apogr.
389 637 498 672 eiusd.
526 640 654 683 temp.;
684 637 802 672 Germ.
832 638 873 671 71
902 637 926 671 f.
954 636 1042 681 26³).
1093 636 1203 670 Plura
1230 636 1311 670 vide
1338 637 1431 681 apud
1458 637 1576 680 Dalm,
1604 636 1677 670 Jes.
1705 636 1720 669 1
1746 636 1825 670 795.

149 757 300 795 1746.
361 759 562 794 Oai-dinalis
589 757 772 794 OTTo
802 757 1202 794 TRUCHSESS
1230 757 1322 793 DE
1349 755 1751 794 WALDBURG
1779 758 1912 803 episco-

336 824 404 857 pus
430 813 681 858 praenestinus
708 815 743 846 et
770 815 994 856 augustanus
1022 811 1224 847 CANISIO.

989 864 1102 898 Roma
1128 865 1221 899 inter
1247 876 1292 899 m.
1312 865 1452 898 Iunium
1480 866 1515 898 et
1542 864 1734 898 Octobrem
1762 864 1864 898 1571.

266 929 320 964 Ex
347 930 559 964 Theoderici
586 929 719 964 Canisii
746 929 980 974 autographo.
1018 929 1059 964 G.
1087 929 1152 974 Ep.
1179 929 1259 964 coll.
1286 930 1300 963 I
1327 929 1351 964 f.
1379 928 1476 964 274¹).

267 991 320 1024 De
345 991 487 1023 ecclesia
514 990 656 1033 colleyio
682 991 867 1033 dz'linymzo
894 1001 916 1022 a
940 1001 975 1023 se
1001 990 1225 1023 exstruenda.

266 1050 305 1082 P.
342 1049 580 1083 [Pheodoricns
625 1050 792 1082 Canis-tus
841 1050 1084 1082 universitatis
1135 1049 1335 1092 collegitque
1376 1049 1555 1091 diltizyani
1596 1052 1712 1082 rector
1764 1048 1913 1089 Dilinya

152 1105 207 1137 11.
231 1103 388 1136 Octobris
408 1105 498 1136 1571
525 1104 564 1136 Ρ.
584 1104 802 1145 Hieronymo
820 1103 947 1135 Natali
974 1103 1158 1136 Soce'etatis
1183 1103 1318 1135 vicario
1341 1103 1501 1144 yenerali
1527 1103 1568 1134 de
1595 1101 1773 1134 cardinali
1794 1101 1914 1134 Ottone

155 1156 347 1189 Truchsess
381 1158 540 1199 episcopo
561 1158 792 1199 praenestino
828 1160 857 1188 et
883 1160 1096 1199 augustano,
1120 1156 1263 1195 *Romae
1288 1156 1436 1199 deycnte,
1463 1156 1627 1197 scripsit:
1664 1155 1841 1199 „Scripsit
1867 1154 1914 1186 ad

150 1210 192 1243 R.
219 1210 258 1243 P.
289 1210 474 1243 Cani-sium
507 1210 609 1242 semel
643 1214 674 1242 et
707 1211 837 1242 iterum
863 1210 1192 1242 Reuerendtsstmus
1226 1213 1354 1251 noster,
1389 1210 1554 1251 cupiens&
1581 1209 1761 1250 exemplar
1793 1208 1915 1249 futuri

150 1263 270 1306 templi
295 1263 411 1296 nostri
436 1263 483 1295 ad
506 1273 543 1295 se
568 1264 671 1305 mitti,
703 1267 897 1305 propterea
923 1263 1016 1305 quod
1041 1263 1088 1295 ad
1114 1263 1189 1295 eius
1213 1267 1432 1295 structuram
1454 1264 1575 1304 primo
1601 1272 1736 1305 quoque
1761 1265 1914 1303 tempore

151 1315 390 1349 inchoandam
415 1319 507 1349 totus
532 1317 576 1348 sit
599 1327 806 1359 propensus.
859 1315 932 1349 Nos
956 1316 1204 1358 fundationem
1229 1316 1433 1348 mallemus:
1457 1316 1517 1348 sed
1544 1326 1621 1347 cum
1645 1315 1788 1356 frustra
1815 1313 1914 1346 illam

150 1380 345 1412 vrgyeam'u-S,
381 1370 633 1412 acceptandum
660 1370 809 1413 videtur,
846 1369 1015 1412 quicquid
1041 1369 1129 1402 citro
1156 1369 1485 1402 Reuerend-issimus
1511 1370 1625 1410 offert,
1660 1379 1703 1400 ne
1737 1367 1916 1410 rtrobique

148 1423 379 1465 frustremur.
430 1423 507 1466 Eyo
533 1434 608 1455 mea
634 1424 914 1465 ‘importunitate
941 1427 973 1455 vt
999 1422 1210 1455 architectus
1235 1423 1282 1455 ad
1308 1433 1372 1455 uos
1396 1423 1529 1454 reniret
1555 1426 1585 1454 et
1610 1421 1730 1463 templi
1753 1421 1912 1464 spacium

149 1477 359 1520 desiynaret,
388 1477 532 1509 necdum
560 1480 768 1520 extorquere
793 1477 892 1519 apud
918 1476 1089 1518 officiales
1111 1477 1222 1519 potui.
1261 1476 1410 1519 Per-qam
1438 1481 1553 1508 tamen
1578 1485 1710 1517 rrycre,
1736 1485 1779 1507 ne
1805 1474 1916 1507 Reue-

150 1530 356 1572 rendissimj
378 1530 552 1562 voluntati
578 1527 763 1562 desimusf‘

268 1588 449 1623 Cardinali
476 1588 675 1623 Truchsess
702 1600 733 1622 a.
755 1588 844 1622 1573
872 1587 1006 1622 Romae
1032 1590 1189 1628 mortuo,
1224 1586 1350 1631 templi
1386 1586 1559 1630 dilingani
1594 1585 1807 1620 aedificandi
1833 1597 1913 1620 con-

153 1641 270 1675 silium
300 1641 499 1685 depositum
528 1641 587 1675 vel
614 1641 764 1675 dilatum
800 1643 854 1675 est
881 1653 994 1685 usque
1029 1640 1071 1675 ad
1108 1653 1139 1675 a.
1169 1641 1268 1680 1610,
1307 1651 1375 1684 quo
1410 1640 1644 1673 fundamenta
1679 1639 1796 1684 posita
1830 1640 1915 1673 sunt

148 1695 322 1729 ecclesiae
342 1695 475 1729 Beatae
494 1695 631 1729 Mariae
645 1695 807 1738 Virginis
833 1695 869 1728 in
887 1694 1023 1729 caelum
1045 1696 1262 1738 assumptae,
1289 1704 1381 1737 quae
1407 1693 1451 1727 ab
1471 1693 1626 1726 Henrico
1645 1692 1687 1727 de
1706 1692 1912 1734 Knoringen

149 1748 315 1793 episcopo
353 1751 555 1792 augustano
593 1748 784 1782 aedificata
823 1751 859 1782 et
897 1760 927 1782 a.
957 1749 1046 1782 1617
1087 1749 1306 1785 consecrata,
1344 1746 1448 1780 hodie
1487 1757 1628 1790 quoque
1667 1748 1788 1779 exstat
1822 1747 1914 1787 (Jos.

149 1802 279 1835 Braun
311 1801 345 1835 S.
365 1802 408 1842 J„
444 1801 510 1835 Die
546 1801 839 1836 Kirchenbauten
875 1802 937 1835 der
973 1801 1171 1835 deutschen
1198 1800 1363 1835 Jesuiten
1395 1800 1438 1840 H,
1475 1799 1649 1842 Freiburg
1675 1799 1697 1833 i.
1722 1798 1782 1833 ΒΓ.
1812 1799 1913 1839 1910,

151 1969 301 2006 1747.
438 1969 500 2005 Ρ.
528 1969 826 2006 IOANNES
853 1969 1162 2006 RETIIIUS
1191 1968 1244 2005 S.
1271 1967 1325 2004 J.
1354 1968 1569 2002 coloniensis
1595 1967 1777 2013 gymnasii
1803 1967 1913 2001 trium

342 2035 552 2058 coronarum
578 2036 708 2068 regens
736 2024 936 2059 CANISIO.
1329 2022 1475 2056 Colonia
1502 2022 1557 2057 30.
1578 2022 1735 2065 Augusti
1765 2021 1866 2055 1571,

270 2089 324 2123 Ex
351 2089 553 2123 litterarum
580 2089 845 2130 commentario,
874 2089 976 2132 quod,
1004 2089 1117 2133 ipsius
1135 2087 1254 2121 Rethii
1283 2099 1390 2121 manu
1417 2087 1602 2132 scriptum,
1630 2088 1751 2120 exstat
1776 2086 1811 2119 in
1831 2084 1914 2119 Cod.

152 2142 264 2176 colon.
297 2142 442 2184 „Reth.“
477 2142 526 2186 (v.
550 2143 636 2176 Can..
656 2143 688 2176 ΙΙ
707 2144 743 2185 L)
772 2143 793 2176 2
815 2142 936 2187 (Epp.)
966 2142 991 2176 f.
1019 2141 1152 2175 52—622.
1190 2141 1391 2175 Earundem
1418 2140 1622 2174 litterarum
1649 2139 1795 2173 brevem
1821 2149 1914 2172 sum-

151 2207 245 2229 mam
272 2196 391 2240 posuit
416 2195 569 2230 Rethius
594 2196 630 2229 in
657 2197 732 2229 suis
755 2194 1108 2240 „Ephemeridibus“,
1134 2195 1169 2228 in
1196 2195 1332 2228 a.1571
1366 2194 1426 2237 (ex
1453 2192 1658 2238 apographo
1684 2192 1750 2226 sub
1776 2203 1807 2226 a.
1825 2191 1914 2226 1620

150 2249 304 2294 scripto;
332 2248 415 2283 Cod.
443 2248 555 2283 colon.
579 2248 740 2291 „Reth.“,
768 2248 856 2293 Eph.
876 2248 901 2283 f.
921 2247 1012 2292 50¹³).
1045 2247 1248 2282 Particulas
1274 2247 1475 2281 litterarum
1503 2258 1548 2280 ex
1574 2245 1828 2280 commentario
1855 2256 1914 2278 ex-

150 2302 296 2347 scripsit
322 2304 470 2337 Hansen
496 2302 519 2336 l.
547 2314 576 2336 c.
604 2303 698 2336 603¹.

270 2369 456 2411 Principes
489 2372 720 2411 protestantes
752 2367 894 2400 senatui
926 2366 1120 2409 scripsisse,
1156 2370 1195 2398 w‘
1225 2366 1366 2398 Geusiis
1401 2365 1511 2397 locum
1548 2364 1772 2406 relinqueret.
1823 2362 1916 2404 Effi-

152 2422 311 2454 ciendum
338 2432 418 2464 esse,
444 2425 482 2454 ut
508 2423 704 2463 imperator
729 2426 787 2453 etc.
815 2420 959 2453 eundem
988 2420 1025 2451 tn¹
1047 2420 1229 2461 relz'yiom's
1255 2419 1454 2451 constantia
1480 2417 1695 2458 confirment.
1732 2416 1916 2449 Mortuum

153 2486 221 2507 esse
250 2475 486 2517 Godefridum
509 2476 747 2517 Groppernm,
774 2475 890 2506 cirum
917 2474 1044 2515 optime
1068 2473 1243 2506 meritum.
1285 2472 1329 2505 Se
1354 2472 1525 2514 scriptum
1551 2471 1697 2513 mittere,
1724 2479 1803 2512 quo,
1830 2469 1917 2512 quid

153 2528 305 2570 episcopi
332 2532 522 2571 praestare
547 2528 702 2570 debeant,
738 2538 760 2560 α
794 2538 829 2560 se
854 2527 1120 2559 demonstretur.
1176 2526 1361 2568 Principes
1391 2527 1625 2568 protestantes
1658 2522 1914 2565 convertendos,

153 2581 262 2614 libros
297 2581 484 2614 catholicos
518 2582 564 2613 its
599 2581 813 2613 dedicandos
847 2590 925 2613 esse.
977 2580 1030 2612 De
1057 2579 1162 2612 Sure'z’
1189 2579 1301 2622 „Vitis
1327 2574 1562 2611 Sanctorum“
1591 2580 1621 2608 et
1646 2576 1687 2608 de
1713 2575 1915 2618 compendio

151 2636 354 2675 yermam'co
380 2646 422 2667 ew
447 2635 494 2667 iis
519 2639 549 2667 et
576 2634 712 2677 „Opere
738 2630 978 2666 catechistc’co“
1004 2632 1180 2675 faciendo.

272 2698 526 2741 Reuerendo
566 2700 608 2740 in
642 2699 812 2741 Christo
845 2698 990 2747 Pater,
1035 2697 1173 2739 adhuc
1210 2695 1332 2737 nobis
1364 2694 1631 2748 uigilandum
1665 2697 1731 2736 est
1764 2695 1915 2734 contra

156 2762 333 2814 Guseos,
376 2778 430 2805 ne
470 2764 627 2806 iterum
668 2764 876 2817 irrepant,
919 2763 991 2816 qui
1033 2761 1202 2816 expulsi
1240 2762 1352 2810 sunt,
1396 2763 1440 2802 et
1472 2761 1520 2800 ut
1560 2758 1699 2812 pauci,
1744 2758 1815 2810 qui
1847 2771 1915 2799 re-

154 2832 428 2877 manserunt,
475 2831 774 2870 amoueantur.
847 2828 946 2870 Non
991 2827 1104 2868 enim
1150 2826 1308 2867 dormit
1351 2824 1490 2866 malus
1535 2823 1730 2865 daemon.
1794 2822 1916 2864 Circa

154 2890 313 2933 festum
346 2893 590 2935 natiuitatis
623 2894 665 2936 S.
688 2893 861 2934 Ioannis
895 2892 1138 2946 Baptistae,
1172 2890 1343 2944 quando
1375 2903 1453 2943 pro
1486 2902 1605 2930 more
1632 2887 1838 2929 Consules
1872 2889 1916 2929 et

157 2956 389 2998 Senatores
404 2960 640 3007 mutantur,
658 2961 749 3000 tres
762 2957 982 3011 Principes
998 2957 1222 3006 electores,
1238 2956 1365 3004 Saxo,
1382 2952 1620 3000 Palatinus
1636 2955 1680 2994 et
1690 2951 1915 2994 Branden-

155 3020 371 3073 burgicus‚
396 3021 448 3062 ad
468 3022 672 3063 Senatum
697 3023 847 3064 literas
871 3022 1096 3070 dederunt,
1121 3021 1317 3062 uolentes
1334 3018 1532 3072 sectarijs
1551 3017 1752 3059 Coloniae
1775 3017 1913 3058 locum

276 3095 302 3126 a)
324 3095 357 3118 In
379 3098 490 3126 autoyr.
511 3096 645 3126 sequitur
663 3094 730 3125 sibi,
750 3096 839 3120 omitt.
