2044 3335
160 113 243 154 730
412 113 506 147 Mon.
528 114 619 149 1070
644 114 722 148 sive
749 125 824 149 var.
847 114 914 158 (6).
956 115 1092 150 Diebus
1121 117 1174 151 14.
1194 119 1230 151 et
1258 117 1311 152 15.
1331 118 1537 153 Decembris
1565 121 1666 154 1567.

157 236 258 275 sunt
283 234 322 273 1³
345 231 456 284 quod
478 243 697 282 nunquam
721 230 838 272 uisus
862 234 929 273 est
952 234 1054 274 ante
1091 233 1193 283 plius
1222 234 1544 282 periclitaremur,
1582 249 1659 274 non
1689 237 1918 287 comparuit.

157 298 262 340 fflUd
304 295 551 350 pericnlum·
617 295 658 334 2³
702 295 804 347 qUia
845 309 929 337 non
971 296 1055 338 fUit
1093 309 1142 355 3³,
1183 309 1216 346 si
1245 309 1388 348 fuisset
1415 310 1542 355 homo,
1578 312 1781 360 prandium
1810 313 1916 350 mini-

156 365 310 416 postea
328 359 512 413 amplius
535 358 652 400 uisus
676 373 701 401 a
724 360 868 401 nobisa
885 362 1055 413 quando

157 440 328 469 eramus
361 427 488 466 extra
521 423 772 477 periculum.
816 427 858 466 3¹²-
890 425 989 478 quia
1020 426 1056 468 si

156 492 311 533 fuisset
349 490 475 531 homo
508 503 593 530 non
626 489 894 541 neglexisset
925 505 1055 544 pran-

157 556 272 597 dium
291 558 336 598 et
356 555 631 596 honorarium
652 554 755 596 sibib
776 555 1054 608 promissum:

155 627 276 663 namc
308 619 504 673 quamuis
526 619 598 661 ille
620 620 803 673 populus
826 620 883 662 sit
905 621 1054 667 bonusq
1091 616 1233 663 ficium,
1271 616 1440 653 libenter
1468 619 1599 653 tamen
1630 616 1747 653 etiam
1777 616 1920 665 accipit

156 688 201 728 et
223 687 419 740 praestet
441 684 627 726 libenter
650 685 868 737 obsequia,
899 685 1057 739 accipit
1091 693 1354 730 honorarium.
1394 692 1474 729 Jlla
1495 692 1614 740 igitur
1640 695 1701 730 est
1720 692 1840 730 totius
1861 692 1919 730 iti-

155 753 303 793 tamen
331 750 517 792 libenter
539 749 831 799 honorarium,
867 753 911 792 et
932 764 1055 792 suum
1091 769 1196 806 neris
1226 767 1446 806 Nmraffior

154 816 356 858 haustum
378 815 465 856 uini
481 817 562 857 etc.
592 815 649 857 Et
666 815 773 856 haec
791 817 858 856 est
875 815 1056 857 historia

154 880 270 922 illius
303 881 415 934 quod
448 879 606 922 accidit
637 879 678 921 in
714 880 786 921 illo
818 880 986 923 itinere.

1092 397 1152 421 me
1177 385 1412 434 reliquisset,
1444 387 1614 423 fortasse
1643 400 1721 424 non
1742 387 1916 433 esuriuit,

1091 475 1181 499 nam
1212 462 1366 500 etiamsi
1395 476 1491 511 gens
1521 464 1587 500 illa
1616 465 1719 501 bona
1745 464 1797 502 sit
1816 477 1917 501 men-

1092 543 1131 577 te
1160 539 1350 589 praedita,
1389 539 1631 588 libenterque
1660 543 1837 589 praestet
1866 540 1919 578 of—

274 978 426 1023 Scripsit
456 978 599 1022 quidem
630 979 753 1022 Hoc-ca,
789 990 880 1012 anno
914 979 1004 1012 1566
1030 978 1088 1012 vel
1118 978 1206 1012 1567
1233 977 1322 1011 haec
1347 977 1444 1011 facta
1470 988 1567 1017 esse;
1604 979 1641 1010 at
1667 988 1732 1010 nec
1758 976 1920 1010 Raderus

154 1044 219 1066 nec
238 1031 436 1066 Sacchinus
462 1043 593 1065 annum
625 1032 714 1066 1567
742 1043 872 1076 ponere
899 1031 1073 1073 dubitant,
1101 1031 1207 1075 idque
1233 1033 1350 1072 recte;
1376 1031 1445 1064 fuit
1471 1030 1613 1074 quidem
1633 1030 1798 1064 Canisius
1816 1029 1919 1063 Oeni-

156 1088 261 1130 ponte
288 1097 319 1119 a.
347 1085 437 1120 1566
464 1088 541 1119 tum
568 1085 713 1119 ineunte
740 1087 776 1119 et
801 1085 917 1119 medio
944 1097 989 1119 m.
1018 1084 1127 1125 Iunio,
1155 1087 1231 1118 tum
1257 1095 1278 1118 a
1305 1084 1336 1118 d.
1362 1085 1395 1118 4.
1414 1084 1457 1118 ad
1485 1084 1539 1118 22.
1560 1083 1725 1118 Octobris
1755 1084 1859 1126 (Can.
1887 1083 1920 1117 V

156 1139 223 1173 345
252 1139 319 1172 772
347 1138 443 1182 773),
479 1149 595 1182 neque
630 1141 752 1172 tamen
788 1150 827 1172 eo
853 1140 1013 1183 tempore
1040 1138 1295 1172 archiducissis
1321 1137 1364 1171 de
1390 1137 1541 1181 collegio
1567 1137 1706 1171 halensi
1736 1136 1919 1179 „ultimam

156 1191 407 1225 resolutionem
435 1191 538 1225 dare*
562 1191 679 1234 (cuius
706 1191 843 1225 dandae
861 1191 980 1234 gratia
999 1203 1078 1225 eum
1098 1190 1334 1236 Oenipontem
1353 1190 1485 1234 petisse
1505 1190 1622 1224 Rocca
1640 1190 1742 1232 dicit)
1762 1192 1917 1234 poteratg

156 1256 200 1278 ne
227 1244 352 1279 diebus
379 1244 521 1288 quidem
548 1244 634 1278 Maii
664 1245 824 1278 12.—-16.
852 1257 882 1279 a.
905 1245 1005 1285 1567,
1033 1244 1162 1288 quibus
1188 1255 1313 1278 rursus
1339 1243 1536 1288 Oeniponte
1563 1245 1722 1277 moratus
1749 1245 1813 1283 est,
1841 1254 1918 1276 eam

155 1297 239 1332 dare
266 1301 424 1342 poterat;
450 1298 603 1332 necdum
631 1298 723 1331 enim
742 1298 855 1332 Roma
880 1299 991 1332 missa
1010 1300 1097 1331 erat.
1141 1297 1284 1331 Dixeris
1302 1297 1438 1331 factum
1457 1297 1652 1339 contigisse
1670 1308 1715 1330 m.
1736 1297 1917 1339 Augusto3

154 1363 236 1385 nam
254 1352 372 1386 Rocca
392 1351 573 1386 Canisium
593 1350 839 1395 Oenipontem,
859 1353 900 1385 ut
918 1351 1109 1394 collegium
1129 1363 1191 1395 pro
1209 1362 1306 1384 more
1325 1350 1500 1391 visitaret,
1519 1352 1604 1383 tunc
1623 1350 1756 1394 petisse
1774 1349 1920 1389 scribit;

154 1404 320 1439 visitavit
345 1407 464 1439 autem
491 1416 511 1438 a
538 1405 569 1438 d.
601 1405 629 1438 1.
656 1405 700 1438 ad
730 1405 782 1439 19.
803 1405 958 1447 Augusti
988 1405 1097 1445 1567;
1125 1416 1249 1438 verum
1281 1404 1424 1438 aliunde
1450 1406 1601 1444 constat,
1630 1402 1811 1437 Canisium
1838 1405 1920 1437 ante

154 1458 210 1493 29.
238 1458 317 1492 Iulii
343 1458 510 1501 Augusta
536 1469 606 1491 non
633 1458 761 1499 abisse,
790 1458 961 1492 Kalendis
985 1457 1162 1500 Augustis
1188 1458 1423 1502 Oenipontem
1451 1457 1659 1497 advenisse3
1688 1468 1803 1500 neque
1829 1456 1920 1489 veri-

153 1510 269 1545 simile
296 1514 361 1553 est,
388 1512 423 1545 in
450 1514 553 1545 tanta
578 1511 831 1556 peregrinandi
858 1511 1081 1552 difficultate,
1109 1513 1243 1555 quanta
1267 1522 1288 1544 a
1306 1510 1422 1544 Rocca
1449 1510 1553 1554 quasi
1579 1509 1795 1554 depingitur,
1822 1520 1920 1542 mora

154 1564 262 1598 etiam
289 1564 324 1598 in
351 1565 567 1598 monasterio
594 1564 700 1605 facta,
732 1566 799 1598 iter
824 1566 899 1598 tam
925 1564 1025 1598 brevi
1053 1566 1212 1609 tempore
1239 1563 1377 1598 absolvi
1403 1564 1581 1608 potuisse3
1617 1574 1733 1606 neque
1760 1563 1835 1596 dies
1862 1562 1921 1596 vel

154 1617 209 1651 30.
229 1617 286 1651 vel
307 1618 362 1652 31.
381 1618 463 1652 Iulii
490 1630 530 1651 eo
557 1629 649 1652 anno
675 1629 779 1652 sacer
805 1619 898 1657 erat;
929 1618 1101 1660 „festum“
1133 1620 1252 1651 autem
1279 1617 1392 1651 fuisse
1419 1617 1522 1657 diem,
1550 1628 1619 1660 quo
1646 1616 1699 1649 illi
1717 1617 1761 1649 ad
1781 1627 1919 1649 monas-

153 1672 283 1704 terium
310 1668 563 1715 pervenerunt,
599 1671 717 1705 Rocca
743 1670 911 1705 affirmat.
965 1671 1158 1705 Praeterea
1185 1670 1381 1705 Sacchinus
1406 1670 1541 1711 scribit,
1577 1681 1637 1704 eos
1668 1669 1824 1711 ⁷‚oriente
1850 1670 1919 1703 iam

153 1723 301 1768 hyeme⁴⁴
324 1725 393 1758 iter
419 1725 568 1765 fecisse;
595 1725 630 1758 id
657 1724 751 1768 quod
785 1735 864 1757 eum
888 1735 953 1766 „ex
971 1725 1050 1758 ore“
1074 1724 1212 1758 Roccae
1231 1724 1414 1768 accepisse
1440 1723 1584 1757 dixeris.
1623 1722 1785 1767 Denique
1804 1722 1921 1756 Rocca

153 1777 274 1820 aliqua
300 1778 439 1811 ratione
466 1778 542 1822 ipse
569 1788 607 1811 se
635 1777 810 1818 emendat,
841 1789 921 1811 cum
948 1777 1035 1811 dicit
1061 1778 1243 1811 Canisium
1272 1777 1507 1821 Oenipontem
1534 1777 1642 1810 ivisse
1669 1776 1810 1819 collegii
1837 1775 1919 1809 visi-

153 1830 253 1863 tandi
280 1842 389 1864 causa
413 1831 490 1873 „vel
516 1834 613 1864 certe
640 1831 683 1864 ad
711 1831 865 1864 dandam
891 1830 1055 1864 ultimam
1082 1831 1356 1865 resolutionem“
1379 1830 1421 1863 de
1448 1830 1598 1873 collegio
1624 1829 1774 1863 halensi.
1818 1828 1919 1862 Hanc

153 1883 409 1917 archiducissis
442 1884 566 1918 attulit
594 1884 828 1927 (quamquam
854 1884 953 1928 ipsae
980 1895 1058 1918 eam
1086 1885 1277 1918 admittere
1303 1884 1522 1927 noluerunt),
1558 1895 1638 1917 cum
1664 1885 1744 1927 post
1774 1883 1827 1917 10.
1854 1882 1919 1916 De-

153 1937 306 1971 cembris
335 1937 424 1972 1567
452 1937 618 1980 Augusta
638 1937 904 1971 Vindelicorum
930 1937 1114 1982 profectus
1143 1938 1196 1972 17.
1216 1937 1424 1971 Decembris
1451 1936 1687 1981 Oenipontem
1713 1936 1921 1970 advenisset

157 1989 206 2033 (v.
225 2001 334 2034 supra
352 2002 386 2034 p.
408 1991 622 2033 141—146).
662 1991 717 2024 lta
735 1991 846 2033 igitur
865 1991 1016 2025 conicio:
1046 1991 1212 2025 Canisius
1231 2002 1310 2024 cum
1328 1991 1424 2025 socio
1442 1990 1499 2023 die
1519 1990 1572 2024 14.
1592 1989 1810 2029 Decembris,
1828 2000 1919 2033 quae

154 2055 193 2076 eo
229 2054 320 2077 anno
356 2043 543 2078 Dominica
568 2044 630 2077 111.
662 2044 850 2077 Adventus
885 2046 973 2085 erat,
1009 2044 1053 2077 ad
1089 2045 1346 2078 monasterium
1381 2044 1547 2088 pervenit
1582 2046 1689 2087 atque
1725 2043 1920 2076 orationem

152 2107 292 2130 sacram
320 2098 363 2130 ad
390 2097 583 2131 monachos
609 2097 753 2137 habuit3
782 2098 838 2131 die
867 2098 920 2131 15.
940 2097 1159 2138 Decembris,
1186 2109 1266 2131 cum
1293 2097 1329 2130 in
1355 2097 1572 2131 monasterio
1599 2098 1857 2140 pernoctasset,
1885 2096 1919 2129 in

152 2150 409 2193 gravissimum
435 2150 522 2184 illud
553 2150 751 2195 periculum
778 2150 879 2184 venit
905 2161 951 2184 ex
978 2162 1089 2195 eoque
1116 2150 1291 2193 singulari
1317 2151 1454 2184 ratione
1482 2152 1625 2194 ereptus
1653 2151 1717 2183 est.

273 2203 437 2238 Canisius
464 2203 499 2237 in
526 2203 746 2248 profectione
774 2203 835 2238 illa
861 2215 924 2248 per
949 2203 1179 2238 Monachium
1207 2205 1362 2238 transire
1388 2203 1570 2238 voluerat:
1598 2214 1678 2236 nam
1702 2202 1754 2237 11.
1774 2202 1918 2236 Decem-

153 2256 226 2304 bris
255 2257 344 2290 1567
364 2256 510 2300 Dilinga
528 2257 572 2290 ad
593 2256 627 2290 S.
647 2256 878 2290 Franciscum
898 2257 1065 2300 Bor-giam
1084 2257 1238 2301 scripsit,
1266 2268 1305 2291 se
1324 2257 1369 2290 ad
1387 2257 1426 2290 P.
1446 2257 1634 2290 Hoffaeum
1665 2257 1895 2300 „properare“
1912 2268 1918 2295 3

154 2310 213 2353 qui
240 2309 540 2354 occupatissimus
567 2310 722 2353 degebat
747 2309 927 2344 Monachii
956 2309 1007 2353 (v,
1034 2321 1142 2354 supra
1168 2322 1201 2355 p.
1223 2310 1319 2353 138).
1370 2311 1421 2343 Ae
1447 2310 1536 2344 satis
1563 2311 1700 2343 certum
1727 2312 1792 2350 est,
1818 2309 1918 2342 illum

153 2362 277 2407 paucis
303 2363 427 2396 diebus
453 2365 536 2407 post
562 2374 642 2396 cum
661 2363 809 2396 Hoffaeo
829 2374 949 2397 coram
968 2363 1097 2407 egisse.
1141 2364 1259 2397 Rocca
1277 2375 1362 2397 vero
1383 2363 1565 2398 Canisium
1584 2364 1750 2405 Augusta
1773 2373 1919 2404 „uersus

153 2415 283 2460 Alpes“
307 2416 518 2450 discessisse
545 2416 641 2457 dicit,
667 2416 802 2450 nullam
821 2416 1002 2450 Monachii
1029 2417 1245 2451 mentionem
1272 2417 1424 2456 faciens;
1452 2428 1566 2460 neque
1585 2416 1655 2456 ille,
1682 2416 1713 2449 si
1732 2415 1919 2449 Monachio

154 2468 390 2513 Oenipontem
424 2469 510 2512 ibat,
548 2481 610 2514 per
642 2470 899 2503 monasterium
934 2470 1111 2503 ettalense
1146 2470 1300 2503 transire
1336 2471 1494 2514 poterat3
1532 2480 1641 2513 quare
1667 2468 1830 2512 equidem
1857 2468 1919 2502 vix

153 2533 297 2566 possum
326 2522 501 2564 dubitare,
529 2523 614 2566 quin
641 2523 828 2556 Hoffaeum
856 2524 1059 2565 Augustam
1086 2523 1129 2557 ad
1156 2534 1194 2556 se
1221 2522 1463 2557 arcessiverit.

272 2575 420 2609 Labitur
446 2576 611 2619 Doriqny
641 2575 679 2619 (l.
707 2587 736 2610 c.
765 2575 861 2619 ⁶299),
889 2587 995 2620 quem
1021 2579 1221 2619 sequuntur
1246 2577 1385 2620 Python
1413 2575 1451 2619 (l.
1476 2587 1504 2609 c.
1533 2575 1615 2617 250)
1646 2577 1682 2609 et
1707 2576 1920 2618 Dauriynac

155 2627 251 2671 (l.·c.
279 2628 376 2670 304),
414 2639 492 2662 cum
522 2622 704 2662 Canisium
731 2629 773 2662 ad
802 2629 995 2663 monachos
1020 2641 1089 2662 non
1117 2641 1266 2673 vespere
1293 2629 1372 2670 diei,
1410 2640 1478 2672 quo
1504 2628 1548 2662 ad
1576 2639 1636 2662 eos
1662 2631 1821 2669 venerat,
1856 2627 1918 2662 sed

154 2681 324 2724 postridie
343 2692 446 2714 mane
466 2681 745 2715 cohortationem
771 2682 870 2716 illam
897 2682 1065 2716 habuisse
1084 2682 1221 2716 scribit.
1265 2683 1357 2716 0de
1378 2684 1498 2715 autem
1516 2680 1705 2722 hominem,
1733 2692 1795 2725 per
1814 2692 1918 2724 quem

154 2733 316 2767 Canisius
348 2734 523 2768 liberatus
549 2737 614 2776 est,
649 2735 814 2769 iuvenem
843 2735 988 2769 vocavit
1016 2735 1055 2769 (l.
1082 2747 1110 2769 c.
1142 2735 1207 2769 196
1246 2735 1350 2778 197);
1385 2734 1420 2768 id
1455 2734 1548 2778 quod
1584 2734 1619 2767 in
1645 2734 1722 2778 ipso
1748 2733 1917 2768 historiae

153 2786 251 2819 fonte
277 2798 347 2820 non
373 2789 446 2828 θεῖς
483 2787 694 2822 meminerat
727 2787 786 2821 ille
812 2788 976 2830 fortasse,
1012 2788 1159 2831 angelos
1187 2799 1453 2831 nonnumquam
1481 2787 1649 2820 iuvenum
1675 2787 1794 2831 specie
1821 2787 1917 2820 visos

155 2850 233 2872 esse
262 2839 362 2881 (Tob.
390 2841 422 2881 5,
449 2842 468 2874 5
497 2841 535 2881 6;
564 2841 584 2873 2
611 2840 729 2875 Mach.
758 2841 789 2881 3,
817 2842 881 2882 26;
907 2841 967 2875 Mc
995 2842 1047 2882 16,
1074 2842 1124 2884 5).

273 2891 428 2926 Gravius
464 2896 528 2934 est,
565 2894 657 2937 quod
693 2896 729 2928 et
753 2895 921 2928 Raclerns
955 2897 991 2928 et
1017 2895 1216 2928 Sacche'nus
1251 2893 1292 2927 de
1328 2893 1404 2927 loco
1430 2893 1585 2938 portenti
1612 2893 1708 2927 illius
1734 2896 1916 2933 errarunt;

155 2946 304 2987 uterque
340 2945 433 2978 enim
468 2949 722 2980 asseveranter
758 2948 860 2988 dixit,
893 2947 1030 2981 factum
1057 2947 1251 2990 contigisse
1286 2947 1321 2980 in
1348 2946 1471 2980 cadem
1506 2945 1568 2980 illa
1594 2946 1689 2979 valle
1716 2946 1915 2985 Ambronis,

274 3013 302 3041 ss)
324 3014 461 3044 Sequitur
481 3022 556 3045 cum,
577 3016 665 3041 omitt.
792 3015 829 3048 b)
851 3018 897 3041 Ita
919 3017 947 3041 in
969 3018 993 3041 A
1015 3020 1172 3041 correctum
1195 3019 1236 3041 est
1256 3024 1292 3041 ea:
1312 3015 1355 3040 illi
1376 3017 1419 3041 vel
1432 3017 1491 3041 (ιῖῐο
1506 3024 1529 3040 v.
1645 3015 1670 3045 c)
1693 3016 1726 3040 In
1742 3016 1767 3040 A
1787 3023 1862 3040 corr.
1882 3022 1917 3039 es*

155 3059 256 3085 quum.
321 3053 350 3084 d)
374 3056 407 3078 Ιιι
422 3057 446 3079 Β
461 3060 622 3086 seqmmtur
644 3065 693 3081 vv.-
713 3056 790 3082 Laus
805 3057 867 3083 Deo
889 3064 1017 3090 semper,
1045 3057 1218 3090 Beataeque
1233 3056 1351 3089 Virgini
1366 3056 1489 3084 Mariae.
1524 3058 1600 3087 Quae
1621 3057 1723 3081 addim
1743 3060 1819 3087 sunt,
1836 3059 1916 3087 puto,

156 3095 200 3120 vel
219 3095 253 3119 ab
273 3102 304 3119 eo
324 3096 372 3125 Qui
393 3096 466 3119 hanc
489 3098 647 3121 versionem
668 3099 747 3129 fecit.
770 3100 811 3123 rel
832 3100 866 3123 ab
887 3107 918 3124 eo
938 3100 987 3130 qui
1007 3108 1068 3124 eam
1090 3099 1286 3130 transcripsit.
