2044 3335
162 119 246 160 750
628 116 722 149 Mon.
752 115 842 150 1088
868 114 945 149 sive
971 126 1046 148 var.
1068 114 1158 157 (24).
1203 115 1445 149 1567—1571.

158 233 325 287 prolixe
358 232 477 281 satis,
511 245 589 273 nec
623 232 723 272 dum
756 232 887 274 etiam
915 231 1122 283 uidemus,
1157 246 1241 285 qua
1263 232 1432 274 ratione
1464 232 1626 275 tentari
1657 232 1794 286 possit
1825 232 1918 275 fae-

156 297 279 339 licius
319 310 445 349 quam
479 298 622 345 antea,
665 296 887 349 negotium
919 295 1024 338 illud
1056 311 1141 338 non
1172 297 1235 340 ita
1267 297 1376 339 leue.
1438 296 1504 338 Ac
1536 311 1561 338 a
1593 297 1714 339 nobis
1747 297 1917 351 quidem

157 361 427 403 desideratur
458 360 682 414 imprimis,
717 361 829 413 quod
860 360 1096 415 principem
1128 361 1248 403 illum
1283 361 1569 415 cognoscendi
1603 375 1657 403 ex
1690 361 1918 404 contrariis

156 439 260 467 suae
283 424 483 478 opinioni,
517 424 703 478 scriptis,
737 425 843 476 ueri,
877 425 1064 467 nondum
1096 425 1159 468 ita
1182 426 1381 480 cupidum
1404 439 1499 468 esse
1531 426 1835 477 intelleximus,
1868 429 1918 468 ut

156 490 324 532 oblatos
366 489 559 531 saniores
599 489 734 531 libros
774 489 903 532 facile
943 490 1161 533 admittat.
1225 491 1363 533 Penes
1405 491 1589 533 alterum
1633 505 1758 541 uero,
1806 491 1919 544 quod

156 567 292 607 aeque
323 567 528 606 magnum
552 556 632 604 est,
666 557 714 597 ut
746 554 948 597 uidelicet
981 555 1263 598 disserentem
1297 555 1540 609 quempiam
1564 555 1703 597 uirum
1731 556 1916 606 doctum,

156 624 199 662 et
230 619 347 673 pium
379 619 566 662 libenter
587 621 631 661 et
663 622 819 673 pacate
841 620 1004 670 audiat,
1037 622 1207 663 tantum
1231 621 1402 662 omnino
1430 620 1699 663 difficultatis
1722 622 1917 674 apparet,

156 686 363 736 quantum
407 687 474 726 est
514 683 612 726 huic
647 684 709 726 rei
749 685 930 738 periculi
971 699 1026 727 ex
1066 685 1131 735 iis,
1175 685 1328 738 quibus
1369 685 1666 728 inueterata&
1697 685 1783 727 iam
1815 698 1918 726 con-

155 749 407 797 suetudinis,
451 748 572 802 quasi
611 749 796 802 quodam
828 751 976 792 morbo
1011 750 1208 804 captiuus
1240 750 1547 804 propemodum
1581 749 1804 792 addictusb
1837 752 1916 800 est,

155 828 241 855 non
262 814 402 855 malus
425 813 584 867 alioqui
606 814 818 868 princeps,
837 815 1121 868 pessimorum
1140 815 1413 857 consiliorum
1432 815 1723 858 authoribus1.
1757 814 1918 864 Quibus

156 879 327 932 quidem
361 893 445 921 non
478 882 569 921 tam
602 880 790 921 fortasse
822 880 1044 934 religionis
1077 880 1185 931 odic,
1220 894 1349 934 quam
1381 880 1555 934 priuati,
1589 880 1702 933 quod
1734 880 1819 921 illis
1851 882 1918 922 est

157 957 213 985 ex
254 944 434 998 direptis
466 944 688 986 Ecclesiae
730 945 864 995 bonis,
908 945 1118 987 commodi
1155 946 1313 999 gratia,
1357 945 1574 988 diuersum
1607 960 1632 987 a
1664 944 1786 986 nobis
1818 958 1918 986 sua-

155 1009 368 1059 dentibus,
412 1009 635 1063 continget
675 1009 804 1051 facile
845 1013 894 1052 ut
934 1013 1160 1064 porrectas
1198 1010 1321 1052 nobis
1359 1010 1564 1065 principis
1597 1024 1724 1052 aures
1756 1009 1915 1063 (impiis

157 1074 270 1127 quod
312 1075 454 1116 sciunt
484 1073 520 1115 si
552 1075 685 1116 semel
718 1075 981 1117 salutaribus
1014 1075 1187 1118 monitis
1220 1078 1413 1130 pateant,
1457 1076 1645 1118 consiliis
1677 1075 1766 1117 suis
1796 1076 1918 1129 post-

155 1140 235 1180 hac
276 1139 417 1180 minus
456 1139 694 1192 parituras)
735 1140 906 1193 penitus
945 1141 1146 1182 obturent
1187 1143 1232 1183 et
1272 1142 1489 1183 auertant.
1553 1141 1674 1190 Quod
1714 1140 1784 1181 uel
1823 1141 1915 1181 tum

156 1204 342 1246 maxime
375 1204 604 1255 accideret,
647 1204 682 1246 si
715 1205 916 1247 Doctoris
950 1205 1120 1257 Canisii,
1160 1208 1236 1248 aut
1268 1206 1420 1248 similis
1453 1206 1631 1248 alicuius
1663 1205 1917 1247 excellentis

156 1268 364 1322 Theologi
394 1269 513 1311 fama
543 1269 639 1311 loca
671 1270 746 1311 illa
777 1273 1056 1324 perterreret.
1105 1270 1262 1320 Quales
1295 1274 1426 1322 certe⁷
1461 1271 1496 1312 si
1520 1269 1720 1324 Principi,
1755 1273 1799 1313 et
1820 1269 1916 1311 aliis

154 1335 343 1376 cordatis
387 1334 490 1376 uiris
531 1335 648 1388 loqui
687 1335 946 1389 prohibeant
987 1336 1213 1388 (librorum
1259 1336 1417 1379 etenim
1463 1336 1607 1378 aditus
1648 1335 1776 1377 facile
1817 1348 1916 1389 pro-

153 1399 341 1452 hibetur)
374 1413 577 1452 magnam
610 1403 767 1454 putant
799 1400 842 1442 in
865 1415 914 1443 eo
938 1401 1068 1444 sitam
1091 1415 1185 1443 esse
1208 1415 1351 1443 rerum
1376 1415 1551 1443 suarum
1583 1400 1804 1442 fiduciam:
1838 1413 1917 1442 nec

155 1468 273 1507 certe
306 1465 517 1507 falluntur
549 1464 694 1508 etiam.

269 1534 388 1568 Etiam
414 1533 602 1579 Philippus
628 1535 671 1569 ΙΙ.
698 1535 893 1580 Hispaniae
919 1547 983 1569 rex
1010 1535 1170 1580 putabat,
1196 1535 1401 1579 Augustum
1435 1535 1529 1569 haud
1565 1535 1615 1569 ita
1641 1534 1835 1569 difficulter
1870 1534 1915 1568 ad

153 1587 341 1622 ecclesiam
378 1587 592 1621 catholicam
629 1588 750 1622 reduci
786 1600 901 1633 posse,
938 1592 974 1623 et
1008 1590 1133 1623 ducem
1159 1589 1337 1623 Albanum
1374 1589 1596 1631 hortabatur,
1631 1590 1672 1622 ut
1705 1587 1739 1621 id
1774 1589 1917 1622 curaret

151 1641 362 1675 tentandum
383 1641 502 1685 (Go'tz,
528 1640 697 1685 Beitrage
717 1641 746 1674 V
767 1642 864 1685 718).
905 1643 956 1676 At
973 1643 1160 1686 Augustus
1186 1642 1221 1676 in
1248 1642 1400 1676 comitiis
1427 1642 1570 1686 quidem
1594 1641 1806 1684 augustanis
1831 1640 1914 1674 anni

156 1695 244 1729 1566
271 1696 524 1739 protestantes,
551 1705 631 1727 cum
657 1694 854 1729 catholicos
885 1698 1088 1738 „reservato
1107 1695 1369 1730 ecclesiastic&
1392 1695 1544 1740 spoliare
1570 1696 1794 1736 conarentur,
1819 1693 1915 1728 haud

153 1749 245 1781 serio
272 1748 478 1788 adiuve1·at;
506 1747 598 1781 idem
626 1750 662 1781 et
688 1747 918 1782 Calvinianos
950 1751 986 1782 et
1012 1749 1198 1783 Flacianos
1233 1749 1376 1790 oderat;
1412 1749 1559 1782 Alberto
1591 1750 1711 1782 autem
1738 1747 1914 1781 Bavariae

154 1801 234 1835 duci
260 1801 412 1844 aliisque
437 1800 657 1845 principibus
684 1800 871 1836 catholicis
897 1803 1051 1836 amicum
1085 1814 1124 1836 se
1159 1802 1363 1847 praebebat.
1411 1802 1546 1836 Verum
1581 1801 1631 1836 ita
1666 1801 1717 1835 rei
1751 1800 1914 1845 publicae

153 1854 211 1888 vel
236 1854 355 1899 potius
381 1854 553 1888 commodi
580 1854 635 1888 sui
662 1865 770 1888 causa
795 1855 1020 1899 potissimum
1047 1867 1086 1889 se
1115 1856 1283 1899 gerebat;
1317 1855 1503 1889 metuebat
1528 1855 1632 1895 enim,
1665 1866 1710 1888 ne
1735 1854 1915 1899 principes

153 1919 308 1942 saxones
342 1908 464 1951 stirpis
500 1907 720 1949 ernestinae,
757 1920 777 1941 a
802 1908 931 1952 quibus
966 1909 1157 1943 Mauritius
1191 1909 1304 1954 ipsius
1338 1908 1452 1943 frater
1485 1908 1684 1954 principum
1719 1908 1915 1946 electorum

154 1961 366 2004 dignitatem
392 1959 583 2004 variasque
608 1963 724 1994 terras
751 1972 815 2005 ope
841 1961 1041 2006 principum
1074 1961 1329 1996 catholicorum
1365 1961 1574 2003 abstulerat,
1611 1961 1733 1995 eadem
1768 1971 1911 2005 recupe·

154 2016 285 2048 rarent.
338 2013 551 2056 Ceteroquin
587 2013 797 2047 lutheranus
824 2025 902 2048 esse
928 2026 1073 2058 prorsus
1099 2015 1261 2055 volebat3
1298 2014 1405 2048 immo
1433 2015 1539 2049 etiam
1566 2014 1854 2048 Maximilianum
1880 2013 1914 2046 ΙΙ

154 2068 405 2112 imperatorem
432 2066 562 2100 litteris
589 2066 644 2100 25.
671 2066 757 2100 Maii
787 2067 876 2101 1573
912 2068 1006 2102 datis
1031 2068 1178 2109 monuit,
1214 2070 1253 2102 ut
1280 2070 1315 2101 et
1350 2068 1426 2112 ipse
1460 2079 1498 2103 se
1533 2068 1761 2102 lutheranum
1795 2066 1913 2111 palam

151 2121 377 2166 profiteretur
406 2121 513 2162 (Gis'tz
538 2119 560 2153 1.
588 2131 616 2153 c.
643 2119 757 2163 806⁴).

154 2224 294 2262 1088
322 2226 401 2260 sive
427 2233 542 2260 var.
564 2223 699 2269 (24).
766 2224 979 2261 1567-1571,

270 2285 325 2319 Ex
364 2284 595 2329 autographo.
647 2284 730 2319 Cod.
766 2285 803 2318 in
839 2286 898 2319 16⁰
928 2285 1109 2327 „Diarium
1145 2285 1179 2320 S.
1206 2285 1388 2320 Francisci
1423 2286 1594 2329 Borgiae“
1633 2285 1658 2319 f.
1695 2285 1778 2319 3482
1815 2284 1910 2318 363³.

152 2339 205 2372 Ex
224 2339 346 2373 eodem
367 2339 401 2372 hi
420 2337 488 2372 loci
506 2338 713 2383 transcripti
731 2340 816 2372 sunt
833 2339 868 2372 in
888 2350 975 2383 opus
997 2338 1171 2381 „Sanctus
1188 2340 1408 2372 Franciscus
1421 2340 1575 2383 Boryza*
1594 2339 1636 2379 V,
1655 2338 1793 2372 Matriti
1810 2337 1910 2378 1911,

151 2392 219 2427 870
254 2392 453 2426 876—877.
504 2391 663 2425 Priorem
699 2391 817 2425 locuni
844 2391 973 2435 gallice
1000 2392 1111 2426 vertit
1138 2393 1237 2425 Smm
1264 2392 1285 2426 l.
1314 2404 1343 2426 c.
1370 2393 1449 2427 576.

270 2453 421 2484 Sanctus
446 2451 482 2483 F
481 2452 663 2484 ranciscus
689 2451 842 2494 Bor-pias
867 2462 968 2494 saepe
990 2462 1057 2494 pro
1088 2452 1231 2485 canisio
1258 2453 1466 2485 nominatim
1492 2453 1605 2486 Deum
1628 2455 1808 2495 precatur,

271 2513 455 2554 E-rstant
487 2512 639 2564 adhuc,
674 2513 719 2553 in
753 2525 882 2553 unum
908 2512 1096 2553 Codicem
1121 2513 1283 2566 collecti,
1316 2512 1457 2565 libelli,
1493 2513 1710 2567 inquibus
1732 2513 1912 2554 Sanctus

154 2578 408 2618 Franciscus
430 2577 613 2631 Boryc'as
647 2576 697 2617 ab
731 2578 852 2618 initio
886 2592 924 2618 α.
949 2579 1063 2618 1564
1098 2578 1155 2618 ad
1189 2592 1239 2619 m.
1264 2577 1549 2619 Februarium
1572 2592 1610 2619 α.
1637 2580 1752 2619 1570
1773 2592 1910 2633 paene

153 2644 300 2684 cotidie
332 2657 410 2683 sua
444 2656 572 2682 manu
609 2643 649 2682 in
684 2655 886 2696 sectamque
919 2656 1037 2683 usum
1078 2643 1255 2684 breviter
1288 2643 1469 2696 notabat,
1512 2657 1618 2697 quae
1649 2657 1789 2684 coram
1820 2643 1909 2685 Deo

154 2709 377 2748 meditatus
419 2711 532 2758 esset,
576 2721 682 2761 quae
724 2708 890 2748 coelitus
932 2708 1210 2760 intellexisset,
1253 2721 1359 2761 quae
1397 2722 1423 2747 α
1456 2707 1543 2748 Deo
1578 2709 1759 2762 petisset,
1803 2721 1908 2762 quae

153 2774 271 2813 «fains
313 2773 375 2812 rei
415 2773 554 2826 qratia
597 2773 729 2812 eidem
771 2772 1002 2824 obtulisset,
1046 2786 1152 2826 quae
1188 2771 1331 2824 facere
1371 2774 1594 2814 statuisset.
1657 2772 1721 2814 De
1759 2771 1910 2827 quibus

272 2847 298 2864 a·
319 2840 506 2865 inuetaerate
528 2840 562 2864 D.
673 2839 701 2867 h>
722 2841 767 2864 Ita
788 2843 871 2871 recte,
893 2844 922 2865 ut
942 2841 1056 2865 omnino
1078 2840 1201 2871 videtur,
1221 2842 1259 2871 C;
1278 2838 1414 2865 adiectus
1434 2841 1468 2865 D.

273 2937 283 2955 ¹
310 2935 506 2968 Plurimum
531 2937 617 2968 tunc
643 2935 739 2979 apud
755 2935 959 2978 Augustum
986 2934 1156 2969 valebant
1175 2934 1358 2980 Gasparus
1376 2935 1512 2968 Peucer
1531 2937 1566 2969 et
1584 2934 1758 2978 Georgius
1778 2935 1908 2975 Craco;

153 2988 210 3021 hic
236 2987 482 3021 universitatis
509 2988 807 3031 vitembergensis
842 2991 985 3022 curator
1020 2990 1055 3022 et
1081 2990 1245 3032 Augusto
1270 2988 1375 3022 valde
1409 2987 1608 3029 familiaris,
1644 2988 1704 3022 ille
1739 2987 1908 3033 principis

154 3040 313 3074 medicus
350 3044 435 3074 erat.
487 3040 620 3081 Quibus
656 3041 849 3075 accedebat
875 3041 1099 3076 Christianus
1134 3041 1276 3083 Schiitz,
1312 3041 1413 3075 aulae
1448 3041 1651 3076 dresdensis
1686 3041 1908 3076 contionator

158 3095 325 3135 (Janssen
352 3093 374 3126 1.
403 3104 430 3126 c.
459 3093 599 3125 IV¹5*¹⁶
625 3094 722 3137 368).
