2044 3335
183 92 268 132 584
454 90 548 124 Mon.
575 90 761 124 958—960
787 90 865 124 sive
891 90 928 124 it.
951 90 1170 135 (ln—(13).
1215 92 1352 127 1.—15.
1370 92 1525 136 Augusti
1554 93 1658 129 1568.

182 203 288 240 958
315 206 391 240 sive
418 204 479 240 it.
501 203 620 249 (ll).
693 204 718 239 l.
744 203 901 251 Augusti
926 203 1020 241 1568.

300 265 354 298 Ex
379 263 584 307 apographo
610 263 721 298 eiusd.
747 266 855 308 temp.
907 263 992 299 Cod.
1019 264 1161 299 vindob.
1192 265 1311 307 „Rom
1339 265 1436 300 Corr.
1463 267 1526 302 30⁸
1557 267 1580 301 f.
1601 267 1694 301 606³.

299 323 368 355 PP.
391 322 569 366 Canis-ius,
595 322 766 365 Palmins,
793 324 860 356 aliz*
877 334 898 356 α
917 324 1098 357 cardinali
1115 325 1291 367 Delplu‘no
1309 326 1356 357 ad
1374 336 1493 358 cenam
1519 327 1630 359 vocati
1648 337 1717 359 non
1743 326 1941 369 loquuntur

182 378 252 408 nisi
278 377 318 408 de
345 376 447 409 rebus
470 376 549 418 piis.

303 435 488 467 Galeatins
509 434 672 467 Cumanus
686 435 931 467 Maximillam
950 435 998 468 II.
1018 437 1245 478 imperatoris
1266 442 1484 479 procurator
1504 449 1675 471 romanus
1700 439 1808 471 eidem
1826 448 1941 470 mense

184 490 344 529 Auyusto
373 489 463 520 1568
490 488 692 520 relationem
712 486 927 530 („A1·riso“)
945 489 1041 520 misit
1069 489 1141 530 „Di
1158 490 1270 522 Roma
1297 491 1324 523 li
1344 491 1435 534 .VIJ.
1456 491 1488 523 d’
1504 492 1644 532 Ayosto.
1666 488 1778 524 1568“
1805 491 1938 531 datam,

181 541 218 572 in
245 551 316 583 qua
341 540 425 572 haec
450 541 492 572 de
518 540 700 572 cardinali
725 541 906 573 Zacharia
933 541 1110 584 Delphivm
1134 546 1361 575 narrantur:
1395 542 1587 576 Domenica
1603 543 1613 562 ¹
1641 570 1646 576 .
1676 569 1683 576 .
1714 569 1720 576 .
1748 543 1783 576 la
1808 553 1888 576 sera
1914 541 1939 575 il

180 592 348 626 Cardinal
374 592 512 626 Dolfino
548 592 645 625 dette
681 592 749 626 daa
776 592 823 636 [2³]
850 604 937 626 cena
964 594 984 626 a
1010 594 1080 627 San
1109 594 1228 628 Pietro
1266 595 1300 628 in
1328 594 1468 629 Vincoli
1495 597 1515 629 a
1541 596 1608 629 don
1635 595 1831 629 Benedetto
1856 595 1938 628 Pre-

179 645 336 679 dicatore
363 645 534 690 Papalino
547 645 569 686 2,
597 647 617 678 a
634 645 710 679 Don
731 645 852 679 Pietro
872 646 1014 680 Canisio
1033 646 1242 687 Alemanno,
1270 650 1305 681 et
1331 648 1375 681 ad
1403 648 1485 682 altri
1512 649 1567 682 doi
1587 649 1717 682 Tiatini
1744 648 1828 682 delli
1853 647 1940 692 piub

179 697 357 732 celebri0³
383 700 403 732 a
429 698 553 738 carita,
581 701 616 732 et
641 698 901 741 ragionamenti
927 699 1105 743 spirituali
1132 702 1226 734 tutto
1253 700 1336 744 quel
1370 703 1489 746 tempo
1516 701 1581 735 che
1616 703 1765 735 stettero
1790 701 1939 735 insieme

181 753 218 785 et
241 751 277 785 la
304 762 383 785 sera
409 753 503 796 parti
529 763 616 795 poco
642 751 832 785 sodisfatto
859 763 921 796 per
946 752 1107 787 Ferrara.

299 804 481 838 Canisium
520 804 719 848 Delphinus
757 816 778 837 a
812 805 934 838 multis
973 805 1076 839 annis
1113 806 1221 850 probe
1259 809 1428 847 noverat;
1467 807 1655 851 apostolici
1694 806 1787 840 enim
1824 806 1941 840 nuntii

179 857 335 891 officium
351 858 444 902 apud
456 857 717 891 Ferdinandum
730 858 755 891 Ι.
768 869 797 892 a.
815 858 1108 899 155310‘54—1557
1121 862 1157 893 et
1170 860 1401 894 1560—1565
1414 860 1748 901 administraverat;
1764 860 1809 894 cf.
1825 860 1911 895 Can.
1923 859 1940 893 Ι

181 910 249 944 478
278 911 366 951 514;
393 911 443 944 ΙΙΙ
468 911 534 944 471
565 914 632 944 etc.

179 1015 283 1051 959
312 1016 389 1050 sive
416 1014 478 1051 it.
499 1015 627 1060 (12).
701 1015 755 1051 Ab
781 1018 936 1052 exeunte
961 1026 1008 1052 m.
1027 1015 1129 1052 Iunio
1157 1016 1202 1052 ad
1228 1019 1421 1054 exeuntem
1448 1018 1748 1055 111.Novembrem
1774 1017 1868 1053 1568.

301 1075 355 1108 Ex
383 1075 569 1118 Sat-chima,
597 1075 681 1110 Can.
709 1076 788 1110 260.

300 1135 467 1168 Canisins
492 1134 624 1168 Romae
650 1136 770 1168 Socios
795 1136 909 1168 verbi-5·
935 1137 1167 1180 exemplisque
1193 1137 1241 1169 ad
1259 1139 1426 1180 pietatem
1452 1139 1589 1171 ereitat.

297 1195 554 1236 Franciscus
577 1195 823 1249 Sacamum,
857 1211 948 1237 eum
982 1211 1047 1238 res
1070 1211 1096 1237 a
1122 1198 1292 1238 szz'sio
1315 1199 1472 1240 Romae
1496 1203 1650 1239 aestate
1672 1203 1707 1238 et
1741 1202 1941 1238 autumno

180 1274 218 1302 α.
254 1262 370 1302 1568
407 1265 545 1314 qestas
584 1266 752 1314 narrat,
794 1262 896 1302 haee
937 1261 1089 1313 refert:
1129 1262 1336 1314 Magnam
1369 1262 1481 1316 Socij
1517 1262 1700 1303 Romani
1743 1275 1798 1303 ex
1839 1275 1940 1302 con-

179 1326 329 1378 spectu
371 1324 484 1366 tanti
517 1323 611 1374 viri,
655 1328 699 1367 et
739 1325 850 1366 raris
887 1325 1098 1368 virtutum
1141 1326 1232 1368 eius
1274 1327 1484 1381 exemplis
1526 1327 1756 1381 capiebant
1797 1326 1939 1368 animo

178 1389 464 1443 voluptatem,
499 1392 544 1431 et
576 1389 850 1433 alacritatem
885 1391 1185 1445 concipiebant
1216 1391 1271 1433 ad
1303 1391 1571 1434 imitandum.
1631 1392 1835 1444 Idemque
1866 1390 1940 1445 pia

178 1454 308 1496 etiarn
348 1453 613 1506 adiungebat
652 1454 929 1497 hortamenta
969 1455 1156 1508 linguae.
1221 1456 1334 1498 Nam
1368 1457 1567 1499 certatim
1609 1455 1819 1498 inuitatus
1862 1469 1940 1510 per

182 1518 396 1560 domicilia
428 1521 579 1561 nostra
611 1519 858 1573 spirituales
890 1520 1080 1563 habebat
1111 1521 1322 1563 homilias.

301 1587 482 1631 „Regulae
509 1589 691 1622 Rectoris“
712 1589 801 1623 haec
827 1589 961 1624 habent
988 1590 1036 1632 (n.
1056 1590 1139 1634 24):
1171 1590 1359 1634 „Singulis‚
1386 1590 1444 1624 vel
1470 1590 1618 1624 alternis
1645 1590 1769 1624 diebus
1786 1589 1939 1623 Veneris

182 1641 466 1675 exhortationem
484 1641 636 1682 Nostris,
663 1642 722 1676 vel
747 1642 823 1687 ipse
849 1643 970 1684 saciat,
996 1643 1054 1677 vel
1074 1644 1204 1687 aliquis
1231 1644 1333 1685 alius,
1361 1644 1420 1688 qui
1446 1644 1619 1678 rationem
1646 1643 1759 1677 nostri
1777 1643 1939 1677 instituti

179 1695 270 1728 bene
295 1697 427 1735 teneat,
453 1694 489 1728 in
516 1706 585 1739 qua
603 1697 733 1738 agatur
756 1696 798 1729 de
817 1696 1066 1730 observatione
1086 1696 1386 1731 Constitutionum
1406 1700 1441 1731 et
1459 1697 1688 1740 Regularum,
1714 1696 1757 1730 de
1783 1697 1942 1730 fraterna

179 1747 373 1789 charitate,
412 1747 634 1789 humilitate,
673 1748 867 1793 patientia,
906 1750 1178 1784 mortificatione
1213 1753 1249 1784 et
1283 1750 1363 1784 aliis
1397 1750 1610 1791 virtutibus,
1650 1750 1860 1794 praesertim
1897 1749 1940 1783 de

178 1801 399 1834 obedientia“
432 1800 652 1844 (Institutnm
680 1801 713 1835 S.
733 1802 765 1836 J.
785 1802 834 1835 ΙΙΙ
866 1803 959 1845 110).
1011 1803 1088 1836 Hoc
1113 1806 1232 1837 autem
1259 1806 1489 1848 praeceptum
1520 1803 1608 1848 ipsis
1635 1802 1824 1836 Societatis
1851 1801 1939 1835 Con-

177 1853 425 1887 stitutionibus
444 1853 500 1897 (P.
519 1854 551 1895 3,
579 1866 608 1888 c.
631 1856 658 1895 l,
686 1866 718 1888 n.
738 1855 780 1889 21
801 1855 861 1898 28)
890 1856 1028 1890 nititur.
1058 1858 1201 1890 Natalis
1226 1856 1391 1890 visitator
1416 1857 1450 1890 in
1478 1856 1553 1890 suis
1580 1855 1940 1898 „Instructionibus“:

183 1905 427 1947 „Ordinarie“‚
462 1907 587 1951 inquit,
625 1907 826 1942 exhortatio
865 1908 948 1950 „fiat
982 1911 1065 1943 ante
1100 1921 1257 1950 coenam,
1294 1911 1329 1943 et
1364 1910 1467 1944 duret
1500 1921 1563 1954 per
1589 1921 1696 1943 vnam
1731 1908 1854 1943 horam
1881 1907 1939 1942 vel

177 1960 330 1994 circiter.
366 1986 373 1994 .
394 1987 400 1994 .
420 1986 427 1994 .
447 1959 551 1994 Fiant
568 1973 653 1995 vero
680 1961 947 1996 exhortationes
966 1963 1156 1996 admodum
1174 1963 1410 2004 familiariter,
1437 1964 1573 2007 absque
1591 1963 1685 1996 omni
1712 1961 1939 1996 affectatione

177 2012 363 2053 sermonis,
390 2013 524 2056 absque
551 2014 701 2048 curiosis
727 2014 1041 2059 speculationibus,
1078 2016 1113 2049 in
1148 2016 1368 2061 synceritate
1399 2017 1515 2050 cordis
1541 2019 1576 2050 et
1609 2015 1853 2060 simplicitate,
1879 2014 1937 2048 de-

178 2066 280 2099 uote“
315 2065 416 2110 (Epp.
444 2067 566 2099 Nadal
591 2067 641 2100 lV
667 2067 765 2110 553).

297 2118 456 2153 Societas
483 2119 615 2153 Romae
650 2121 735 2154 tunc
771 2121 927 2164 quinque
962 2121 1117 2155 habebat
1151 2122 1273 2165 sedes:
1308 2121 1460 2156 Domum
1496 2122 1705 2167 professam,
1744 2120 1935 2164 collegium

177 2182 382 2212 romanum,
421 2171 610 2215 collegium
645 2173 908 2216 germanicum,
946 2174 1177 2208 seminarium
1214 2187 1420 2218 romanum,
1459 2175 1599 2209 domum
1634 2174 1854 2220 probationis
1891 2173 1936 2207 ad

182 2224 216 2258 S.
243 2225 418 2259 Andreae.

178 2329 288 2366 960
315 2331 393 2365 sive
418 2329 480 2366 it.
501 2329 629 2375 (13).
703 2330 755 2367 Ab
782 2330 807 2366 l.
827 2330 872 2366 ad
897 2331 945 2367 15.
964 2331 1121 2378 Augusti
1147 2332 1240 2369 1568.

300 2391 468 2424 C'anisius
501 2392 634 2424 Romae
667 2393 814 2425 noviciis
845 2394 945 2435 piam
980 2394 1257 2427 ahot-tationem
1290 2395 1426 2436 faciens
1460 2405 1603 2427 causam
1638 2393 1780 2437 praebet
1807 2392 1938 2426 Sancto

182 2443 363 2477 stanislao
389 2445 545 2477 Kostlcae
570 2446 741 2488 martyrii
765 2446 993 2478 desiderandi
1018 2451 1047 2479 et
1073 2449 1196 2480 mortis
1215 2448 1486 2490 praedicendae.

298 2506 338 2546 1.
371 2504 421 2546 P.
446 2505 627 2547 Ioannes
659 2506 870 2547 Polameus
901 2507 1119 2549 Societatis
1151 2509 1402 2549 secretarius
1434 2522 1515 2549 sua
1546 2521 1676 2548 manu
1708 2508 1755 2548 in
1789 2506 1938 2547 Codice

183 2568 332 2621 .,Def.“
360 2568 504 2618 (Prot).
526 2570 677 2623 Rom.;
708 2572 753 2612 in
781 2586 820 2613 α.
847 2571 982 2622 1568)
1016 2572 1066 2613 de
1098 2573 1140 2614 S.
1175 2574 1391 2614 Stanislao
1424 2573 1586 2614 Kostlca
1616 2573 1834 2614 Societatis
1865 2583 1938 2611 no·

298 2638 325 2667 a)
347 2638 558 2669 Corriyenczum
578 2646 638 2663 esse
660 2640 775 2664 videtur
793 2639 830 2666 la.
886 2638 917 2671 b)
938 2640 989 2673 pui
1009 2641 1074 2665 libr.
1137 2641 1163 2671 e)
1184 2642 1337 2672 Reliquam
1356 2641 1445 2666 huius
1463 2641 1621 2666 sententiae
1637 2642 1755 2671 partem
1775 2647 1793 2664 α
1812 2639 1938 2663 librario

182 2685 303 2703 romano
327 2679 459 2703 mendose
485 2679 626 2710 scriptam
646 2688 706 2706 esse
727 2689 775 2706 res
794 2682 860 2713 ipsa
879 2682 1012 2706 ostendit.
1033 2683 1218 2713 Inteyrumne
1240 2683 1288 2707 ille
1307 2682 1457 2714 archetypi
1477 2690 1592 2707 versum
1612 2681 1730 2706 omisit?
1769 2681 1869 2705 Totum
1887 2680 1939 2704 hoc

180 2720 381 2750 apoyraphum
403 2721 514 2745 mendis
534 2721 670 2746 abundat.

304 2799 313 2816 ¹
339 2797 359 2830 i.
380 2809 409 2831 e.
432 2799 461 2831 1.
480 2799 649 2842 Augusti.
1481 2805 1485 2810 '

299 2849 311 2868 ‘2
338 2850 376 2883 P.
395 2850 587 2885 Benedicto
614 2851 753 2885 Palmio
779 2851 813 2885 S.
833 2853 864 2886 J.
910 2852 1134 2896 (Sar-chinus,
1162 2852 1254 2887 Hist.
1274 2853 1308 2887 S.
1328 2853 1359 2887 J.
1380 2852 1440 2893 III,
1468 2852 1490 2886 l.
1517 2853 1548 2893 4,
1567 2864 1600 2886 n.
1622 2851 1717 2895 134).

300 2902 312 2920 ³
338 2902 466 2936 Utrum
501 2904 577 2938 veri
612 2904 863 2948 significantur
897 2904 1063 2939 The-atini
1098 2906 1176 2939 sive
1211 2905 1352 2939 sodales
1387 2905 1519 2939 ordinis
1559 2905 1796 2947 „Clericorum
1833 2914 1937 2946 regu-

179 2952 328 2986 larium⁶⁴
359 2966 379 2987 a
406 2955 438 2989 S.
459 2955 627 2991 Caietano
653 2957 832 2992 Thienaeo
859 2961 895 2992 et
919 2958 1051 2992 Ioanne
1078 2958 1184 2992 Petro
1211 2958 1352 2992 Caraffa
1377 2958 1544 2998 instituti,
1571 2969 1616 2992 an
1642 2957 1802 2991 homines
1821 2956 1938 2990 Socie-

179 3005 268 3039 tatis
292 3005 403 3039 Iesu?
445 3007 539 3048 Quos
566 3021 607 3043 ea
632 3012 750 3044 aetate
776 3022 883 3055 saepe
913 3010 1145 3053 „Theatinos“
1168 3015 1314 3046 vocatos
1341 3023 1419 3046 esse
1445 3012 1587 3046 constat
1614 3010 1674 3055 (cf.
1699 3012 1785 3045 Can.
1803 3010 1820 3043 Ι
1838 3009 1938 3052 699).

180 3057 345 3092 Alterum
371 3058 437 3093 hoc
462 3060 547 3094 mihi
572 3063 690 3105 magis
714 3063 895 3107 probatur.
