2044 3335
661 75 755 109 Mon.
787 74 876 109 1028
904 74 981 108 sive
1007 73 1076 109 litt.
1098 73 1188 117 (23).
1234 73 1334 108 1569.
1793 72 1875 113 677

113 198 253 233 libellos
281 199 466 232 curamus“
501 197 561 242 (ex
588 197 802 242 archetypm
833 196 874 232 G.
902 197 966 241 Ep.
993 196 1025 230 X
1052 196 1076 229 f.
1104 195 1214 239 1372).
1266 195 1360 228 Idem
1389 193 1481 228 Socii
1508 191 1681 236 dilingani
1707 192 1880 237 proximis

113 263 253 296 quoque
282 252 383 285 anuis
410 251 653 296 praestabant.
704 251 744 284 In
771 262 921 294 quorum
948 249 1150 284 libellorum
1176 260 1323 281 numero
1351 246 1535 292 ponendus
1562 248 1618 280 est
1649 244 1719 286 ille,
1756 245 1816 288 qui
1844 244 1877 277 in

116 306 307 348 ἩΟαῗαῖοῃο
332 316 424 338 novo
452 317 497 338 ex
522 304 699 338 Nundinis
726 303 933 337 vernalibus
959 301 1185 336 Franeofurti
1212 301 1255 334 ad
1283 301 1461 341 Moenum,
1497 311 1589 333 anno
1616 297 1879 332 M.D.LXXII.

113 357 322 392 celebrati&
353 360 420 391 etc.
451 357 692 400 (Francofurti
718 357 762 390 ad
788 357 955 390 Moenum
993 355 1086 400 apud
1117 354 1314 388 Martinum
1340 353 1492 388 Lechler
1521 352 1626 396 1572)
1656 353 1680 387 f.
1707 351 1741 387 §D
1760 352 1799 386 4a
1823 350 1879 384 his

113 411 235 445 verbis
261 411 507 454 significatur:
539 409 715 452 „BEricht
743 410 811 443 vnd
840 409 1034 451 erklerung
1061 420 1131 442 von
1167 408 1230 441 der
1257 407 1500 448 Communion,
1537 405 1608 440 dass
1644 417 1682 440 es
1709 405 1772 439 der
1806 406 1880 438 erst

113 464 363 507 anfangenden
391 463 665 508 Apostolischen
693 462 850 497 Kirchen
878 462 949 496 vnd
976 461 1132 504 heiligen
1158 460 1318 494 Lehrern
1345 459 1486 503 gemefin
1518 460 1589 493 vnd
1618 459 1686 493 den
1712 458 1880 493 Christen

111 516 262 551 heilsam
289 529 364 561 sey,
394 517 458 550 das
488 516 732 559 hochwirdige
759 515 969 550 Sacrament
1004 513 1074 548 defs
1100 513 1224 548 Altars
1261 514 1418 547 offtmals
1445 512 1621 547 Geistlich
1656 512 1728 546 vnd
1755 512 1880 546 Sacra-

112 570 283 604 mentlich
304 582 346 604 zu
361 569 564 615 empfahen,
583 570 652 603 Mit
670 569 877 614 ableynung
896 569 958 602 der
972 563 1202 611 gegenwfirff.
1238 566 1358 600 Durch
1375 566 1414 600 D.
1431 566 1637 611 Philippum
1651 565 1882 603 Dobereiner,

112 622 184 657 aufs
211 624 290 657 dem
318 624 535 668 Hieronymo
563 623 824 666 Cacciaguerra
851 620 1144 656 verdolmetscht.
1189 620 1366 654 Getruckt
1393 632 1435 653 zu
1454 619 1636 662 Dillingen
1665 619 1731 663 bey
1751 617 1879 652 Sebald

110 677 248 721 Mayr.“
286 677 450 717 Additur,
477 676 638 710 libellum
665 676 831 719 Dilingae
857 687 888 709 a.
912 676 997 709 1571
1026 674 1061 708 in
1088 674 1126 708 8⁰
1152 674 1285 707 editum
1314 684 1403 708 esse.
1441 673 1709 715 „Buonsignore
1737 670 1880 706 Caecia-

113 730 263 772 guerra“
302 742 346 763 ex
378 729 660 773 religiosissimis
693 729 765 763 illis
792 731 868 762 erat
895 728 1157 769 sacerdotibus,
1194 727 1255 771 qui
1282 726 1416 761 Romae
1443 726 1632 760 ecclesiam
1662 724 1754 768 „San
1781 724 1880 758 Giro-

111 783 205 817 lamo
241 783 334 817 della
362 783 502 817 Carita“
534 783 709 816 curabant
744 784 780 816 et
815 782 946 816 Sancto
974 781 1138 825 Philippo
1174 780 1281 814 Nerio
1318 780 1414 814 viam
1450 780 1494 813 ad
1525 778 1772 821 „Oratorium“
1803 778 1881 811 fun-

111 836 264 870 dandum
283 837 478 881 parabant:
501 835 762 878 Cacciaguerra
781 847 906 869 sacrae
925 834 1183 869 communionis
1201 833 1442 878 frequentiam
1462 832 1681 877 amplificare
1700 831 1879 872 studebat,

112 890 207 923 edito
232 889 355 923 italico
382 890 424 923 de
451 889 698 923 communione
735 888 989 923 commentario
1017 888 1204 930 („Lettera
1231 899 1251 921 a
1277 887 1458 921 Madonua
1485 885 1680 919 Prudentia
1714 896 1820 928 sopra
1846 884 1881 917 la

109 943 398 987 frequentatione
434 942 527 976 della
562 942 770 976 santissima
806 942 1050 982 001nunione“‚
1085 941 1249 975 Venetiis
1287 941 1388 981 1563,
1427 940 1517 974 1575
1544 942 1633 979 etc.;
1676 939 1721 972 cf.
1753 937 1883 971 Taochess

114 997 270 1039 Venturi,
297 996 414 1030 Storia
441 997 455 1029 I
483 996 581 1036 234).
624 995 794 1030 Eiusdem
820 995 870 1029 rei
898 995 1015 1039 gratia
1042 995 1081 1029 P.
1102 994 1380 1039 Christophorus
1399 993 1539 1027 Madrid
1566 993 1599 1027 S.
1620 993 1652 1027 J.
1683 991 1881 1034 „Libellum

110 1050 153 1083 de
178 1050 358 1093 frequenti
386 1061 451 1083 usu
478 1050 694 1083 sacramenti
714 1049 982 1083 Eucharistiae“
1006 1049 1278 1093 conscripserat,
1306 1048 1365 1092 qui
1384 1048 1538 1093 primum
1558 1059 1588 1081 a.
1610 1046 1701 1080 1556
1719 1044 1881 1090 Neapoli,

110 1103 236 1137 deinde
263 1115 293 1137 a.
324 1103 413 1136 1557
440 1115 509 1136 non
536 1103 650 1137 solum
678 1102 811 1136 Romae
844 1103 879 1136 in
906 1102 1053 1136 aedibus
1080 1101 1271 1137 Societatis
1298 1102 1389 1142 Iesu,
1425 1101 1488 1135 sed
1516 1101 1625 1135 etiam
1651 1098 1819 1142 Dilingae
1845 1098 1881 1131 in

111 1156 255 1190 officina
281 1156 425 1190 Scbaldi
451 1156 588 1200 Mayer,
623 1158 747 1200 postea
774 1156 886 1189 variis
921 1156 1010 1190 locis
1046 1167 1201 1190 excusus
1234 1158 1299 1189 est.
1353 1154 1439 1188 Cum
1473 1153 1709 1196 ⁷,Directoriff‘
1741 1163 1883 1196 quoque

110 1210 374 1244 confessionum
401 1221 422 1243 a
449 1210 487 1244 P.
515 1210 646 1243 Ioanne
672 1209 829 1243 Polanco
856 1210 1059 1254 conscripto
1089 1210 1138 1252 (v,
1170 1210 1256 1243 Can.
1283 1209 1299 1242 I
1324 1210 1429 1248 450⁵;
1461 1209 1493 1242 V
1521 1208 1587 1242 637
1617 1208 1683 1242 706
1711 1208 1747 1240 et
1772 1216 1882 1250 supra

111 1275 146 1308 p.
168 1264 228 1298 78⁴1
246 1264 330 1306 275)
353 1263 444 1298 Socii
472 1263 566 1297 hunc
585 1262 745 1297 libellum
764 1263 1053 1305 coniungendum
1072 1265 1107 1296 et
1124 1274 1188 1307 per
1207 1262 1436 1296 Germaniam
1455 1261 1678 1305 vulgandum
1697 1259 1883 1303 (Coloniae

111 1317 203 1362 apud
223 1317 425 1351 Maternum
446 1317 632 1351 Cliolinum
655 1316 762 1353 1560:
784 1317 1005 1361 Antverpiae
1026 1317 1119 1361 apud
1137 1316 1305 1350 Ioannem
1325 1316 1504 1350 Bellerum
1527 1315 1616 1350 1564
1635 1317 1671 1348 et
1690 1313 1777 1347 1571
1796 1313 1880 1354 etc.)

111 1371 285 1404 curabant
313 1371 594 1414 (Sommervoyel,
627 1369 719 1404 Bibl.
747 1370 780 1404 V
807 1371 1010 1421 278-279ς
1047 1370 1097 1404 VI
1124 1370 1341 1411 940—941).
1392 1370 1431 1403 In
1461 1371 1652 1412 „Cataloyo
1686 1367 1878 1401 librorum“

110 1426 192 1469 post
223 1424 406 1466 „vernales
424 1424 761 1458 Francofordienses
778 1424 956 1458 nundinas
983 1424 1066 1458 anni
1085 1424 1132 1458 M.
1149 1424 1190 1458 D.
1206 1423 1351 1457 LXXI.“
1375 1428 1441 1457 etc.
1467 1423 1641 1457 editorum
1669 1425 1704 1456 et
1730 1421 1881 1455 aliorum

111 1478 334 1521 quorundam
360 1478 530 1511 librorum
562 1489 651 1520 „non
678 1477 821 1521 quidem
848 1479 1056 1519 110v01·um“,
1083 1477 1144 1511 sed
1171 1477 1366 1511 novissime
1385 1477 1588 1516 allatorum,
1616 1476 1676 1520 qui
1695 1476 1882 1518 Augustae

109 1531 145 1565 in
177 1531 338 1573 „officina
366 1530 595 1565 lVilleriana“
628 1531 776 1565 venales
809 1531 881 1565 sint
909 1531 1152 1574 (Francofurti
1179 1531 1223 1565 ad
1250 1531 1428 1571 Moenum,
1465 1542 1529 1575 per
1553 1530 1739 1564 Nicolaum
1767 1528 1881 1562 Basse

113 1585 219 1627 1571)
247 1584 402 1629 positum
428 1587 484 1618 est
515 1585 552 1627 (f.
575 1586 602 1618 A
624 1583 697 1627 3⁷²):
730 1586 852 1626 „1554
888 1585 1126 1619 Directorium
1153 1585 1197 1618 ad
1223 1584 1432 1629 confessarij
1461 1586 1496 1618 et
1522 1583 1727 1618 confitentis
1750 1593 1881 1616 munus

111 1641 208 1672 recte
235 1638 446 1679 obeundum,
474 1638 521 1672 M.
541 1638 673 1672 Ioanne
692 1638 846 1672 Polonco
860 1639 954 1682 [sic]
972 1642 1107 1674 autore.
1150 1639 1241 1672 Item
1267 1639 1310 1672 de
1336 1638 1517 1683 frequenti
1536 1650 1603 1672 vsu
1621 1636 1882 1677 Eucharistiae,

109 1692 153 1726 D.
181 1691 458 1736 Christophorus
483 1692 682 1726 Madridius
710 1692 905 1737 Venetijs.“

112 1813 253 1850 1028
281 1815 359 1848 sive
386 1813 496 1850 litt.
518 1814 654 1860 (23).
697 1814 793 1851 1569.

232 1881 372 1914 ζ’(ιηίεῖί
398 1879 590 1925 „Snmma“
620 1892 748 1915 rursus
775 1883 884 1915 latine
909 1883 1028 1915 editur
1054 1883 1269 1925 Antaeo-piae
1295 1887 1324 1915 et
1352 1882 1511 1915 Venetas,

230 1940 260 1974 1.
289 1939 566 1985 Christophorus
594 1940 793 1981 Plautinus,
821 1953 901 1975 cum
929 1941 1065 1975 Canisii
1088 1941 1310 1983 „Summam“
1334 1952 1364 1975 a.
1387 1941 1476 1975 1566
1504 1942 1539 1974 et
1568 1940 1657 1974 1567
1687 1939 1740 1983 (et
1760 1939 1880 1974 1568?

109 1992 163 2027 Cf.
183 2005 291 2038 supra
318 2005 350 2038 p.
371 1994 453 2036 672)
484 1994 699 2033 excudisset,
728 2006 805 2028 eam
832 1994 963 2028 iterum
989 1995 1088 2039 typis
1115 1994 1310 2039 exscripsit
1336 2006 1366 2029 a.
1390 1995 1497 2028 1569:
1529 1993 1721 2036 „SVMMA
1744 1993 1748 2035 Ι
1771 1992 1880 2027 DOC-

109 2047 287 2080 TRINAE
306 2046 308 2090 Ι
327 2046 629 2081 CHRISTIANAE
648 2047 740 2082 PER
759 2047 760 2092 Ι
779 2047 1088 2089 QVAESTIONES
1107 2047 1183 2083 LV-
1207 2047 1211 2093 Ι
1236 2047 1487 2082 OVLENTER
1506 2047 1614 2082 CON-
1628 2046 1631 2092 Ι
1646 2046 1856 2087 SCRIPTA,
1876 2044 1879 2090 Ι

108 2100 211 2134 Nunc
238 2100 379 2134 demum
405 2100 592 2144 recognita
618 2103 654 2135 et
680 2101 910 2146 locupletata,
946 2104 1092 2136 auctore
1124 2103 1128 2144 Ι
1159 2102 1201 2137 D.
1229 2102 1338 2136 Petro
1365 2101 1518 2143 Canisi0‚
1555 2101 1746 2136 Societatis
1771 2100 1881 2134 IESV

108 2153 300 2197 Theologo,
324 2153 328 2198 Ι
351 2156 392 2187 vt
410 2165 456 2188 ex
474 2154 551 2188 eius
569 2166 662 2189 noua
677 2155 892 2189 Praefatione
911 2156 1100 2190 constabit.
1124 2154 1128 2200 Ι
1153 2158 1305 2190 Accessit
1322 2157 1405 2189 huic
1422 2156 1657 2200 recoquittom·
1674 2156 1880 2198 auctoritas,

107 2208 245 2240 decretl-c
273 2212 302 2240 et
326 2209 429 2251 prieti
451 2208 454 2250 Ι
478 2209 604 2250 leuium
633 2209 863 2243 Ferdinandi
889 2211 976 2253 Imp.
1002 2212 1045 2243 &³
1068 2210 1230 2253 Philippi
1257 2211 1360 2254 Reyis
1385 2211 1488 2253 Hisp.
1513 2209 1518 2252 Ι
1541 2207 1843 2248 ANTVERPIAE‚
1874 2207 1877 2252 Ι

108 2260 163 2294 Ex
182 2260 326 2294 officina
342 2260 588 2306 Christophori
603 2261 774 2297 Plantini.
791 2261 794 2306 Ι
812 2263 859 2296 M.
875 2262 916 2297 D.
934 2262 1047 2297 LXIX
1065 2262 1067 2308 Ι
1087 2263 1188 2298 CVM
1208 2263 1519 2298 PRIVILEGIO.“
1551 2263 1639 2297 Cum
1658 2262 1761 2305 signo
1779 2264 1881 2306 typo-

108 2314 278 2359 graphico
299 2314 466 2349 Plautini.
504 2315 580 2355 160;
609 2326 666 2359 pp.
686 2315 765 2356 330,
792 2316 913 2349 addito
932 2316 1016 2350 folio
1034 2316 1192 2357 titulari;
1220 2319 1407 2362 praeterea
1426 2318 1460 2351 in
1479 2318 1661 2361 postrema
1678 2315 1760 2349 libri
1778 2317 1881 2359 parte

110 2368 152 2403 10
171 2368 206 2402 ff.
225 2379 294 2401 non
313 2367 466 2411 signata.
503 2368 541 2401 In
561 2368 694 2412 pagina
713 2369 828 2403 altera
846 2369 922 2403 folii
940 2370 1097 2404 titularis
1116 2382 1256 2404 summa
1275 2371 1395 2404 brevis
1413 2369 1595 2415 privilegii
1612 2381 1633 2403 a
1652 2368 1818 2414 Philippo
1836 2368 1879 2402 II.

108 2420 305 2465 Hispaniae
336 2432 422 2464 rege
458 2433 488 2455 a.
519 2422 608 2456 1566
634 2422 802 2456 Plautino
837 2423 873 2456 in
899 2423 921 2457 4
947 2434 1059 2457 annos
1095 2423 1180 2465 dati,
1217 2424 1260 2458 de
1286 2435 1356 2468 quo
1386 2425 1472 2458 Can.
1499 2423 1532 2457 V
1558 2424 1645 2463 814;
1681 2424 1882 2466 sequuntur

107 2474 267 2508 Plautini
294 2473 437 2508 litterae
464 2475 704 2509 dedicatoriae
731 2487 761 2509 a.
784 2476 874 2510 1566
903 2476 946 2509 ad
966 2476 1173 2521 Philippum
1192 2477 1235 2512 II.
1263 2477 1378 2518 datae,
1406 2477 1449 2511 de
1475 2476 1604 2521 quibus
1634 2477 1720 2510 Can.
1740 2475 1772 2509 V
1790 2476 1878 2515 814;

108 2526 243 2561 Canisii
261 2527 404 2561 litterae
423 2528 662 2562 dedicatoriae
681 2529 725 2562 ad
745 2528 976 2563 Colonienses
995 2542 1025 2564 a.
1046 2530 1135 2565 1566
1155 2531 1270 2572 datae,
1289 2542 1379 2575 quas
1397 2530 1498 2575 posui
1517 2532 1604 2564 Can.
1622 2529 1655 2564 V
1675 2530 1879 2570 159-163;

106 2580 321 2615 Ferdinandi
341 2581 365 2615 I.
394 2583 430 2615 et
455 2581 613 2627 Philippi
631 2582 674 2617 II.
704 2582 821 2616 edicta
847 2594 879 2616 a.
901 2583 992 2619 1560
1019 2585 1055 2617 et
1084 2583 1172 2618 1557
1200 2584 1285 2619 lata.
1320 2584 1452 2618 Decem
1479 2586 1661 2628 postrema
1686 2583 1768 2617 libri
1794 2583 1880 2618 folia

106 2634 259 2668 indicem
285 2646 403 2668 rerum
429 2634 695 2680 alphabeticum
722 2635 875 2676 habent;
902 2636 939 2670 in
964 2637 1097 2680 pagina
1123 2637 1238 2672 altera
1264 2637 1341 2672 folii
1369 2637 1503 2672 ultimi:
1541 2637 1792 2682 „Antverpiae‚
1820 2649 1881 2672 ex-

107 2687 262 2722 cudebat
297 2687 575 2733 Christophorus
610 2689 821 2730 Plautinus,
856 2691 923 2724 An.
950 2690 998 2724 M.
1015 2690 1055 2724 D.
1070 2690 1196 2725 LXIX.
1224 2690 1266 2725 V.
1295 2692 1379 2726 Idus
1405 2691 1562 2726 Martii“.
1613 2690 1880 2735 Responsiones

106 2741 205 2786 typis
231 2741 385 2775 cursivis
412 2743 615 2787 exscriptae
641 2745 736 2784 sunt,
764 2744 908 2788 praeter
933 2743 1030 2778 locos
1056 2755 1181 2778 sacrae
1207 2744 1426 2789 Scripturae.

226 2800 426 2835 Editionem
462 2801 535 2835 vidi
572 2802 757 2845 Limburgi
795 2802 840 2836 ad
876 2802 1060 2846 Laganam
1099 2804 1133 2837 in
1169 2803 1386 2838 bibliotheca
1424 2804 1605 2839 seminarii
1644 2804 1878 2850 episcopalis;

106 2853 231 2888 eadem
266 2856 386 2888 exstat
422 2854 540 2889 Eremi
576 2855 751 2900 Deiparac
787 2856 915 2890 Matris
943 2856 1182 2901 (Einsiedeln)
1210 2857 1246 2891 in
1281 2857 1499 2892 bibliotheca
1532 2858 1740 2892 monasterii
1775 2859 1878 2893 bene-

106 2907 231 2942 dictini
258 2910 293 2941 et
320 2908 499 2942 Monachii
526 2909 562 2942 in
590 2909 806 2943 bibliotheca
831 2909 1093 2944 universitatis.
1145 2910 1234 2945 Eam
1269 2911 1430 2946 breviter
1464 2912 1585 2957 posuit
1611 2913 1879 2957 Smmnervoyek

106 2961 197 2996 Bibl.
224 2961 256 2994 II
285 2962 364 2996 624.

225 3021 257 3054 2.
294 3019 449 3054 Michael
482 3032 623 3065 quoque
650 3021 905 3056 Tramezzinus
939 3022 1133 3067 bibliopola
1168 3026 1205 3057 et
1245 3024 1495 3069 typographus
1533 3027 1687 3060 venetus
1731 3026 1879 3060 eandem

106 3072 288 3107 Summam
317 3074 427 3108 latine
454 3073 525 3108 iam
553 3086 583 3108 a.
606 3075 706 3115 1558,
737 3076 836 3116 1559,
867 3076 967 3117 1563,
998 3077 1087 3110 1565
1109 3076 1215 3120 (Can.
1235 3076 1286 3110 IV
1315 3078 1423 3119 1004;
1451 3078 1483 3112 V
1503 3079 1586 3120 799)
1616 3081 1652 3113 et
1678 3079 1733 3113 bis
1759 3079 1878 3114 italice
