2044 3335
507 72 601 106 Mon.
630 72 718 107 1011
747 71 825 106 sive
850 71 920 106 litt.
941 70 1009 115 (6).
1052 71 1101 106 Μ.
1121 70 1322 116 Septembri
1351 70 1451 106 1567.
1773 72 1853 112 661

89 198 175 222 cura
201 198 358 221 excusus
384 188 450 221 est.
501 187 556 220 Ita
582 187 675 220 enim
703 188 883 221 Antonius
913 189 1021 221 Guise
1046 186 1124 221 sive
1150 187 1315 220 Flander
1340 186 1375 220 S.
1395 185 1428 219 J.
1455 185 1490 219 in
1517 184 1660 228 collegii
1686 183 1857 228 dilingani

89 240 236 275 Litteris
271 240 398 274 annuis
425 239 570 283 Dilinga
600 241 627 274 1.
656 239 822 274 Octobris
851 241 939 274 1567
977 240 1072 274 datis
1107 241 1249 274 narrat:
1289 239 1434 281 „Bullae
1468 238 1716 283 Apostolicae,
1751 249 1859 282 super

90 294 300 327 executione
319 292 469 337 Concilij
489 292 697 333 Tridentini,
726 292 923 327 Concilium
950 304 1090 337 quoque
1108 292 1368 333 Tridentinum,
1397 291 1648 326 Catechismus
1666 290 1858 330 Romanus,

90 346 223 392 alijque
250 346 283 380 id
310 357 425 389 genus
452 345 627 380 Catholici
653 345 746 390 librj,
772 347 974 380 nostrorum
1001 357 1109 391 opera
1134 347 1219 379 sunt
1244 346 1310 379 hoc
1336 345 1414 379 loco
1441 345 1596 379 excusi.“

209 400 248 433 Id
284 399 458 443 quomodo
494 400 661 433 effectum
697 400 764 441 sit,
804 398 1028 442 intellegitur
1065 410 1110 432 ex
1148 398 1281 432 litteris
1319 397 1467 442 Dilinga
1503 398 1560 432 24.
1586 397 1741 432 Ianuarii
1770 397 1860 432 1567

90 464 111 486 a
137 453 310 487 cardinali
350 454 471 487 Ottone
500 454 691 486 Truchsess
716 452 866 486 Romam
893 452 945 486 ad
982 451 1199 486 cardinalem
1226 452 1393 485 Ioannem
1422 452 1650 486 Franciscum
1678 451 1863 486 Commen-

91 506 222 540 donum
256 506 392 546 missis;
430 506 555 540 scribit
591 506 684 539 enim
712 504 816 540 Otto:
854 504 1120 539 Catechismum
1155 504 1354 538 Romanum
1391 505 1427 538 in
1462 504 1655 539 Germania
1687 516 1708 538 a
1742 503 1864 549 probis

90 559 255 593 omnibus
281 571 362 593 cum
388 559 518 602 gaudio
546 561 737 603 exceptum
773 570 862 592 esse.
915 559 958 593 Se
996 558 1067 592 iam
1093 558 1227 592 Romae
1261 569 1325 602 per
1360 560 1626 603 procuratorem
1661 569 1766 592 suum
1794 557 1862 601 (Io-

90 623 218 646 annem
236 612 388 646 Paulum
409 611 672 654 Castellinium)
701 611 783 646 libri
801 611 1000 645 excudendi
1026 611 1238 645 facultatem
1256 611 1401 655 petisse,
1428 611 1490 645 sed
1509 612 1665 645 nondum
1692 611 1759 645 sibi
1783 622 1862 645 esse

89 676 320 710 responsum;
358 665 436 699 ideo
462 676 500 699 se
527 677 548 699 a
575 664 747 699 cardinali
774 667 907 709 petere,
933 666 974 698 ut
998 665 1074 709 ipse
1102 664 1195 708 apud
1222 664 1426 708 pontificem
1453 676 1597 709 operam
1624 676 1727 698 suam
1753 664 1859 698 inter-

91 721 211 763 ponat,
241 718 328 761 „che
355 717 441 762 [Sua
467 717 710 762 Beatitudine]
737 718 836 761 uogli
861 719 897 751 in
924 718 1006 761 ogni
1033 717 1135 751 modo
1163 717 1365 751 consentire
1392 717 1457 751 che
1489 717 1522 751 io
1548 718 1644 762 possi
1672 717 1728 751 far
1754 721 1862 751 stam-

89 771 189 816 parlo
215 771 352 813 Latino,
379 771 410 805 si
436 783 536 806 come
562 772 592 805 si
619 774 638 805 e
664 771 902 816 compiaciuta
929 771 1122 805 concedere
1148 770 1185 804 in
1204 770 1373 811 Todesco,
1402 770 1467 804 che
1493 782 1624 805 ancora
1650 770 1719 804 nel’
1735 770 1862 804 Latino

89 825 137 858 mi
164 824 286 858 ualero
313 824 380 858 del’
394 836 501 869 opera
528 825 585 858 del
611 825 727 858 Padre
755 823 897 859 Canisio
931 825 967 858 in
994 824 1263 864 far’riuederlo,
1299 824 1335 857 in
1361 824 1464 858 modo
1491 824 1556 858 che
1591 824 1645 858 sia
1681 824 1764 857 dato
1792 824 1863 858 alla

89 880 231 922 stampa
257 889 365 912 senza
396 878 525 912 menda
551 880 581 919 ὸ,
618 878 705 912 uitio
741 878 903 912 alcun0“.
954 877 998 911 Se
1034 878 1069 911 in
1105 889 1146 911 ea
1180 877 1351 922 petitione
1386 877 1562 921 singulari
1597 877 1769 911 dioecesis
1805 889 1864 911 au-

90 933 267 974 gustanae
293 931 431 965 ratione
458 932 613 971 moveri;
641 930 736 965 velle
763 931 856 964 enim
882 943 921 965 se
952 931 986 964 in
1014 930 1150 974 synodo
1176 930 1389 965 dioecesana
1424 943 1507 964 mox
1534 931 1698 964 habenda
1733 930 1862 964 librum

89 984 191 1018 illum
214 984 383 1018 universo
410 984 552 1018 tradere
571 984 677 1018 clero.
713 984 778 1018 Die
797 985 852 1018 27.
872 984 1057 1018 Februarii
1082 984 1171 1018 1567
1193 983 1278 1018 Otto
1305 984 1512 1029 petitionem
1538 984 1670 1029 repetit
1696 986 1732 1018 et
1757 983 1864 1017 simul

90 1039 214 1080 rogat:
242 1036 278 1070 Si
304 1038 406 1079 forte,
435 1037 470 1070 id
497 1038 590 1081 quod
619 1037 906 1071 Commendonus
932 1037 1053 1082 aliqua
1081 1037 1217 1071 ratione
1243 1037 1311 1071 sibi
1338 1037 1613 1080 significaverit,
1639 1050 1685 1071 ex
1710 1037 1865 1071 Manutii

90 1090 278 1135 privilegio
305 1089 541 1124 difficultates
567 1091 739 1131 oriantur,
775 1090 911 1124 efficiat
937 1091 1065 1125 saltem
1092 1091 1127 1124 id
1155 1090 1357 1132 cardinalis,
1385 1093 1425 1125 ut
1450 1091 1635 1125 Manutius
1662 1102 1769 1135 quam
1796 1090 1864 1135 pri-

90 1155 187 1178 mum
213 1155 320 1187 quam
348 1143 502 1188 plurima
529 1143 748 1178 Catechismi
775 1144 940 1189 exempla
966 1144 1001 1177 in
1029 1143 1259 1178 Germaniam
1286 1145 1431 1178 mittere
1456 1144 1632 1178 iubeatur.

210 1196 411 1231 Cardinalis
437 1196 638 1231 Truchsess
673 1197 906 1239 facultatem,
943 1208 1050 1241 quam
1085 1197 1249 1242 petierat,
1286 1197 1392 1242 paulo
1427 1201 1509 1242 post
1535 1199 1752 1232 consecutus
1787 1208 1865 1231 esse

90 1251 251 1291 videtur3
280 1261 363 1284 nam
389 1262 435 1284 m.
463 1250 564 1284 Iunio
590 1261 622 1285 a.
651 1250 741 1284 1567
769 1250 936 1294 Dilingae
961 1251 997 1284 in
1025 1251 1161 1295 synodo
1188 1251 1400 1285 dioecesana
1426 1251 1610 1296 promisit:
1649 1250 1865 1285 Curaturum

89 1316 138 1346 se,
175 1307 214 1338 ut
251 1303 501 1338 Catechismus
527 1303 710 1338 Romanus
749 1315 857 1347 quam
884 1304 1038 1348 primum
1074 1306 1110 1338 et
1155 1304 1266 1338 latine
1301 1306 1338 1338 et
1373 1305 1577 1348 germanice
1604 1304 1770 1348 Dilingae
1807 1316 1866 1338 ex-

91 1358 282 1392 cuderetur
311 1356 551 1401 (Hartzheim,
579 1356 738 1391 Concilia
756 1357 824 1391 VII
854 1358 949 1400 160).
987 1358 1177 1391 Caeterum
1202 1357 1367 1392 Canisius
1394 1358 1569 1402 proximis
1595 1358 1711 1392 tribus
1737 1358 1864 1391 mensi-

90 1412 156 1446 bus
182 1422 316 1456 paucos
342 1412 483 1445 tantum
510 1411 586 1445 dies
604 1411 772 1454 Dilingae
799 1414 967 1445 versatus
994 1413 1059 1451 est,
1086 1411 1199 1445 multa
1217 1413 1339 1445 autem
1365 1411 1437 1445 alia
1462 1411 1540 1445 loca
1567 1411 1867 1456 occupatissimus

90 1464 318 1509 peragravit;
346 1476 457 1509 quare
483 1464 562 1498 fieri
588 1465 650 1498 vix
678 1466 827 1509 poterat,
854 1467 895 1498 ut
921 1464 998 1509 ipse
1025 1464 1229 1508 dilinganas
1264 1464 1347 1498 illas
1374 1464 1593 1499 Catechismi
1620 1465 1786 1510 plagulas
1814 1477 1866 1498 re-

91 1520 324 1561 cognosceret
349 1521 386 1552 et
411 1518 619 1562 corrigeret.
670 1520 841 1552 Attamen
876 1518 943 1552 hoc
975 1520 1112 1552 certum
1140 1520 1214 1552 est:
1251 1518 1445 1562 Negotium
1481 1519 1548 1552 hoc
1584 1519 1615 1552 ei
1652 1518 1750 1552 cordi
1777 1520 1864 1555 erat,

91 1573 128 1605 et
153 1572 368 1606 auctoritate
395 1572 471 1616 ipse
498 1583 563 1605 sua
590 1592 633 1596 —
660 1572 888 1616 praepositus
912 1571 1144 1616 provincialis
1172 1574 1249 1605 erat
1267 1591 1311 1595 —
1331 1572 1500 1606 utebatur
1526 1572 1570 1606 ad
1597 1571 1864 1617 typographum

92 1624 316 1668 dilinganum
342 1637 406 1670 per
433 1624 554 1659 Socios
582 1625 677 1658 illius
705 1624 845 1667 collegii
872 1625 1128 1659 adiuvandum.

210 1678 348 1712 Prodiit
374 1678 485 1721 igitur
506 1677 862 1721 „CATECHISMVS
886 1679 890 1721 Ι
915 1678 1158 1719 ROMANVS,
1181 1679 1185 1721 Ι
1211 1678 1266 1712 EX
1292 1679 1435 1713 decreto
1455 1678 1604 1723 Concilij
1623 1678 1834 1719 Tridentini,
1857 1680 1859 1721 Ι

91 1731 154 1765 AD
183 1731 448 1773 PAROCHOS,
481 1732 485 1775 Ι
516 1732 581 1765 ΡΠ
608 1730 773 1773 QVINTI
806 1733 809 1773 Ι
842 1731 981 1766 ΡΟΝΤ.
1009 1731 1126 1766 ΜΑΧ.
1153 1731 1292 1767 IVSSV
1325 1733 1328 1775 Ι
1360 1732 1544 1771 EDITVS,
1578 1731 1709 1766 NVNC
1735 1730 1866 1766 VERO

91 1784 184 1818 PRI-
208 1785 212 1827 Ι
235 1787 332 1819 mum
358 1786 394 1819 in
422 1784 615 1819 Germania
642 1797 722 1819 cum
749 1785 926 1819 Maiorum
953 1788 1051 1819 auto-
1073 1786 1076 1828 Ι
1102 1785 1220 1826 ritate,
1258 1787 1287 1820 Sa
1314 1786 1492 1830 permissu
1517 1785 1622 1819 Pauli
1649 1785 1723 1819 Ma·
1747 1786 1751 1827 Ι
1774 1784 1866 1830 nutij

90 1850 250 1873 recusus.
275 1839 278 1881 Ι
302 1840 458 1872 Accessit
480 1840 656 1882 Prcefatio
684 1840 837 1882 ampliss.
859 1840 1012 1877 Domini
1037 1840 1248 1873 Cardianus
1270 1838 1274 1882 Ι
1297 1842 1330 1873 sc·
1353 1841 1522 1883 Episcopi
1547 1841 1752 1882 Anyustani
1778 1843 1839 1872 etc.
1861 1838 1864 1882 Ι

90 1891 300 1926 DILINGAE
322 1890 327 1935 Ι
351 1892 455 1936 Apud
482 1892 673 1926 Sebaldum
701 1893 839 1937 Mayer.
864 1890 868 1937 Ι
893 1892 1019 1926 1567“.
1055 1891 1171 1937 Supra
1197 1893 1347 1927 verbum
1369 1892 1562 1936 „Dilingae“
1587 1892 1727 1935 insigne
1754 1892 1866 1926 cardi-

90 1945 182 1978 nalis
202 1944 346 1979 Ottonis
363 1945 563 1980 Truchsess
590 1946 687 1989 ligno
713 1945 866 1980 incisum
894 1947 929 1979 et
956 1946 1066 1979 verba
1085 1945 1155 1980 SIC
1174 1945 1252 1980 HIS
1279 1945 1361 1988 QVI
1388 1945 1619 1980 DILIGVNT
1647 1946 1865 1990 comparent.

94 1999 170 2039 16⁰;
197 2010 254 2043 pp.
272 1999 431 2032 numeris
457 1999 548 2041 sign.
568 1999 655 2039 9353
684 2001 872 2044 praeterea
898 1999 933 2032 in
960 1999 1061 2032 initio
1088 2012 1095 2033 ι
1123 1998 1185 2033 fol.
1203 1999 1258 2033 tit.
1287 2001 1324 2033 et
1349 1999 1369 2034 3
1388 2000 1424 2033 ff.
1448 2011 1517 2033 non
1543 1999 1648 2042 sign.,
1674 1999 1711 2032 in
1738 1999 1868 2042 quibus

90 2054 146 2086 est
169 2052 383 2096 „p1·aefati0“
406 2052 598 2086 cardinalis
616 2052 835 2093 Truchsess;
862 2052 898 2086 in
924 2052 993 2086 fine
1013 2066 1020 2087 :
1039 2053 1084 2086 29
1103 2053 1137 2086 ff.
1165 2064 1235 2086 non
1261 2053 1366 2096 sign.,
1394 2064 1486 2097 quae
1512 2064 1631 2086 rerum
1662 2052 1860 2095 „Indicem“

90 2105 357 2150 alphabeticum
383 2105 527 2142 habent.
578 2106 761 2140 Praefatio
788 2105 934 2149 Dilinga
960 2106 1015 2140 29.
1044 2101 1135 2140 Iunii
1165 2106 1254 2140 1567
1283 2106 1367 2140 data
1393 2108 1469 2147 est;
1505 2106 1542 2139 in
1568 2117 1639 2150 qua
1674 2105 1867 2139 cardinalis

90 2159 207 2203 planis
233 2159 355 2193 verbis
381 2159 548 2201 affirmat,
576 2171 615 2194 se
641 2171 662 2193 a
680 2159 714 2194 S.
734 2159 798 2193 Pio
817 2159 860 2193 V.
888 2159 1106 2204 peculiarem
1133 2159 1347 2194 facultatem
1373 2160 1455 2193 libri
1474 2159 1641 2203 Dilingae
1668 2158 1867 2193 excudendi

90 2213 315 2255 impetrasse.
352 2212 434 2246 Vidi
460 2212 541 2246 libri
568 2212 784 2257 exemplum,
811 2213 905 2257 quod
924 2215 1047 2247 exstat
1065 2213 1246 2247 Monachii
1273 2213 1308 2247 in
1336 2213 1554 2247 bibliotheca
1579 2212 1691 2256 regia,
1719 2211 1866 2246 Catech.

90 2266 170 2300 207.
221 2265 336 2307 Liber,
363 2268 404 2299 ut
429 2266 544 2307 audio,
572 2268 627 2300 est
653 2266 762 2300 etiam
788 2266 1033 2300 Vratislaviae
1060 2267 1095 2300 in
1122 2266 1340 2300 bibliotheca
1365 2266 1627 2300 universitatis.

211 2318 401 2353 Caeterum
428 2319 549 2353 eodem
576 2319 644 2353 hoc
670 2331 762 2353 anno
790 2320 880 2353 1567
909 2319 1076 2353 Coloniae
1113 2331 1255 2364 quoque
1290 2319 1349 2354 hic
1376 2319 1626 2354 Catechismus
1663 2318 1796 2364 prodiit
1822 2330 1867 2352 ex

92 2371 236 2406 officina
262 2371 409 2406 Henrici
436 2373 636 2417 Aquensis;
664 2385 698 2407 v.
726 2373 933 2406 Balzlmann
960 2373 981 2406 l.
1009 2385 1038 2407 c.
1068 2372 1191 2418 [supra
1218 2385 1251 2417 p.
1278 2373 1376 2415 429¹]
1406 2373 1511 2407 51¹24.

92 2504 213 2540 1011
239 2506 318 2540 sive
344 2504 455 2541 litt.
477 2505 578 2551 (6).
621 2505 665 2541 Μ.
685 2505 891 2552 Septemlmi
917 2505 1010 2542 1567.

209 2571 265 2605 Ex
290 2571 380 2606 libro
410 2571 717 2614 „Constitutiones
750 2574 786 2605 et
811 2571 966 2605 Decreta
992 2571 1187 2616 Synodalia
1214 2571 1383 2605 Civitatis
1419 2573 1455 2605 et
1481 2571 1666 2605 Dioecesis
1694 2571 1866 2605 Constan-

90 2624 216 2658 tiensis
243 2625 279 2658 in
296 2624 460 2660 Ecclesia
483 2625 681 2659 cathedrali
702 2625 969 2659 Constantiensi
988 2625 1161 2659 Kalendis
1180 2625 1402 2670 Septembris
1421 2627 1457 2658 et
1474 2624 1711 2668 sequentibus
1730 2624 1867 2665 diebus,

90 2681 193 2711 Anno
213 2678 352 2712 Domini
371 2679 418 2713 M.
434 2679 476 2713 D.
492 2678 636 2713 LXVII.
655 2681 803 2718 statuta,
831 2679 927 2712 edita
947 2680 983 2712 et
1008 2678 1255 2723 promulgata“
1279 2677 1461 2722 [Dilingae
1483 2678 1586 2721 1569]
1615 2678 1640 2712 f.
1662 2679 1715 2712 15.
1748 2678 1867 2711 Etiam

91 2732 185 2776 apud
212 2733 436 2775 ΗανέΖΙιείυι,
464 2731 623 2766 Concilia
650 2731 718 2766 VH
744 2732 814 2766 464
839 2732 921 2766 465.

210 2792 252 2824 In
288 2793 422 2835 synodo
448 2793 702 2826 constantiensi
720 2793 962 2835 praecipitur,
998 2798 1037 2826 ut
1065 2793 1269 2825 rudimenta
1303 2792 1386 2834 fidei
1411 2793 1461 2825 vel
1496 2802 1539 2825 ex
1565 2791 1771 2825 catechismo
1802 2792 1868 2825 Ca-

92 2846 179 2878 nissi
204 2846 254 2878 vel
279 2857 322 2878 ex
348 2845 449 2878 libris
474 2846 660 2879 Holtlcusz'i
685 2850 715 2878 et
742 2846 928 2888 Heldinffl'z'
952 2846 1160 2879 tradantur.

211 2903 411 2938 Cardinalis
438 2905 587 2938 Marcus
614 2905 762 2938 Sitticus
796 2904 987 2949 episcopus
1014 2904 1292 2938 constantiensis
1321 2903 1554 2938 Constantiae
1580 2903 1682 2937 initio
1709 2915 1754 2937 m.
1782 2903 1867 2948 Sep-

90 2957 240 2991 tembris
268 2958 357 2992 1567
384 2958 559 3002 synodum
579 2957 705 2992 habuit
723 2957 991 2998 dioecesanam;
1019 2958 1054 2992 in
1074 2957 1176 2992 cuius
1195 2957 1351 2992 decretis
1368 2957 1469 2998 haec,
1496 2960 1641 3002 praeter
1658 2957 1738 2997 alia,
1766 2969 1867 3002 prae-

91 3010 271 3056 cipiuntur
301 3011 355 3054 (P.
378 3012 407 3052 1,
433 3011 488 3045 tit.
508 3012 540 3052 4,
569 3023 598 3046 c.
617 3014 640 3046 4
667 3011 724 3054 5):
754 3011 893 3045 Scholis
920 3011 955 3045 in
983 3011 1174 3053 coenobiis,
1202 3011 1375 3054 collegiis,
1403 3010 1583 3055 parochiis
1610 3011 1788 3045 institutis
1807 3010 1867 3044 vel

91 3064 332 3105 instituendis,
360 3065 583 3109 „quicunque
602 3064 802 3109 praefuturi
820 3066 915 3105 sunt,
942 3064 966 3109 ij
985 3064 1180 3109 discipulos
1198 3075 1283 3098 suos
1301 3064 1383 3098 fidei
1403 3064 1629 3106 Rudimenta,
1657 3063 1865 3109 Symbolum
