2044 3335
745 76 890 121 Dilinga
920 78 972 113 13.
993 78 1115 112 Martii
1136 78 1236 113 1569.
1795 81 1879 122 273

232 187 531 230 Permitterem
566 187 711 238 etiam,
746 191 794 230 ut
827 189 966 241 quiuis
998 204 1099 231 suos
1130 189 1264 231 libros
1296 192 1455 243 purget
1476 190 1530 231 ab
1554 190 1881 232 occurrentibus

111 252 342 304 erroribus,
376 252 451 294 sed
473 252 526 306 ijs
548 252 861 305 permitterem,
894 254 936 295 in
961 255 1113 308 quibus
1139 255 1377 308 judicarem
1402 269 1486 296 non
1510 268 1605 296 esse
1627 255 1878 308 periculum,

111 323 158 360 ut
189 317 287 359 inde
319 317 480 370 aliquid
513 317 784 369 contagionis
817 320 1090 370 contrahant,
1135 322 1179 360 et
1211 333 1443 370 monerem,
1477 323 1525 362 ut
1558 320 1593 361 si
1626 319 1727 373 quid
1760 320 1879 361 dubi-

109 384 257 424 tarent
297 382 524 424 delendum
571 384 708 429 esset,
755 396 834 424 nec
876 398 930 425 ne
975 384 1251 425 consulerent
1296 383 1632 441 Confessarium.
1704 384 1878 426 Nouum

110 446 282 489 Erasmi
322 449 635 489 testamentum
677 447 851 489 videtur
892 462 977 490 non
1019 462 1114 491 esse
1161 448 1501 502 permittendum
1543 449 1587 490 in
1628 449 1878 492 vniuersum

109 512 334 565 loquendo,
378 512 454 553 sed
496 511 753 564 quibusdam
795 516 945 566 posset
987 513 1164 555 concedi
1207 513 1360 566 quibus
1393 514 1617 557 videretur
1657 529 1743 557 non
1784 528 1879 557 esse

109 576 394 626 nocituiuml,
437 576 566 629 idque
608 577 730 629 quasi
771 591 826 618 ex
859 578 1182 632 dispensatione
1217 592 1422 620 concessa
1454 579 1656 621 societati
1688 594 1765 633 pro
1798 579 1878 630 his,

109 641 182 694 qui
212 642 361 695 patres
394 641 666 683 consulunt-2.

227 706 418 759 Clingius
450 705 741 760 prohibendus
773 706 948 749 videtui
978 708 1021 749 in
1055 721 1105 749 eo
1138 707 1247 749 libro
1282 707 1351 761 quj
1387 722 1443 750 ex
1466 708 1662 762 Philippo
1686 708 1879 751 Melanc-

107 776 209 813 tone
243 785 402 824 magna
435 785 490 812 ex
521 772 647 825 parte
680 774 886 814 consutus
920 775 987 815 est
1003 774 1029 814 3.

227 835 486 889 Confessarij
529 836 572 877 in
604 835 854 878 vniuersum
887 852 972 878 non
1005 837 1093 880 sint
1125 837 1365 891 scrupulosi
1398 837 1442 879 in
1474 837 1554 879 hoc
1587 851 1760 891 genere,
1803 838 1879 879 sed

107 899 382 954 interrogent
423 900 697 954 poenitentes
731 915 786 942 an
829 901 1018 945 habeant
1059 902 1192 944 libros
1234 902 1479 945 haereticos
1521 906 1597 945 aut
1629 903 1792 956 legant,
1836 903 1879 944 in

106 979 281 1019 genere,
315 980 400 1008 non
433 966 731 1007 descendendo
765 967 820 1008 ad
852 967 965 1009 hunc
988 968 1058 1009 vel
1080 967 1214 1018 illum,
1249 971 1293 1009 et
1315 971 1419 1010 tunc
1450 968 1485 1009 si
1518 967 1746 1022 poenitens
1778 982 1879 1022 pro-

106 1031 194 1073 fert
225 1031 394 1081 librum,
429 1045 484 1072 ex
510 1031 631 1072 cuius
662 1031 848 1073 lectione
882 1036 1030 1086 posset
1052 1033 1090 1074 ei
1114 1032 1423 1075 detrimentum
1455 1033 1590 1086 sequi,
1624 1033 1744 1075 illum
1778 1048 1878 1087 pro-

107 1095 267 1147 hibeat,
312 1097 382 1138 vel
414 1099 585 1150 purget,
629 1096 693 1138 sin
737 1097 883 1147 alium,
927 1098 998 1151 qui
1030 1111 1116 1139 non
1149 1098 1324 1140 videtur
1365 1098 1603 1149 nociturus,
1646 1099 1877 1152 relinquat,

106 1161 363 1215 praesertim
396 1161 470 1203 vbi
491 1175 576 1202 non
608 1164 736 1215 putat
760 1162 1044 1214 obediturum,
1080 1165 1124 1205 et
1147 1163 1293 1205 norint
1316 1164 1578 1218 Confessarij
1612 1178 1697 1206 non
1731 1178 1878 1206 omnes

106 1226 179 1279 qui
219 1227 371 1279 legunt
411 1226 544 1268 libros
585 1226 825 1280 prohibitos
868 1242 963 1269 esse
1005 1228 1446 1279 excommunicatos4,
1497 1230 1573 1270 sed
1615 1229 1687 1283 qui
1727 1229 1879 1283 legunt

105 1294 277 1334 tantum
318 1292 560 1334 haereticos
601 1306 709 1346 quos
749 1296 909 1335 norunt
952 1307 1047 1335 esse
1089 1294 1347 1344 haereticos,
1391 1297 1435 1336 et
1477 1295 1647 1347 quando
1691 1294 1879 1337 scienter

105 1357 269 1411 legunt,
309 1357 495 1400 scientes
528 1371 624 1399 esse
662 1358 740 1399 sub
773 1358 1223 1401 excommunicatione
1255 1359 1519 1413 prohibitum
1533 1361 1561 1403 5.
1626 1360 1730 1402 Cum
1764 1360 1877 1402 enim

106 1423 254 1465 Clerus
298 1422 556 1465 Germaniae
596 1423 675 1464 hec
716 1437 801 1464 non
844 1424 1068 1475 obseruet,
1119 1439 1202 1466 non
1244 1427 1450 1467 tenentur
1491 1425 1653 1467 nostris
1701 1426 1878 1467 credere

105 1489 337 1543 populares
370 1487 677 1530 communiter:
720 1488 823 1530 Cum
858 1489 1010 1531 Sciolis
1054 1492 1095 1532 et
1130 1490 1437 1533 Sacerdotibus
1480 1490 1627 1532 durius
1661 1491 1876 1544 agendum

230 1584 238 1603 ¹
266 1582 438 1616 Erasmus
465 1581 726 1616 Roterodamus
761 1593 843 1616 cum
870 1593 901 1616 a.
923 1583 1013 1617 1516
1039 1583 1204 1618 Basileae
1236 1586 1366 1626 rogatu
1392 1584 1535 1618 Ioannis
1562 1584 1727 1618 Frobenii
1752 1584 1875 1619 biblio-

105 1636 208 1681 polae
242 1635 384 1669 Novum
411 1635 681 1670 Testamentum
717 1646 857 1677 graece,
893 1636 1075 1670 codicibus
1106 1648 1194 1671 usus
1229 1637 1354 1682 paucis
1389 1649 1588 1682 parumque
1625 1638 1737 1679 bonis,
1776 1649 1877 1682 prae-

105 1689 298 1734 cipitanter
324 1689 455 1730 ederet,
490 1700 561 1723 una
588 1700 669 1723 cum
705 1700 745 1722 eo
771 1689 975 1723 versionem
1011 1689 1088 1724 eius
1115 1690 1225 1724 edidit
1250 1690 1412 1732 latinam,
1448 1702 1598 1735 eamque
1632 1702 1678 1725 ex
1705 1691 1783 1736 ipsa
1809 1691 1877 1726 hac

104 1742 312 1777 recensione
347 1754 477 1786 graeca
514 1743 658 1784 factam,
695 1754 765 1786 qua
801 1743 989 1786 vulgatam
1029 1743 1127 1778 illam
1162 1745 1364 1778 versionem
1402 1745 1593 1778 emendare
1632 1748 1668 1778 et
1702 1745 1877 1779 sermonis

105 1797 261 1842 puritate
296 1795 549 1840 elegantiaque
586 1807 713 1830 ornare
748 1796 905 1830 volebat.
957 1796 1066 1842 Opus,
1103 1797 1211 1832 Leoni
1238 1797 1281 1832 X.
1310 1798 1513 1832 dedicatum
1549 1798 1593 1832 ab
1630 1809 1741 1842 eoque
1769 1798 1877 1832 Brevi

107 1850 161 1884 10.
188 1849 409 1895 Septembris
437 1850 528 1884 1518
564 1849 647 1883 dato
683 1849 880 1890 laudatum,
920 1849 1002 1894 plus
1031 1862 1138 1894 quam
1174 1851 1243 1885 200
1270 1851 1445 1885 editiones
1471 1851 1597 1885 habuit
1629 1854 1675 1892 et,
1711 1851 1876 1896 exemplo

104 1903 247 1937 funesto
273 1903 392 1947 potius
419 1914 526 1946 quam
553 1902 683 1943 fausto,
711 1903 883 1946 vulgatae
910 1903 1087 1938 versionis
1123 1904 1375 1938 auctoritatem
1403 1905 1584 1938 imminuit
1611 1904 1692 1948 (Fr.
1720 1906 1876 1949 Kanlen,

104 1955 321 1991 Geschichte
348 1956 410 1990 der
426 1955 593 1999 Vulgata,
621 1956 739 1990 Mainz
761 1956 861 1998 1868,
881 1957 1098 2001 319-322).
1136 1957 1224 1992 Cum
1251 1960 1371 1992 autem
1399 1958 1520 1992 Indice
1547 1958 1651 1992 Pauli
1670 1958 1730 1993 IV.
1759 1959 1877 1993 omnia

105 2009 245 2043 Erasmi
271 2021 379 2054 opera
405 2009 584 2054 prohibita
610 2012 741 2050 essent,
769 2010 889 2044 Indice
918 2010 971 2044 Pii
998 2010 1059 2045 IV.
1086 2022 1233 2056 prorsus
1259 2011 1440 2056 prohibita
1465 2023 1535 2045 non
1562 2014 1648 2046 sunt
1673 2012 1742 2046 nisi
1762 2012 1875 2046 00110-

102 2063 197 2107 quia,
219 2063 342 2105 Moria,
361 2063 511 2106 Lingua,
530 2063 749 2097 Matrimonii
776 2063 966 2105 institutio,
987 2064 1039 2098 De
1058 2076 1121 2098 esu
1140 2065 1313 2107 carnium,
1331 2065 1570 2110 Pal-aphrasis
1595 2066 1631 2099 111
1649 2065 1876 2100 Matthaeum

104 2116 223 2150 versio
248 2116 371 2150 italica
397 2128 417 2150 a
444 2116 632 2150 Tomitano
659 2116 768 2151 facta.
815 2117 988 2160 „Caetera
1014 2129 1101 2152 vero
1128 2130 1236 2162 opera
1262 2119 1386 2163 ipsius,
1413 2119 1449 2153 in
1476 2119 1606 2163 quibus
1632 2119 1675 2153 de
1700 2119 1875 2163 religione

102 2171 246 2211 tractat,
273 2169 411 2203 tamdiu
438 2169 618 2214 prohibita
644 2169 727 2211 sint,
754 2170 925 2214 quamdiu
952 2182 973 2204 a
999 2171 1174 2205 facultate
1200 2172 1404 2216 theologica
1422 2172 1618 2206 Parisiensi
1646 2173 1705 2206 vel
1724 2173 1874 2207 Lovani·

102 2223 179 2257 ensi
205 2226 408 2268 expurgata
427 2235 495 2257 non
515 2223 668 2257 fuerinff
693 2223 774 2267 (Die
793 2225 934 2258 Indices
952 2226 1019 2259 etc.
1043 2224 1108 2259 183
1128 2225 1226 2268 259).
1263 2225 1316 2259 De
1340 2225 1530 2269 „Adagiis“
1552 2237 1586 2260 v.
1606 2237 1715 2270 supra
1742 2238 1774 2271 p.
1794 2227 1873 2261 269.

223 2277 236 2297 ²
263 2276 315 2310 Cf.
338 2278 426 2311 Can.
446 2277 479 2310 II
506 2277 713 2317 689—690;
741 2277 792 2311 III
814 2278 880 2312 115
902 2278 980 2312 125.

222 2330 235 2349 ³
262 2329 445 2364 Conradus
464 2329 627 2374 Clingius
653 2330 731 2364 sive
756 2330 866 2374 Kling
891 2331 1085 2375 thuringus
1109 2332 1295 2366 Erfordiae
1324 2334 1360 2366 et
1378 2332 1554 2366 Minorum
1575 2332 1873 2367 Conventualium

101 2383 338 2427 guardianum
359 2383 434 2427 egit
447 2386 483 2417 et
497 2383 732 2418 contionando
750 2384 923 2429 plurimos
939 2385 1135 2420 catholicos
1154 2385 1189 2419 in
1209 2397 1348 2419 summo
1367 2386 1450 2420 fidei
1464 2386 1670 2420 discrimine
1685 2390 1874 2422 versantes

101 2437 329 2471 confirmavit
353 2437 557 2481 multosque
583 2440 828 2482 protestantes
865 2439 909 2472 ad
938 2438 1128 2473 ecclesiam
1154 2439 1319 2480 reduxit;
1360 2451 1400 2473 eo
1427 2442 1566 2473 mortuo
1596 2440 1631 2482 (†
1653 2440 1759 2483 1556)
1789 2441 1875 2475 editi

102 2493 186 2525 sunt
213 2490 415 2535 complures
442 2490 523 2524 libri
549 2491 662 2533 latini,
698 2503 788 2535 quos
822 2492 980 2526 nondum
1015 2492 1120 2537 plene
1156 2493 1356 2536 castigatos
1383 2493 1580 2536 reliquerat
1608 2495 1684 2536 (eos
1710 2500 1875 2529 recenset

101 2545 181 2579 Nic.
199 2545 348 2588 Paulus,
376 2544 515 2578 Gom-ad
539 2543 660 2587 Kling,
687 2544 723 2578 in
754 2544 984 2587 „Katholik“‚
1013 2546 1067 2579 74.
1090 2545 1229 2588 Jahrg„
1257 2546 1272 2579 I
1302 2545 1516 2590 leo—163),
1544 2546 1638 2590 iique
1669 2547 1873 2589 „doctrinae

101 2610 170 2632 non
196 2609 306 2632 sanae
332 2598 375 2632 de
398 2597 656 2642 justificatione
683 2599 869 2632 faventes'‘
895 2599 1054 2641 (Hurter
1071 2599 1093 2633 1.
1114 2611 1143 2633 c.
1163 2599 1214 2633 11³
1234 2599 1354 2643 1435).
1391 2599 1509 2641 Quare
1528 2600 1648 2634 Indice
1676 2612 1697 2634 a
1716 2599 1873 2645 Caspare

101 2651 259 2695 Quiroga
285 2650 446 2694 generali
472 2663 536 2696 per
556 2651 767 2696 Hispaniam
794 2651 1005 2695 inquisitore
1032 2663 1064 2686 a.
1082 2652 1172 2687 1583
1199 2652 1339 2686 Matriti
1366 2653 1460 2686 edito
1486 2652 1601 2698 plene,
1627 2653 1664 2687 in
1692 2654 1874 2689 Indicibus

101 2707 221 2739 autem
248 2705 382 2739 Romae
409 2716 429 2738 a
455 2704 558 2739 Sixto
578 2704 620 2739 V.
647 2716 679 2739 a.
700 2705 791 2739 1590
819 2705 882 2748 (cf.
909 2716 1028 2750 supra,
1066 2717 1098 2750 p.
1126 2706 1227 2749 2722)
1266 2709 1303 2740 et
1337 2718 1358 2740 a
1394 2705 1577 2741 Clemente
1604 2706 1702 2742 VIII.
1729 2719 1761 2742 a.
1783 2708 1872 2743 1596

101 2758 321 2803 compositis,
361 2758 493 2800 „donec
528 2759 853 2803 expurgarentur“,
888 2758 1059 2803 prohibiti
1094 2762 1180 2793 sunt
1216 2759 1299 2802 (Die
1325 2761 1464 2793 Indices
1490 2762 1559 2795 etc.
1590 2761 1660 2795 399
1686 2762 1753 2795 471
1784 2762 1871 2802 544;

100 2812 148 2846 cf.
175 2812 285 2845 etiam
310 2813 458 2855 Hilyers
482 2811 505 2846 1.
534 2823 563 2845 c.
592 2811 688 2855 520).
729 2811 914 2853 Quodnam
941 2814 1061 2846 autem
1089 2824 1134 2846 ex
1161 2812 1292 2856 Clingii
1319 2813 1485 2858 operibus
1512 2825 1533 2847 a
1559 2813 1691 2848 Pisano
1717 2817 1873 2857 notetur,

100 2865 237 2909 ignoro.
264 2865 393 2900 Utrum
418 2865 489 2907 „De
507 2865 709 2899 Securitate
729 2865 969 2900 conscientiae
985 2865 1252 2900 catholicorum
1272 2894 1279 2901 .
1293 2893 1300 2902 .
1313 2895 1320 2901 .
1340 2867 1422 2901 libri
1440 2867 1530 2902 duo“
1550 2867 1736 2912 (Coloniae
1753 2869 1873 2912 1563),

86 2919 137 2953 oin
164 2930 313 2963 quorum
340 2919 458 2963 priore
484 2919 568 2953 fidei
594 2919 714 2964 capita
748 2919 843 2953 inter
869 2919 1067 2954 catholicos
1103 2921 1139 2954 et
1173 2922 1419 2965 protestantes
1446 2923 1679 2956 controversa
1714 2922 1809 2956 inter
1835 2934 1873 2956 se

100 2973 359 3017 opponuntur?
395 2973 450 3006 An
472 2972 598 3014 „Liber
617 2984 719 3014 unus,
747 2972 933 3007 continens
953 2973 1227 3008 confutationes
1246 2974 1515 3009 Mendaciorum
1533 2975 1708 3010 adversus
1727 2976 1872 3010 Librum

100 3025 257 3071 Imperii,
283 3025 394 3069 vulgo
423 3025 579 3068 interim,
608 3025 804 3060 6(111ῑο111111“ι
836 3025 1022 3069 (Coloniae
1043 3026 1181 3071 1563)‘.>

221 3080 232 3098 ⁴
260 3078 351 3113 Vide
377 3090 496 3124 supra,
524 3091 558 3124 p.
577 3079 672 3114 271⁴.
819 3080 832 3098 ⁵
860 3080 912 3113 Cf.
944 3080 1030 3114 Can.
1059 3080 1109 3115 IV
1136 3080 1216 3115 588.

171 3142 196 3168 Β
206 3150 221 3168 r
229 3150 245 3168 a
254 3150 273 3169 u
281 3150 300 3168 n
309 3143 349 3169 sb
359 3138 374 3169 6
382 3150 424 3176 rg
433 3151 448 3169 6
457 3151 472 3169 r
480 3164 486 3174 ,
508 3143 620 3169 Canisii
640 3143 795 3176 Epistulae
815 3143 847 3169 et
866 3143 953 3171 Acta.
979 3143 1029 3171 VI.
1542 3141 1584 3175 18
