2044 3335
143 89 227 129 324
365 87 467 121 1666.
495 85 578 120 Can.
599 86 637 119 P.
658 84 768 118 Paulo
789 83 946 119 Hoffaeo.
990 82 1134 127 Dilinga
1161 82 1387 127 (Augustaff')
1417 95 1462 118 m.
1481 83 1576 117 Maio
1605 83 1707 118 1569.

131 205 357 259 impetrem
391 218 416 245 a
439 204 484 245 P.
510 203 558 243 Τ.
582 205 629 244 ut
662 201 775 242 bona
806 199 935 242 venia
966 200 1060 242 fieri
1093 203 1236 253 queat.
1287 201 1410 254 Rogo
1433 201 1582 254 itaque
1605 214 1700 242 cum
1724 200 1770 243 P.
1790 201 1898 242 Leo-

132 270 265 312 nardo
282 270 307 319 ¹,
343 271 391 310 vt
423 268 533 309 hanc
566 266 754 319 gratiam
787 265 849 306 illi
882 268 927 307 et
949 265 1067 319 operi
1090 265 1225 308 faciat
1246 266 1292 309 P.
1317 266 1364 309 Τ.
1389 266 1457 307 cui
1489 266 1620 307 etiam
1653 279 1779 320 spero
1812 279 1896 307 non

132 334 459 388 displiciturum,
494 335 542 373 ut
564 331 738 372 breuem
763 329 1078 384 praefationem
1102 330 1347 384 adiungam,
1382 331 1676 383 lectoremque
1698 344 1896 372 moneam

132 399 183 440 de
206 398 401 440 antidoto
426 411 480 438 ex
495 397 673 438 Patrum
697 395 926 448 sententijs
948 395 1146 437 adductis
1168 395 1416 450 accipiendo
1440 398 1592 438 contra
1613 395 1895 437 sectariorum

131 463 382 512 calumnias,
416 461 487 514 qui
520 461 599 502 hoc
620 460 759 515 ipsum
783 460 1040 502 Catechismi
1064 474 1170 514 opus
1192 474 1322 513 saepe
1345 474 1394 502 ac
1423 460 1605 502 multum
1629 462 1895 514 oppugnant.

249 527 495 576 Queruntur
536 526 666 568 etiarn
708 525 839 579 ijdem
871 525 1164 576 Colonienses‚
1208 526 1410 579 populum
1452 525 1647 566 fraudari
1687 525 1897 567 hactenus

131 592 422 646 publicatione
439 591 467 633 J
470 590 626 632 ubilaei
641 590 847 644 postremi
857 592 886 640 2,
907 604 1000 632 cum
1018 593 1062 633 et
1076 590 1424 644 Archiepiscopo‚
1445 590 1517 643 qui
1531 589 1589 632 sit
1606 591 1896 639 confirmatus,

130 660 173 699 et
195 658 494 710 Suffragaoeo,
529 655 601 709 qui
622 669 769 698 sacros
793 655 990 697 conferat
1013 655 1197 706 ordines,
1232 655 1404 697 omnino
1428 655 1722 697 destituantur
1736 656 1765 698 3.
1814 655 1895 697 Cu-

129 724 283 776 perent
314 721 447 774 igitur
479 721 668 774 aliquam
691 720 818 763 isthic
840 720 1054 763 rationem
1076 720 1272 771 inueniri,
1306 723 1355 763 ut
1376 720 1570 773 legitime
1601 720 1896 774 publicaretur

128 787 196 829 hic
219 787 443 829 Jubilaeus
466 785 681 836 Coloniae,
715 785 787 827 ubi
809 799 1014 838 magnum
1046 786 1235 828 fructum
1269 785 1324 827 ad
1346 785 1505 828 multos
1533 784 1633 826 inde
1655 784 1893 827 rediturum

128 854 371 906 sperarent.
1267 885 1274 893 .
1341 885 1348 892 .
1660 885 1668 892 .
1699 884 1706 892 .

1104 886 1231 927 Jdem
1263 887 1465 939 indignus
1497 886 1543 927 P.
1568 885 1776 928 Camsms

246 982 272 1032 †
305 980 548 1022 Admodum
571 980 826 1022 Reuerendo
859 980 899 1021 in
935 979 1105 1022 Christo
1137 979 1266 1033 patri,
1301 979 1346 1021 P.
1371 978 1601 1021 Francisco
1635 979 1687 1020 de
1717 978 1892 1032 Borgia,

128 1046 382 1100 Praeposito
415 1045 609 1099 generali
642 1045 874 1088 Societatis
906 1045 1025 1087 Jesu.
1149 1045 1325 1087 Romae.

247 1127 279 1161 S.
301 1127 514 1161 Franciscus
541 1127 692 1170 Borgias
719 1126 862 1161 Canisio
889 1126 1073 1171 respondit
1102 1126 1155 1160 15.
1175 1125 1266 1159 Iunii
1294 1126 1396 1160 1569.

129 1248 283 1284 1666.
360 1249 575 1284 CANISIUS
603 1248 665 1285 P.
692 1247 919 1285 PAULO
949 1246 1275 1284 HOFFAEO
1305 1246 1358 1284 S.
1377 1247 1432 1283 J.
1460 1247 1673 1282 Germaniae
1700 1248 1895 1292 superioris

316 1303 540 1348 provinciali.
740 1302 887 1346 Dilinga
917 1303 1100 1347 (Augusta
1112 1303 1146 1345 52)
1176 1314 1222 1336 m.
1241 1302 1336 1336 Maio
1367 1301 1525 1345 (circiter
1550 1300 1710 1344 medios&
1743 1301 1843 1335 1569.

245 1367 300 1400 Ex
327 1367 465 1401 Hoffaei
492 1367 727 1412 autographo.
765 1367 807 1402 G.
834 1367 898 1412 Ep.
926 1367 959 1400 X
985 1367 1009 1401 f.
1031 1365 1126 1401 114¹:

244 1434 298 1466 De
324 1433 362 1466 P.
383 1433 592 1466 Schorichio
619 1434 868 1466 contionatore.

243 1498 451 1551 Hoffaeus
477 1498 703 1554 Oeniponte
723 1500 794 1540 23.
812 1499 923 1539 Maii
946 1500 1060 1539 1569
1094 1499 1151 1539 ad
1173 1499 1216 1540 S.
1233 1498 1512 1539 Francz'scum
1535 1497 1738 1551 Borqiam
1769 1508 1892 1550 prae-

123 1564 305 1616 positum
334 1564 573 1617 9eozeralem
604 1564 773 1617 scripsit
807 1563 856 1604 cle
879 1563 928 1604 Ρ.
949 1563 1126 1617 Θ6ον9ἱο
1160 1563 1398 1604 Βοὴονὶσῖιὶο
1422 1563 1464 1604 S.
1489 1562 1546 1615 J„
1581 1563 1654 1617 qai
1685 1559 1892 1611 (Laudis-

125 1629 263 1681 lautae,
306 1633 351 1669 ut
390 1629 575 1681 videtur)
617 1643 708 1670 cum
752 1629 975 1670 Guilietmo
1009 1627 1106 1680 (V.)
1143 1629 1339 1682 principe
1378 1626 1628 1669 versabatur
1668 1631 1724 1676 (v.
1758 1639 1889 1679 supra

121 1707 163 1746 p.
188 1692 319 1744 311).·
355 1693 479 1745 „Nisi
502 1694 550 1735 Ρ.
574 1694 619 1735 V.
639 1694 830 1748 proprz'js
863 1694 997 1734 literis
1020 1694 1067 1735 Ρ.
1093 1693 1347 1735 &hor-aium
1382 1694 1440 1734 ad
1473 1692 1717 1734 cathedram
1742 1691 1891 1731 Mona-

127 1758 330 1799 ckiensem
375 1763 537 1800 reuocet
582 1772 651 1813 690
696 1759 758 1800 ml
804 1760 987 1813 amptius
1034 1758 1202 1811 effecero
1247 1772 1374 1812 qaam
1418 1758 1466 1800 P.
1504 1758 1726 1808 Canisius,
1772 1769 1891 1810 quem

126 1823 174 1865 Ρ.
191 1824 424 1864 Soka-aius
447 1826 552 1865 satis
575 1825 780 1865 azcdacter
803 1825 1064 1877 increpauit:
1088 1838 1146 1864 an
1167 1825 1227 1865 sic
1250 1823 1403 1875 deceat,
1427 1837 1496 1878 690
1517 1824 1677 1864 nescio.-
1708 1825 1891 1862 tantum-

128 1889 238 1940 dem,
282 1890 328 1929 m'
370 1890 571 1943 (anplius,
615 1889 666 1930 ab
710 1890 849 1930 eodem
882 1890 985 1930 mihi
1016 1890 1320 1944 expectandum
1362 1902 1449 1929 6336
1485 1886 1747 1942 9›·ataland0
1788 1886 1893 1926 milei

127 1953 272 1995 scribit
294 1954 345 1995 R.
371 1954 419 1994 Ρ.
446 1954 658 1995 Cametas.
712 1956 870 1996 Aulam
903 1955 1103 2009 sequitur,
1139 1959 1174 1995 et
1206 1958 1244 1994 vt
1276 1955 1336 1995 ait
1362 1954 1411 1995 Ρ.
1439 1954 1650 2003 Canisias,
1682 1952 1789 2006 facit
1820 1951 1893 1992 lzoc

129 2019 178 2061 de
210 2032 409 2060 consensa
436 2019 481 2060 P.
506 2019 550 2061 V.
604 2019 834 2073 Nunquam
860 2021 1007 2061 melias
1041 2033 1109 2073 690
1141 2020 1344 2060 hominem
1380 2033 1540 2070 rerem,
1574 2032 1700 2073 qaam
1732 2019 1769 2059 si
1797 2031 1892 2072 per-

128 2085 289 2125 mittam
333 2098 603 2138 quaecunque
642 2086 757 2137 votet,
800 2085 847 2125 id
889 2086 926 2126 si
965 2086 1047 2138 fiet,
1091 2086 1274 2126 aulicum
1312 2085 1456 2138 potius
1494 2098 1619 2138 qaam
1652 2083 1890 2138 reliyiosam

129 2149 247 2190 nobis
276 2149 504 2202 praebebit.
561 2150 693 2204 Cupio
715 2164 816 2191 sane
849 2151 957 2191 scire
989 2149 1139 2204 quibus
1173 2150 1309 2190 modis
1340 2150 1592 2191 tractandus
1625 2150 1702 2190 sit:
1735 2149 1894 2202 experti

131 2215 240 2254 enim
273 2219 370 2254 sant
402 2228 553 2266 omnes,
587 2215 793 2256 hominem
826 2217 1007 2269 quietam
1032 2217 1203 2256 seruari
1235 2229 1318 2256 ozon
1346 2229 1467 2269 posse
1498 2216 1585 2256 nisi
1616 2215 1654 2255 ei
1685 2215 1889 2267 intem-mn

130 2279 183 2319 sz‘t
214 2293 321 2333 quae
352 2280 466 2332 volet,
498 2278 683 2331 facere.“

253 2385 260 2404 ¹
289 2383 416 2418 Kessel
443 2383 586 2427 collegii
612 2383 827 2418 coloniensis
852 2386 1002 2418 rectore.

250 2438 263 2457 ²
288 2437 484 2471 Iubilaeum
511 2437 595 2471 anni
617 2438 706 2472 1566
735 2437 794 2481 (de
821 2449 890 2482 quo
912 2438 999 2472 Can.
1018 2437 1051 2471 V
1075 2437 1160 2481 568)
1190 2437 1356 2472 Coloniae
1382 2449 1428 2471 m.
1448 2436 1592 2471 Octobri
1622 2436 1710 2470 1566
1737 2435 1893 2480 promul-

132 2493 255 2534 gatum
282 2493 360 2524 erat
388 2491 552 2534 (Hansen
578 2490 600 2524 l.
620 2503 649 2524 0.
670 2491 767 2533 537).
802 2490 895 2524 Num
922 2490 1148 2534 significatur
1174 2490 1378 2531 iubilaeum,
1406 2490 1499 2534 quod
1524 2501 1555 2524 a.
1574 2489 1661 2523 1567
1682 2501 1702 2523 a
1720 2489 1892 2523 cardinali

132 2545 344 2585 Augustano
370 2544 636 2587 promulgatum
663 2555 742 2577 esse
768 2544 919 2588 probavi
945 2555 1054 2588 supra
1080 2556 1113 2589 p.
1136 2543 1232 2578 128‘?
1267 2544 1323 2577 An
1350 2543 1383 2577 S.
1404 2543 1489 2577 Pius
1507 2543 1550 2577 V.
1569 2541 1773 2582 iubssaeum,
1800 2542 1892 2586 quod

133 2597 198 2629 sub
224 2596 359 2629 exitum
396 2608 426 2630 a.
456 2596 546 2630 1568
581 2596 626 2630 ad
653 2596 720 2630 Dei
751 2608 854 2641 opem
881 2596 1020 2631 Galliae
1046 2609 1155 2641 regno
1182 2596 1444 2641 impetrandam
1470 2595 1640 2629 Romanis
1667 2597 1893 2629 concesserat

136 2649 383 2691 (Laderchius,
420 2649 576 2683 Annales
603 2649 699 2691 eccl„
726 2650 763 2683 in
789 2662 819 2685 a.
841 2650 932 2684 1568
958 2662 991 2684 n.
1015 2651 1109 2694 167),
1145 2651 1189 2684 ad
1220 2650 1310 2684 alias
1337 2660 1477 2694 quoque
1503 2649 1668 2692 regiones
1702 2648 1893 2682 extendit?

136 2701 301 2735 Coloniae
328 2702 518 2735 iubilaeum
546 2703 810 2746 promulgatum
838 2706 894 2737 est
919 2715 965 2736 ln.
986 2703 1133 2737 Octobri
1159 2715 1190 2737 a.
1212 2704 1299 2737 1571
1332 2703 1497 2745 (Hansen
1521 2702 1544 2735 l.
1564 2713 1591 2735 c.
1612 2701 1726 2744 6122).

256 2756 268 2773 ³
294 2754 498 2788 Salentinus
517 2755 560 2789 ab
580 2755 766 2799 isenburg,
784 2756 840 2790 23.
856 2756 1065 2790 Decembris
1082 2757 1170 2790 1567
1187 2756 1479 2800 archiepiscopus
1497 2754 1645 2795 electus,
1663 2767 1708 2788 ne
1725 2755 1894 2789 sacerdos

136 2807 277 2851 quidem
296 2811 382 2840 erat.
418 2808 548 2841 Ioanne
575 2812 695 2842 autem
714 2809 890 2843 Pennario
909 2809 1075 2854 episcopo
1093 2809 1321 2852 suffraganeo
1348 2820 1379 2842 a.
1397 2808 1486 2842 1563
1505 2810 1655 2848 mortuo,
1682 2808 1893 2851 designatus

137 2862 191 2894 est
219 2860 266 2902 (si
300 2872 367 2893 non
403 2863 502 2901 ante,
545 2864 640 2894 certe
676 2873 707 2895 a.
737 2862 844 2905 1568)
889 2863 1138 2905 suffraganeus
1165 2861 1392 2896 Theobaldus
1428 2861 1597 2895 Craschel
1633 2861 1810 2906 parochus
1848 2861 1892 2895 ad

137 2913 170 2946 S.
198 2912 327 2946 Albani
361 2915 396 2945 et
421 2912 622 2955 theologiae
648 2915 846 2957 professor3
884 2916 945 2958 qui
980 2915 1124 2949 tandem
1157 2914 1189 2948 8.
1216 2914 1436 2959 Septembris
1464 2914 1555 2948 1574
1590 2914 1892 2948 consecrationem

136 2964 375 3010 episcopalem
406 2966 566 3009 suscepit
593 2967 737 3008 (Petrus
762 2969 962 3001 Merssaeus
991 2968 1214 3011 Cratepolius
1239 2967 1280 3001 O.
1296 2967 1332 3001 F.
1348 2967 1408 3007 M„
1435 2966 1639 3001 Electorum
1665 2967 1892 3002 Ecclesiasti-

136 3029 257 3052 corum
276 3017 479 3060 Catalogus,
507 3018 673 3052 Coloniae
695 3020 793 3061 1580,
815 3020 878 3054 141
902 3021 979 3055 153.
1024 3022 1168 3065 Lossen,
1188 3019 1401 3054 Kfflnischer
1419 3020 1540 3063 Krieg,
1555 3019 1752 3063 Vorgesch.
1771 3021 1817 3055 34
1834 3020 1890 3054 44.

137 3073 282 3105 Han-sen
310 3070 332 3104 l.
356 3081 384 3105 e.
404 3071 501 3112 564).
