2044 3335
440 88 536 122 Mon.
563 89 633 123 974
658 87 736 122 sive
763 98 839 121 oen.
861 86 929 131 (2).
970 87 1069 121 Inter
1096 87 1126 121 1.
1147 89 1183 121 et
1211 88 1264 122 19.
1285 88 1441 132 Augusti
1469 87 1572 122 1567.
1807 90 1892 131 603

244 205 282 239 P.
302 205 475 238 Nicolaus
500 205 665 238 Lanoius
693 204 729 238 S.
748 204 785 238 J.
813 203 950 245 colleyii
974 204 1205 246 oenipontani
1229 210 1346 238 rector
1375 206 1565 248 Oeniponte
1592 206 1623 238 1.
1644 205 1785 248 Aprilis
1806 206 1896 237 1568

125 259 163 293 S.
189 259 386 292 Francisco
418 259 574 301 B01·92'ae
604 257 809 301 praeposito
841 257 1002 299 yenerali
1035 258 1083 290 ad
1118 259 1258 291 litteras
1292 261 1348 292 20.
1375 259 1506 292 Martii
1532 260 1625 292 1568
1660 259 1764 291 datas
1796 256 1893 299 haec,

118 316 266 355 praeter
292 312 377 355 alia,
405 312 609 354 rescripsit:
643 310 683 344 P.
702 309 745 344 V.
773 309 824 343 ait
849 320 887 342 se
913 320 983 342 non
1009 310 1099 343 satis
1125 310 1330 354 intelligere
1356 311 1520 355 quisnam
1556 312 1605 345 sit
1638 311 1765 345 modus
1791 309 1899 343 huius

124 364 306 399 Collectae
332 375 424 408 quae
449 363 492 398 fit
517 375 579 408 pro
615 362 847 408 ampliatione
880 361 995 395 nostri
1030 362 1156 407 templi
1172 363 1192 404 ¹,
1227 363 1264 397 in
1300 375 1370 407 qua
1396 376 1434 398 re
1469 365 1499 398 si
1525 367 1671 409 petatur
1696 363 1895 398 subsidium

123 417 167 451 ab
194 416 261 451 hoc
288 416 346 451 vel
373 416 434 450 illo
459 415 671 461 particularj
706 416 848 449 homine
883 415 1012 449 deuoto
1038 415 1097 448 uel
1132 416 1247 450 amico
1284 417 1401 451 minus
1436 417 1471 451 id
1498 418 1623 451 decere
1655 418 1834 457 censetur,
1861 418 1897 450 et

123 469 276 504 debebat
311 469 505 504 consultari
541 481 621 503 cum
659 468 973 503 Prouinciali‘aut
998 468 1326 513 Viceprouinciali2
1362 473 1445 504 ante
1481 471 1740 511 executionem,
1775 481 1896 514 quem-

124 523 314 557 admodum
341 526 377 557 et
403 524 446 557 de
472 524 611 557 ratione
645 521 855 567 aedificandj
891 521 935 556 ad
971 522 1188 556 seruandam
1223 522 1553 558 subordinationem
1581 527 1617 558 et
1643 525 1827 558 decretum
1854 523 1897 557 de

123 576 331 610 fabricando
344 576 367 611 ³.
418 576 517 610 Haec
548 579 604 610 est
638 575 736 609 illius
761 576 885 620 puncti
921 574 1135 609 substantia.
1186 574 1321 609 Verum
1351 575 1575 617 (Reuerende
1602 577 1727 621 Pater)
1754 576 1897 611 initium

122 631 159 663 et
184 641 397 674 progressus
431 629 538 663 huius
573 628 736 663 nouellae
771 628 929 662 fabricae
963 628 1016 662 sic
1049 627 1159 662 habet
1197 628 1511 673 (quemadmodum
1547 630 1633 664 mihi
1668 642 1762 664 nunc
1788 630 1897 664 etiam

120 682 246 716 retulit
265 683 437 727 Crispus4
463 683 575 716 totius
601 683 652 716 rei
677 682 807 716 melius
833 693 941 726 quam
968 693 1034 724 ego
1052 682 1249 725 conscius).
1289 683 1335 717 Jn
1354 683 1562 717 visitatione
1581 683 1734 717 vltima⁵
1752 683 1791 718 P.
1810 684 1898 718 Pro-

120 735 286 769 uincialis
312 746 383 769 vna
409 747 491 769 cum
515 735 640 780 Crispo
666 735 756 781 adijt
773 735 1003 780 Principem⁶
1028 737 1065 769 et
1090 735 1183 769 inter
1209 737 1354 770 caetera
1380 735 1432 770 illi
1459 737 1645 781 proposuit
1662 739 1896 780 augmentum

121 788 228 822 huius
254 788 379 833 templj
406 790 533 833 petens
559 788 626 823 hoc
652 789 767 823 solum
794 800 814 822 a
833 789 878 824 .S.
899 787 972 822 Cel.
999 790 1040 822 ut
1066 788 1277 832 dignaretur
1301 789 1512 834 permittere
1531 817 1539 824 .
1559 792 1701 824 nostros
1727 790 1897 833 colligere

120 840 205 875 hinc
230 842 312 875 inde
337 853 400 886 pro
427 842 647 876 absoluenda
673 842 877 876 huiusmodi
903 843 1086 876 structura
1112 843 1301 887 pecuniam
1334 843 1623 887 quandoquidem
1651 842 1698 877 .S.
1726 842 1799 877 Cel.
1826 854 1897 877 non

120 894 272 929 haberet
305 895 515 929 facultatem
552 907 616 940 per
659 907 698 930 se
732 896 847 929 solam
891 895 927 929 id
961 895 1189 941 praestandj,
1229 895 1281 930 sic
1317 896 1405 930 mihi
1439 896 1510 930 iam
1545 899 1713 930 renarrat
1749 896 1897 941 Crispus

119 948 160 982 P.
188 948 426 983 Prouincialis
452 951 538 982 tunc
564 948 656 982 fidus
676 949 844 990 Achates,
872 951 908 983 et
934 949 970 983 in
996 948 1120 983 multis
1146 949 1375 984 secretarius.
1418 949 1619 995 Respondit
1646 950 1830 994 Princeps,
1857 961 1896 984 se

121 1001 164 1035 de
200 1013 240 1035 eo
275 1002 420 1044 negotio
446 1001 700 1045 cogitaturum.
753 1003 903 1036 Jnterea
929 1002 1030 1036 vadit
1054 1002 1095 1037 P.
1122 1002 1361 1037 Prouincialis
1388 1015 1470 1038 cum
1496 1004 1536 1038 P.
1568 1003 1694 1049 Crispo
1721 1003 1764 1037 ad
1793 1002 1896 1037 Vice-

120 1055 374 1089 cancellarium
402 1055 580 1100 Principis
607 1055 784 1089 hominem
821 1055 889 1090 sibi
915 1056 1064 1090 notum⁷
1099 1058 1135 1089 et
1169 1056 1222 1090 illi
1253 1057 1401 1101 exponit
1437 1057 1531 1101 quod
1566 1069 1649 1091 cum
1677 1057 1723 1091 .S.
1752 1056 1825 1092 Cel.
1853 1056 1896 1090 de

117 1107 251 1152 templo
278 1108 523 1142 exedificando
541 1111 727 1149 tractarat,
754 1120 839 1143 mox
865 1109 926 1142 ille
952 1109 1169 1143 sententiam
1195 1112 1400 1144 nostrorum
1420 1111 1630 1156 comprobat
1655 1113 1691 1144 et
1716 1110 1897 1155 promittit

117 1172 156 1195 se
182 1161 392 1195 effecturum
420 1164 459 1195 ut
485 1173 542 1196 res
569 1161 657 1196 felix
684 1162 824 1196 initium
851 1162 983 1196 habeat
1009 1164 1046 1196 et
1071 1165 1233 1207 optatum
1259 1175 1504 1208 progressum.
1547 1164 1724 1198 Discessit
1750 1164 1790 1198 P.
1810 1164 1894 1197 Pro-

117 1214 294 1256 uincialis,
320 1216 403 1260 post
428 1215 530 1249 cuius
556 1215 755 1250 discessum
774 1218 881 1250 vocat
907 1227 963 1250 me
989 1215 1107 1250 dictus
1124 1216 1446 1251 vicecancellarius
1465 1244 1472 1252 .
1492 1220 1529 1252 et
1554 1218 1605 1252 ait
1631 1218 1698 1252 sibi
1718 1218 1890 1262 quosdam

117 1279 197 1303 esse
224 1271 440 1312 conquestos
466 1269 508 1303 de
534 1269 645 1303 nimia
663 1270 833 1313 angustia
858 1269 983 1314 templi
1005 1270 1119 1304 nostri
1146 1272 1213 1305 etc.
1241 1272 1278 1304 et
1302 1282 1341 1305 se
1368 1272 1411 1305 de
1438 1271 1504 1306 hoc
1523 1272 1642 1315 egisse
1668 1283 1748 1306 cum
1767 1271 1806 1306 P.
1827 1271 1892 1306 Ca-

116 1322 208 1356 nisio
241 1325 278 1356 et
308 1334 348 1357 se
374 1323 495 1356 mirari
523 1335 569 1357 ex
595 1334 666 1367 qua
693 1323 912 1357 couscientia
938 1322 1051 1357 vellet
1074 1322 1107 1357 S.
1128 1323 1201 1358 Cel.
1221 1336 1310 1369 opus
1336 1327 1411 1358 tam
1438 1325 1682 1359 necessarium
1708 1325 1892 1370 impedire,

117 1387 160 1410 ac
185 1387 224 1410 se
250 1378 416 1421 paratum
443 1376 535 1410 dixit
560 1376 605 1411 ad
632 1377 928 1411 contribuendum
957 1377 1024 1411 100
1050 1377 1097 1418 fl.,
1124 1377 1206 1422 plus
1232 1377 1429 1413 collaturus
1455 1380 1486 1413 si
1521 1379 1718 1413 facultates
1744 1379 1894 1413 haberet

115 1429 319 1474 ampliores.
370 1430 431 1464 Ait
458 1430 607 1475 Crispus
633 1430 672 1464 P.
700 1430 974 1471 prouincialem,
1010 1442 1101 1475 opus
1135 1431 1252 1475 ipsum
1279 1431 1454 1475 Reginisss
1480 1433 1751 1466 commendasse
1782 1432 1890 1466 etiam

115 1483 240 1523 literis,
267 1485 304 1517 et
329 1483 488 1527 ipsarum
516 1483 686 1528 primario
713 1484 960 1518 confessario⁹
984 1484 1176 1518 mandasse
1202 1487 1242 1519 ut
1267 1496 1342 1518 rem
1369 1485 1464 1531 apud
1496 1486 1579 1520 illas
1605 1488 1832 1531 promoueret
1858 1488 1894 1519 et

116 1536 259 1570 litteras
285 1536 354 1571 sibi
381 1536 562 1571 exhibitas
588 1549 679 1571 esse.
730 1537 891 1580 Reginae
918 1538 1038 1581 itaque
1064 1538 1209 1571 tandem
1236 1539 1477 1583 impetrarunt
1503 1551 1523 1573 a
1548 1540 1672 1581 fratre,
1708 1541 1749 1573 ut
1774 1539 1892 1573 locum

116 1590 311 1635 inspiceret
337 1591 373 1624 in
400 1602 469 1635 quo
495 1593 619 1636 posset
644 1591 723 1624 fieri
758 1591 963 1625 desiderata
996 1591 1124 1636 templi
1158 1591 1333 1634 dilatatio,
1370 1592 1449 1627 Non
1485 1593 1621 1638 placuit
1657 1605 1741 1627 area
1767 1593 1893 1627 domus

115 1643 257 1677 vicinae
284 1646 320 1678 et
345 1644 397 1677 ita
422 1644 500 1678 sine
535 1644 753 1678 resolutione
788 1645 987 1679 discessum
1020 1646 1087 1679 est.
1138 1644 1216 1679 Duo
1251 1647 1374 1680 tamen
1408 1646 1496 1681 fecit
1531 1648 1568 1681 in
1594 1659 1636 1681 ea
1671 1646 1893 1691 inspectione

114 1696 299 1741 Princeps.
350 1697 509 1732 Primum
536 1698 716 1743 pollicitus
743 1701 799 1732 est
824 1710 863 1732 se
890 1699 1056 1732 daturum
1076 1698 1192 1741 gratis
1217 1698 1356 1744 lapides
1382 1700 1518 1734 calcem
1545 1703 1581 1735 et
1607 1712 1751 1735 arenam
1779 1712 1893 1734 nouae

115 1751 200 1785 huic
226 1750 384 1785 fabricae
410 1751 662 1793 necessariam,
690 1751 827 1786 Deinde
853 1752 973 1786 ridens
1001 1753 1052 1786 ait
1077 1752 1125 1787 M.
1154 1751 1349 1796 Georgium
1377 1753 1544 1799 Crispum
1579 1754 1646 1789 sibi
1674 1754 1790 1789 videri
1816 1754 1892 1788 fore

115 1816 185 1838 non
217 1805 377 1849 ineptum
414 1805 642 1840 collectorem
668 1806 841 1851 pecuniae
877 1806 1111 1849 colligendae.
1163 1806 1304 1850 Vrgent
1335 1807 1458 1851 itaque
1494 1809 1571 1842 sine
1607 1820 1706 1842 mora
1733 1807 1894 1851 Reginae

116 1857 267 1892 fratrem
294 1861 335 1892 ut
359 1858 475 1893 locum
502 1859 668 1903 designet
693 1859 937 1904 amplificandi
963 1859 1099 1904 templi.
1151 1859 1261 1894 Cuius
1288 1861 1476 1895 consilium
1513 1864 1568 1896 est
1594 1864 1643 1902 ut,
1680 1874 1750 1895 non
1776 1861 1890 1896 solum

115 1910 206 1945 haec
240 1915 364 1946 nostra
399 1912 561 1947 aedificia
596 1915 722 1947 vetera
757 1913 890 1958 templo
926 1913 1116 1956 contigua,
1156 1914 1395 1948 verumetiam
1430 1927 1514 1959 pars
1550 1915 1632 1960 atrij
1671 1914 1821 1960 Collegij
1859 1917 1895 1948 et

117 1966 293 2009 quaedam
331 1966 494 2000 cubicula
531 1967 711 2006 adiuncta,
748 1967 834 2001 dent
868 1967 985 2001 locum
1021 1969 1227 2001 structurae
1261 1979 1388 2002 nouae.
1438 1969 1559 2003 Patris
1586 1968 1825 2003 Prouincialis
1860 1972 1896 2002 et

118 2020 243 2053 nostra
268 2019 449 2053 sententia
476 2023 563 2060 erat,
600 2023 640 2054 ut
665 2020 756 2054 haec
791 2020 977 2065 ampliatio
1013 2020 1056 2054 ad
1085 2021 1253 2055 vitandas
1289 2033 1468 2066 expensas
1503 2035 1573 2057 non
1600 2023 1792 2057 excederet
1816 2021 1896 2056 lati-

117 2072 277 2106 tudinem
304 2072 431 2106 horum
459 2076 623 2107 veterum
650 2074 906 2115 aedificiorum,
933 2074 1122 2118 Vtriusque
1140 2074 1236 2108 modi
1262 2075 1475 2110 aedificandi
1503 2078 1679 2121 quantum
1707 2077 1749 2111 ad
1776 2076 1895 2110 locum

117 2125 186 2160 sibi
212 2126 329 2160 ideam
356 2127 432 2161 fieri
468 2129 577 2171 atque
613 2127 774 2162 exhiberi
810 2128 897 2162 fecit
923 2140 988 2173 per
1019 2139 1121 2162 suum
1150 2128 1387 2163 architectum
1403 2130 1430 2150 ¹⁰
1456 2129 1502 2164 .S.
1531 2130 1605 2164 Cel.
1656 2130 1724 2164 Sed
1752 2129 1898 2163 maioris

117 2179 397 2225 intercapedinis
424 2181 578 2215 formula
604 2181 682 2215 sola
699 2182 846 2226 placuit,
874 2180 965 2223 Quia
983 2194 1069 2216 vero
1096 2182 1258 2216 dixeram
1286 2183 1376 2216 satis
1403 2183 1479 2217 fore
1505 2183 1536 2218 si
1563 2184 1666 2217 iuxta
1684 2185 1898 2228 conceptum

117 2233 157 2268 P.
176 2233 416 2269 Prouincialis
443 2237 479 2268 et
504 2238 667 2269 nostrum
693 2236 797 2269 fieret
821 2236 893 2269 ista
919 2235 1090 2277 accessio,
1117 2235 1236 2280 caepit
1261 2237 1438 2270 aduersus
1464 2248 1521 2271 me
1548 2237 1669 2271 Prima
1687 2238 1709 2257 ¹¹
1738 2236 1900 2280 grauiter

241 2341 252 2361 ²
278 2341 466 2386 Templum
493 2341 572 2376 sive
598 2341 770 2376 sacellum
798 2342 832 2377 S.
861 2342 1061 2377 Salvatoris
1088 2342 1192 2383 dicit;
1229 2343 1334 2386 quod,
1367 2343 1463 2378 circa
1489 2355 1521 2377 a.
1543 2343 1634 2379 1500
1660 2345 1897 2384 exstructum,

118 2395 162 2428 ad
199 2395 504 2429 valetudinarium
537 2395 764 2440 imperatoris
800 2396 1026 2441 pertinebat;
1061 2396 1207 2430 saeculo
1233 2396 1348 2431 XVII.
1376 2397 1601 2432 destructum
1637 2399 1692 2432 est
1721 2396 1898 2440 (Leclmer

117 2448 141 2482 1.
169 2460 197 2483 c.
225 2449 241 2482 l
269 2449 439 2492 12—15).
586 2450 599 2469 2
625 2449 734 2483 Petro
762 2450 906 2484 Canisio
933 2453 997 2484 aut
1022 2450 1136 2484 Paulo
1162 2449 1324 2484 Hoffaeo.

239 2503 252 2522 3
277 2503 381 2537 Anno
420 2503 508 2537 1565
545 2503 703 2537 secunda
738 2503 928 2538 Societatis
958 2505 1191 2547 Conqreyatio
1219 2505 1400 2548 ρεπεν-αἰῶ
1434 2504 1646 2538 decreverat
1675 2504 1784 2547 (decr.
1813 2504 1895 2548 84):

123 2555 197 2597 „Ad
233 2556 273 2590 R.
301 2557 342 2590 P.
370 2555 582 2591 Generalem
618 2557 807 2590 referenda
842 2557 986 2591 videtur
1020 2557 1136 2591 forma
1172 2568 1212 2591 ac
1248 2558 1374 2591 modus
1410 2557 1655 2591 aedificiorum
1691 2560 1896 2592 nostrorum

120 2611 461 2644 construendorum“
492 2613 560 2645 etc.
591 2612 812 2651 (Institntum
840 2610 873 2645 S.
894 2611 927 2645 J.
955 2610 989 2644 II
1015 2611 1113 2654 210).
1261 2612 1273 2630 ⁴¹
1300 2611 1340 2645 P.
1369 2610 1547 2654 Georgius
1575 2611 1734 2656 Crispus.

240 2664 252 2683 ⁵
278 2664 378 2698 Haec
405 2675 435 2698 a.
457 2664 547 2698 1567
576 2663 749 2698 Kalendis
776 2664 952 2708 Augustis
977 2664 1156 2705 incohata,
1195 2665 1248 2698 19.
1276 2665 1418 2699 circiter
1444 2665 1602 2708 Augusti
1628 2664 1794 2699 absoluta
1820 2667 1896 2706 est;

638 2718 651 2737 6
774 2717 780 2723 '
1073 2730 1079 2736 .
1131 2718 1137 2723 ”

119 2729 154 2752 ν,
173 2718 607 2805 SupiaVIi)‹-zeeizanizge)llarius
634 2717 1411 2815 aullibi&rlssicildliloflzlanzllgffdlllizzedllzanzler)
1440 2773 1519 2805 erat
1536 2771 1598 2806 Dr.
1616 2771 1768 2806 Iacobus
1791 2771 1891 2806 Holz-

119 2824 192 2868 apfl
219 2823 335 2867 (Hirn
360 2824 384 2858 1.
408 2836 437 2859 c.
464 2825 481 2859 I
507 2825 576 2859 274
601 2825 707 2865 469³;
736 2825 770 2858 II
795 2824 893 2868 466).

241 2877 254 2897 ⁸
280 2878 518 2921 Magdalenae
545 2881 581 2913 et
607 2878 778 2919 Helenae,
805 2877 1021 2912 Ferdinandi
1047 2877 1092 2911 ΙΙ.
1119 2877 1312 2912 sororibus.

241 2931 254 2950 ⁹
280 2931 320 2964 Ρ.
347 2932 470 2965 loanni
496 2932 628 2977 Dyrsio
655 2932 689 2966 S.
709 2932 742 2966 J.

224 2983 251 3004 ¹⁰
277 2984 523 3019 Ferdinandus
550 2985 786 3030 complurium
806 2984 1086 3018 architectorum
1104 2995 1212 3029 opera
1230 2985 1418 3025 utebatur;
1446 2996 1596 3029 quorum
1614 2985 1758 3019 nomina
1776 2985 1897 3030 posuit

120 3037 220 3070 Hira
246 3037 269 3072 l.
290 3049 318 3071 c.
343 3038 358 3071 Ι
385 3038 464 3073 387.
507 3038 677 3073 Fortasse
703 3039 770 3072 hoc
795 3038 873 3072 loco
899 3037 1128 3082 significatur
1154 3037 1290 3072 Paulus
1316 3037 1476 3080 Uschall,
1504 3038 1546 3073 de
1573 3049 1642 3083 quo
1670 3039 1715 3073 cf.
1738 3038 1897 3073 Gan.11[

121 3091 308 3126 704-705
337 3091 415 3126 710.
565 3092 591 3113 ¹¹
617 3091 847 3134 Magdalena.
