2044 3335
203 97 226 136 [Q

446 93 539 126 Mon.
569 92 635 126 943
662 91 739 125 sive
766 91 803 124 it.
825 90 890 134 (1).
935 90 988 124 Ab
1015 90 1070 124 23.
1091 89 1226 134 Aprilis
1251 89 1295 123 ad
1322 89 1354 124 4.
1374 89 1459 123 Maii
1488 89 1590 124 1568.

546 210 581 249 1.
616 207 767 249 Nostri
798 207 952 249 Patres
985 207 1055 259 qni
1088 207 1202 249 inter
1234 206 1396 248 medios
1428 207 1496 249 hic
1527 206 1770 249 haereticos
1803 221 1900 249 uer-

484 276 647 321 santur,
681 272 894 326 paucique
917 275 1030 321 sunt,
1055 271 1126 324 qui
1148 271 1217 312 uel
1240 271 1448 313 fratribus
1471 271 1752 324 gubernando
1775 286 1900 325 prae-

483 351 591 383 esse.
626 337 697 378 uel
719 337 875 390 populo
901 337 1193 378 concionando
1217 336 1423 389 prodesse
1455 336 1634 390 possint,
1668 336 1902 378 incommo-

484 401 657 443 dissime
689 401 770 443 hoc
803 401 968 443 afflicto
1002 403 1198 455 tempore
1231 415 1286 442 ex
1312 400 1534 454 prouincia
1567 401 1903 452 dimitterentur,

484 467 575 508 sine
608 480 767 519 magna
800 466 1085 518 Collegiorum
1126 469 1170 508 et
1211 465 1356 519 populi
1396 465 1578 508 iactura.
1641 466 1735 507 Nec
1776 466 1904 508 facile

484 531 730 585 Principum
757 531 1037 572 offensionem
1060 531 1361 583 effugeremus,
1387 544 1497 583 quae
1519 545 1604 572 una
1627 531 1738 572 ratio
1757 530 1905 573 multis

485 596 581 649 alijs
613 595 847 650 prouincijs
880 595 1117 637 communis
1150 609 1244 636 esse
1278 598 1436 649 potest.

547 658 606 714 [2.
631 658 926 714 Peric']ulo[sa
954 657 1134 713 iti]nera
1153 658 1372 714 pr[opter]
1391 659 1551 702 milites
1574 658 1640 714 [et
1661 659 1906 702 haereticos

486 740 572 767 non
611 723 760 779 facile]
802 725 1036 778 patientur,
1080 727 1129 766 ut
1170 728 1264 766 tuto
1298 725 1452 766 Patres
1484 738 1510 766 a
1541 727 1632 767 tam
1663 725 1909 779 longinquis

488 790 736 843 regionibus
769 790 951 831 Romam
985 789 1258 832 conueniant.

545 858 583 898 3.
620 854 885 897 Grauamina
918 868 1028 907 quae
1068 854 1111 895 in
1143 855 1225 896 hac
1266 854 1490 908 prouincia
1531 854 1747 905 incidunt,
1791 854 1908 896 solus

487 920 531 963 P.
568 920 792 962 Generalis
834 919 885 960 de
932 918 1111 960 consilio
1157 933 1331 960 suorum
1376 919 1676 961 assistentium
1723 920 1767 961 et
1809 933 1910 973 pro-

488 988 735 1027 curatorum
758 984 1086 1039 prouincialium
1103 986 1336 1037 utcumque
1358 984 1547 1026 fortasse
1569 986 1717 1026 leuare
1734 984 1909 1038 poterit.

548 1053 586 1093 4.
622 1049 915 1092 Periculosum
940 1049 1111 1091 uidetur
1128 1049 1392 1091 Societatem
1410 1050 1592 1092 Romam
1612 1050 1691 1091 hoc
1714 1052 1911 1103 tempore

491 1129 771 1168 congregare,
811 1129 893 1168 quo
926 1114 1161 1168 praesenti·
1177 1114 1377 1157 Pontifici
1409 1114 1578 1156 occasio
1612 1115 1705 1156 dari
1738 1114 1909 1168 possit⁸‚

490 1180 652 1233 aliquid
699 1180 742 1220 in
790 1179 1023 1222 Societatis
1069 1181 1247 1221 nostrae
1298 1179 1608 1234 praeiudicium
1661 1178 1910 1227 innouandi,

491 1248 713 1298 totamque
747 1245 1010 1287 Societatem
1043 1258 1122 1298 per
1158 1244 1401 1286 huiusmodi
1433 1244 1815 1297 congregationem
1857 1244 1910 1286 ad

489 1324 603 1352 noua
635 1310 848 1363 quaedam
882 1323 1014 1351 onera
1045 1309 1318 1363 suscipienda
1350 1309 1544 1352 strictius
1578 1309 1838 1362 obligandil.

863 1376 930 1417 14.
966 1374 1200 1419 decretum.

550 1440 653 1482 Cum
687 1439 931 1493 quaesitum
964 1442 1081 1482 esset
1122 1453 1177 1481 ex
1210 1439 1424 1490 Patribus,
1468 1453 1523 1481 an
1561 1438 1657 1492 alijs
1691 1439 1742 1481 de
1783 1439 1912 1480 rebus

490 1504 732 1546 iudicarent
763 1505 806 1546 in
839 1504 919 1546 hac
952 1504 1291 1558 congregatione
1322 1504 1661 1558 proponendum,
1695 1504 1765 1546 uel
1796 1507 1910 1546 trac-

490 1570 669 1612 tandum
693 1583 810 1611 esse:
846 1569 1045 1611 Omnium
1068 1569 1287 1624 suffragijs
1311 1569 1533 1612 definitum
1557 1573 1635 1620 est,
1668 1569 1775 1611 nihil
1797 1568 1913 1611 aliud

492 1635 771 1678 tractandum
804 1648 1031 1688 superesse
1063 1634 1214 1679 uideri.

864 1702 930 1742 15.
967 1700 1188 1742 decretum

550 1765 776 1807 Postremo
800 1779 895 1806 cum
928 1764 1030 1807 item
1055 1765 1299 1817 quaesitum
1323 1767 1439 1806 esset
1469 1778 1523 1806 an
1555 1764 1749 1819 placeret
1771 1762 1913 1806 Patri-

493 1830 572 1871 bus
606 1829 783 1872 dissolui
816 1830 1213 1883 congregationem,
1247 1830 1301 1871 ab
1325 1829 1522 1871 omnibus
1553 1843 1808 1883 responsum
1831 1830 1912 1878 est,

492 1895 687 1949 placere;
721 1897 852 1948 atque
874 1895 937 1937 ita
961 1895 1171 1937 dissoluta
1193 1898 1260 1936 est
1282 1894 1349 1936 die
1373 1896 1412 1938 4.
1436 1894 1553 1948 Maii,
1581 1894 1624 1935 id
1647 1897 1727 1944 est,
1753 1895 1790 1936 6.
1814 1896 1914 1948 post

494 1963 690 2014 apertam
724 1960 1121 2013 congregationem.

552 2025 730 2068 Patrum
765 2028 923 2074 autem,
965 2025 1035 2078 qui
1069 2025 1211 2067 dictae
1253 2023 1581 2078 congregationi
1621 2023 1914 2066 interfuerunt

492 2090 678 2139 nomina,
712 2090 818 2132 haec
851 2093 963 2132 sunt.
1028 2089 1310 2131 Reuerendus
1344 2090 1389 2132 P.
1424 2090 1475 2132 D.
1510 2089 1671 2131 Paulus
1703 2089 1912 2131 Hoffaeus

491 2155 879 2209 Viceprouincialis
922 2157 966 2197 et
1007 2168 1185 2208 praeses
1227 2155 1368 2197 dictae
1411 2154 1785 2207 congregationis,
1828 2154 1913 2196 Re-

492 2220 706 2261 uerendus
739 2220 786 2263 P.
811 2221 861 2262 D.
886 2220 1042 2262 Petrus
1075 2219 1270 2261 Canisius
1303 2219 1598 2269 Prouincialis,
1632 2218 1914 2261 Reuerendus

491 2285 537 2327 P.
563 2285 613 2327 D.
638 2285 847 2327 Nicolaus
868 2285 1072 2338 Lanoyus
1105 2285 1267 2326 Rector
1289 2284 1467 2338 Collegij
1496 2283 1786 2338 Oenipontani
1809 2283 1914 2325 Pro-

492 2350 653 2401 fessus,
696 2350 977 2392 Reuerendus
1009 2350 1057 2392 P.
1090 2349 1141 2392 D.
1175 2349 1383 2391 Alfonsus
1415 2349 1597 2391 Pisanus
1637 2362 1692 2390 ex
1724 2348 1913 2401 Collegio

493 2415 726 2468 Dilingano
759 2415 1001 2465 Professus,
1035 2414 1317 2457 Reuerendus
1350 2415 1395 2457 P.
1424 2414 1474 2457 D.
1509 2413 1801 2455 Theodoricus
1834 2412 1915 2455 Ca-

494 2480 628 2522 nisius
667 2480 828 2522 Rector
869 2479 1045 2533 Collegij
1089 2479 1309 2533 Dilingani
1341 2479 1591 2530 Professus,
1634 2478 1914 2520 Reuerendus

492 2545 539 2587 P.
564 2546 614 2587 D.
639 2545 872 2587 Marcellus
902 2545 1062 2586 Vasius
1094 2545 1322 2586 Professus
1356 2558 1411 2586 ex
1443 2543 1633 2597 Collegio
1667 2543 1912 2596 Dilingano⁷

492 2610 774 2652 Reuerendus
816 2610 862 2652 P.
897 2610 948 2652 D.
983 2610 1276 2662 Hieronymus
1318 2609 1544 2650 Torrensis
1586 2608 1813 2650 Professus
1858 2622 1911 2649 ex

493 2674 684 2727 Collegio
698 2674 725 2716 J
730 2674 1056 2727 ngolstadiensi,
1071 2674 1351 2716 Reuerendus
1363 2674 1409 2717 P.
1423 2672 1674 2715 Dominicus
1685 2673 1913 2726 Menginus

493 2739 654 2781 Rector
695 2739 873 2793 Collegij
917 2739 1257 2789 Monachiensis,
1300 2738 1581 2780 Reuerendus
1619 2738 1665 2782 P.
1699 2737 1914 2780 Martinus

491 2804 783 2847 Leubenstain
815 2805 976 2846 Hector
1009 2803 1186 2857 Collegij
1220 2802 1599 2857 Jngolstadiensis.

552 2869 645 2921 Ego
668 2869 902 2910 Marcellus
925 2882 951 2910 a
973 2871 1068 2911 tota
1090 2867 1428 2922 congregatione
1461 2867 1624 2909 electus
1653 2865 1914 2908 secretarius

493 2946 623 2973 manu
655 2933 832 2987 propria
864 2933 1111 2988 subscripsi.

271 2994 299 3024 a)
323 2995 403 3018 Cor-r,
424 3002 458 3018 ex
478 2994 591 3027 posset.

277 3076 285 3095 ¹
312 3074 402 3108 Vide
428 3086 536 3119 supra
562 3088 594 3120 p.
615 3078 709 3110 571².
