2044 3335
138 94 221 135 686
748 91 843 125 Mon.
873 90 962 125 1036
989 91 1067 125 sive
1093 91 1162 124 litt.
1185 90 1275 134 (31).

132 207 229 241 Petri
257 207 385 241 Busaei
412 206 656 248 Notiioiiiagi⁴‚
685 206 767 239 data
787 206 954 239 Coloniae
977 206 1027 240 15.
1048 206 1203 248 Augusti
1234 206 1334 240 1569.
1373 206 1541 247 „Amicus
1567 206 1711 250 quidam
1738 209 1893 244 noster“.

130 261 245 303 inquit
271 262 440 299 anrreics,
471 259 679 303 ,prudentia
706 270 747 292 ac
774 259 949 301 dignitate
977 262 1173 303 praestans,
1210 270 1289 292 cum
1317 259 1411 292 hunc
1438 258 1703 293 Catechismum
1730 259 1894 294 Doctoris

132 313 227 347 Petri
255 312 386 355 Canisij
415 312 473 345 diu
500 324 541 345 ac
568 312 720 345 multum
748 312 954 349 euoluisset,
980 312 1149 346 maiorem
1181 312 1216 345 in
1242 312 1384 346 modum
1411 312 1561 356 optauit,
1597 315 1638 347 vt
1664 324 1754 356 quae
1781 313 1894 358 varijs

132 378 174 399 ex
205 366 368 399 Patribus
396 366 430 398 in
457 365 516 398 1110
544 365 703 405 collecta,
735 364 961 409 breuiterque
987 365 1119 398 tradita
1156 365 1391 405 continentur,
1428 365 1612 408 aliquanto
1638 365 1764 407 fusius,
1791 378 1894 410 prae-

129 419 251 452 sertim
279 419 313 451 in
340 418 520 451 rudiorum
540 418 693 460 gratiam
713 417 990 462 explicarentur.
1012 445 1018 451 .
1039 445 1046 452 .
1068 445 1074 452 .
1111 418 1187 451 Hoc
1212 417 1410 462 postulauit
1428 419 1594 459 maxime,
1620 421 1660 453 vt
1681 419 1725 452 ad
1744 419 1892 452 verbum

128 471 217 504 libro
244 471 541 510 adscriberentur,
578 482 668 514 quae
696 471 826 515 partim
854 483 898 504 ex
933 471 1045 505 sacris
1081 471 1206 511 literis,
1242 471 1371 515 partim
1408 483 1451 504 ex
1478 472 1626 505 Patrum
1652 472 1894 506 monumentis

129 524 250 568 petita,
286 523 379 557 circa
414 524 613 566 marginem
649 524 835 565 duntaxat,
872 528 912 558 vt
937 525 987 565 fit,
1023 525 1204 559 succincte
1240 524 1520 558 indicabantur.“
1575 525 1711 559 Postea.
1733 525 1894 559 Busaeus

129 577 343 610 mentionem
379 576 466 610 facit
501 588 632 617 eorum,
673 577 754 621 „qui
790 578 825 611 in
860 577 955 611 hunc
983 577 1250 611 Catechismum
1285 578 1451 618 scribere,
1487 590 1528 612 ac
1555 579 1654 612 virus
1687 578 1895 612 acerbitatis

128 640 212 663 suae
239 641 412 667 enomere,
440 641 591 673 eumque
617 630 793 675 petulanti
819 630 942 674 lingua
969 633 1004 664 et
1031 631 1155 664 insano
1181 631 1300 665 studio
1327 643 1397 664 non
1423 631 1590 665 desinunt
1624 631 1805 665 insectari.
1827 658 1834 665 .
1858 658 1865 665 .
1886 659 1893 665 .

128 682 219 715 Hinc
245 682 324 716 odia
351 685 385 716 et
412 683 550 716 furores
577 683 875 724 aduersariorum,
908 684 943 717 in
970 684 1051 717 libri
1077 684 1184 718 huius
1210 683 1407 718 Authorem
1442 684 1493 718 ita
1520 684 1827 725 debacchantium,
1855 687 1896 718 vt

128 735 241 769 omnis
276 735 482 775 modestiae,
519 736 707 771 charitatis
743 740 778 771 et
813 737 959 781 pietatis
988 737 1228 780 Euangelicae
1264 748 1410 781 prorsus
1445 737 1546 771 obliti
1583 749 1661 772 esse
1693 737 1894 772 videantur.

130 789 247 830 Aegre
273 788 394 822 ferunt
420 789 530 822 inuidi
549 789 720 831 homines,
747 790 921 834 optimum
941 790 1129 824 Caesarem
1145 791 1155 810 ¹
1181 789 1216 823 in
1237 791 1384 824 Austria
1410 789 1477 824 hoc
1496 802 1583 835 opus
1610 791 1763 835 primum
1781 790 1894 835 publi-

127 852 239 880 casse,
266 844 341 875 tum
368 841 496 885 Reges,
524 842 710 887 Principes
746 854 787 876 ac
813 842 1052 886 Magistratus
1086 843 1263 877 maximos
1298 855 1361 888 pro
1396 855 1461 877 sua
1496 843 1639 887 quidem
1677 843 1895 877 authoritate

127 905 271 928 curasse
297 894 430 935 sedulo,
458 898 499 928 vt
524 895 581 929 hic
609 895 806 929 Caesareus
826 896 1074 930 Catechismus
1100 896 1241 941 publice
1268 897 1463 931 doceatur:
1484 900 1520 930 et
1545 896 1581 930 in
1607 897 1727 930 varias
1754 908 1895 941 quoque

128 948 270 990 linguas
296 949 494 988 traductus,
522 960 651 992 magno
688 949 857 983 bonorum
894 961 1071 983 consensu
1105 950 1213 983 simul
1240 953 1275 983 et
1310 950 1486 995 applausu
1521 950 1656 995 passim
1683 950 1895 994 excipiatur.

129 1001 287 1044 Pergant
306 1002 414 1044 igitur
441 1002 511 1043 isti,
538 1003 590 1036 sic
609 1014 712 1036 secus
738 1003 815 1036 fieri
842 1015 909 1037 non
928 1006 1056 1047 potest,
1084 1005 1237 1048 pergant
1262 1004 1407 1047 inquam
1426 1003 1559 1037 latrare
1579 1007 1686 1048 atque
1705 1004 1867 1037 mordere
1886 1016 1892 1036 :

128 1054 269 1088 rideant
296 1059 331 1088 et
358 1057 596 1096 contemnant,
629 1056 722 1099 quod
757 1056 793 1090 in
821 1056 938 1101 Curijs
974 1056 1243 1101 prudentissimi
1269 1057 1516 1100 Magistratus,
1553 1060 1588 1091 et
1623 1057 1659 1090 in
1686 1056 1896 1102 Gymnasijs

130 1107 197 1141 viri
224 1107 455 1141 eruditissimi
482 1109 788 1153 compi-obai·unt.“
830 1110 992 1144 Busaeus
1028 1110 1285 1154 praefationem
1312 1112 1364 1144 sic
1389 1110 1579 1145 terminat:
1611 1111 1726 1152 „Bene
1752 1110 1834 1143 vale
1860 1110 1895 1143 in

132 1160 273 1195 Christo
298 1161 421 1201 lector,
452 1163 487 1195 et
512 1161 607 1196 1111110
643 1163 802 1197 laborem
837 1166 999 1197 nostrum
1035 1163 1116 1197 boni
1152 1164 1358 1198 consule.“2
1407 1163 1543 1197 Deinde
1569 1164 1592 1198 f.
1621 1164 1678 1197 *Β
1697 1163 1895 1209 2³1—÷²·B4³

134 1214 358 1255 „Admonitio
393 1215 437 1248 ad
472 1214 691 1257 Lectorein“,
738 1228 808 1260 qua
842 1217 979 1250 ratione
1015 1216 1250 1251 auctoritates
1286 1217 1368 1251 illae
1404 1218 1438 1250 in
1472 1217 1561 1251 libro
1596 1216 1825 1261 proferantur
1860 1218 1896 1249 et

130 1266 285 1300 maxime
311 1278 486 1311 quaenam
514 1280 557 1301 ex
584 1269 694 1303 variis
721 1269 945 1313 diversisque
972 1269 1115 1304 illorum
1141 1270 1311 1304 librorum
1343 1270 1556 1304 editionibus
1583 1273 1777 1314 usurpatae
1812 1268 1894 1302 sint.

131 1319 260 1354 Sacrae
287 1320 492 1365 Scripturae
531 1322 736 1356 testimonia
771 1323 1003 1367 proferuntur
1038 1335 1083 1357 ex
1116 1323 1270 1357 editione
1297 1323 1477 1367 Vulgatae
1512 1335 1574 1368 per
1608 1323 1775 1356 loannem
1801 1322 1896 1355 Hen-

130 1373 265 1407 tenium
293 1373 333 1408 O.
352 1374 411 1408 Pr.
438 1375 686 1409 universitatis
713 1375 932 1410 lovaniensis
959 1376 1167 1419 theologum
1193 1379 1319 1411 curata
1346 1380 1380 1410 et
1406 1388 1436 1410 a.
1467 1377 1555 1410 1547
1583 1375 1742 1415 Lovanii‚
1769 1374 1895 1408 deinde

131 1427 369 1471 compluriens
404 1428 623 1473 Antverpiae
660 1441 793 1463 excusa
823 1430 883 1472 (cf.
915 1431 1001 1464 Can.
1029 1430 1062 1463 V
1097 1431 1209 1473 746³).
1269 1431 1417 1464 Patrum
1455 1441 1663 1473 graecorum
1702 1429 1813 1462 verba
1850 1440 1895 1462 ex

130 1480 353 1514 versionibus
378 1481 501 1515 latinis
527 1485 716 1526 ponuntur.
760 1482 929 1527 Sequitur
949 1484 1109 1518 Busaeus
1137 1484 1211 1517 fere
1234 1484 1450 1517 novissimas
1477 1483 1661 1523 editiones,
1689 1484 1728 1516 ut
1753 1482 1788 1516 in
1816 1493 1895 1516 con-

131 1533 222 1567 ciliis
257 1533 447 1568 editionem
474 1534 578 1576 Surii,
614 1535 649 1569 in
678 1535 857 1580 Cypri-ano
898 1537 1107 1578 „editionem
1134 1537 1285 1581 Manutij
1312 1536 1509 1570 Romanam
1543 1536 1577 1579 [a
1604 1535 1729 1569 Latino
1758 1534 1895 1568 Latinio

131 1586 317 1630 curatam],
345 1590 380 1621 et
406 1589 660 1622 correctionem
686 1589 836 1633 Pamelij
864 1590 1183 1634 Antuerpianam“,
1214 1590 1269 1632 „in
1288 1590 1475 1623 Ambrosio
1502 1590 1632 1634 partim
1651 1588 1896 1622 Basileensem

131 1640 231 1673 iuxta
257 1641 511 1675 correctionem
533 1641 682 1687 Costerij
712 1641 755 1686 [a.
779 1642 894 1686 1555]
922 1644 1053 1687 partim
1079 1643 1311 1677 nouissimam
1330 1642 1572 1676 Parisiensem
1596 1642 1738 1676 Ioannis
1757 1640 1893 1685 Grillotij

132 1692 337 1738 Campani“‚
364 1694 400 1727 in
427 1694 635 1740 Hieronymi
663 1696 826 1740 epistulis
856 1695 1071 1737 „Romanam
1099 1697 1300 1736 editionem,
1333 1699 1369 1730 et
1395 1696 1547 1730 Mariani
1574 1695 1723 1739 Victorij
1750 1694 1895 1728 Reatini

133 1746 432 1782 emendationes&
471 1748 572 1789 „Meo
591 1749 733 1792 quidem
759 1749 923 1791 iudicio“,
951 1750 1077 1794 inquit,
1108 1750 1339 1792 „Sanctorum
1358 1749 1507 1783 Pati-um
1533 1749 1734 1782 sententiae
1752 1747 1895 1781 facilius

132 1798 393 1842 intelliguntur,
430 1802 570 1844 quando
598 1804 633 1835 et
669 1802 916 1836 antecedentia
952 1805 987 1837 et
1022 1803 1277 1847 consequentia
1311 1802 1419 1836 simul
1455 1803 1634 1846 ponuntur
1669 1802 1711 1836 ob
1738 1800 1890 1835 oculos.“

132 1852 271 1887 Laudat
297 1865 437 1898 quoque
465 1854 648 1888 Calenium
674 1856 941 1900 typographum
972 1856 1306 1899 „diligentissimum
1333 1858 1369 1890 et
1394 1855 1500 1889 valde
1523 1855 1767 1889 Catholicum“
1785 1855 1808 1895 3,
1835 1854 1895 1898 qui

132 1905 167 1939 id
193 1917 281 1950 opus
311 1906 520 1951 „plusquam
548 1908 771 1952 quadruplici
797 1911 964 1953 typorum
984 1910 1161 1943 varietate
1188 1937 1195 1944 .
1216 1937 1223 1944 .
1244 1935 1251 1943 .
1278 1909 1454 1943 excudere
1481 1909 1605 1942 voluit.
1627 1936 1633 1943 .
1653 1936 1660 1943 .
1681 1936 1688 1942 .
1724 1907 1824 1949 Quod
1851 1907 1895 1941 ad

131 1960 329 1993 sententias
355 1961 452 2004 ipsas
479 1961 617 2001 attinet,
655 1962 816 1996 dedimus
851 1974 936 1996 sane
972 1974 1127 2007 operam,
1164 1965 1204 1996 vt
1234 1963 1331 1996 facta
1366 1962 1554 1996 collatione
1590 1962 1810 1996 diuersorum
1839 1972 1897 1994 ex-

131 2013 351 2056 emplarium,
378 2025 468 2057 quae
494 2014 653 2048 nancisci
677 2017 892 2059 pot-eramus,
919 2027 1025 2059 quam
1045 2016 1333 2050 emendatissime
1360 2015 1553 2060 prodirent.
1599 2014 1676 2056 Qua
1702 2016 1737 2048 in
1763 2026 1801 2048 re
1827 2025 1897 2048 non

130 2077 255 2109 parum
290 2066 391 2100 nobis
427 2068 570 2111 profuit,
607 2070 641 2101 et
668 2068 780 2101 veluti
816 2068 981 2102 stimulos
1016 2069 1154 2103 addidit
1188 2069 1383 2112 singularis
1419 2068 1606 2112 diligentia
1633 2067 1897 2102 Bai-tholomaei

130 2118 320 2153 Laurentis
355 2121 566 2154 correctoris
601 2121 766 2155 officinae
793 2121 1074 2162 Quentelianae4
1094 2136 1101 2156 :
1120 2122 1175 2156 cui
1203 2122 1311 2156 etiam
1348 2123 1530 2167 copiosum
1565 2125 1601 2155 et
1636 2121 1820 2164 egregium
1847 2120 1896 2153 in-

131 2172 245 2206 dicem
270 2172 493 2215 singulorum
519 2173 709 2208 Tomorum
736 2178 923 2219 acceptum
958 2176 1052 2209 ferre
1089 2167 1207 2209 debes.
1258 2175 1383 2219 Neque
1419 2176 1512 2209 enim
1549 2174 1656 2209 facile
1682 2174 1896 2219 patiebatur,

130 2227 171 2258 vt
198 2236 288 2269 quae
314 2226 481 2260 mendum
507 2227 649 2271 aliquod
676 2228 893 2268 redolebant,
919 2228 1005 2263 licet
1031 2241 1075 2262 ex
1107 2229 1195 2273 ipsis
1230 2229 1390 2263 fontibus
1416 2229 1596 2273 descripta
1631 2230 1761 2269 essent,
1797 2228 1895 2272 typis

131 2278 447 2319 committerentur,
475 2280 683 2324 priusquam
719 2281 800 2326 alijs
827 2282 1007 2316 codicibus
1042 2282 1224 2326 inspectis,
1261 2283 1377 2326 quoad
1404 2282 1480 2316 eius
1510 2281 1587 2316 fieri
1613 2283 1763 2326 poterat,
1791 2280 1895 2314 casti-

131 2334 311 2373 garentur.
333 2359 338 2366 .
361 2360 367 2366 .
388 2360 394 2366 .
439 2333 585 2367 Edimus
611 2346 705 2368 nnnc
740 2335 776 2367 in
811 2334 927 2369 lucem
954 2363 960 2370 .
982 2362 988 2369 .
1009 2362 1016 2369 .
1044 2335 1197 2380 priorem
1232 2338 1371 2379 partem
1399 2335 1628 2376 Catechismi,
1655 2345 1746 2378 quae
1772 2335 1827 2367 est
1852 2333 1895 2366 de

131 2385 307 2428 sapientia
327 2385 540 2426 Christiana,
568 2387 704 2421 duobus
731 2388 837 2422 tomis
864 2388 1177 2433 compraehensam
1199 2402 1205 2423 :
1225 2389 1343 2422 daturi
1362 2415 1369 2422 .
1391 2416 1397 2422 .
1418 2416 1424 2422 .
1445 2388 1649 2433 propediem
1675 2390 1711 2421 et
1733 2386 1896 2425 alteram,

131 2448 222 2480 quae
248 2440 304 2472 est
329 2439 370 2473 de
397 2439 534 2473 iustitia
554 2439 769 2482 Christiana,
797 2453 866 2474 vno
887 2442 956 2484 (vti
980 2441 1244 2485 existimamus)
1275 2444 1369 2475 tomo
1396 2453 1474 2475 cum
1493 2441 1698 2486 Appendice
1725 2441 1767 2474 de
1792 2440 1896 2484 lapsu

132 2493 167 2523 et
184 2491 436 2526 iustificatione
454 2492 618 2535 hominis,
642 2494 1044 2539 compraehendendam,
1065 2496 1124 2540 qui
1143 2496 1190 2529 sit
1208 2495 1329 2529 ordine
1347 2495 1506 2528 tertius.“
1545 2495 1618 2528 Fol.
1638 2493 1691 2527 *Β
1705 2492 1844 2528 4b—*C
1859 2494 1896 2526 4³

136 2542 350 2588 „Cat-alogus
385 2557 602 2581 summorum
639 2547 872 2589 Pontificum,
910 2548 1166 2588 Conciliorum,
1204 2548 1483 2593 imperatorum,
1523 2551 1559 2582 et
1585 2547 1803 2592 Scriptorum
1830 2546 1895 2580 Ec-

133 2595 423 2640 clesiasticorum,
450 2611 513 2644 per
531 2601 712 2635 centurias
731 2601 940 2635 distinctus⁴⁴
957 2615 965 2643 ;
993 2603 1016 2635 f.
1033 2604 1049 2622 ³²<
1065 2602 1090 2636 C
1105 2603 1211 2635 41’---ἐξ
1223 2602 1266 2635 Ea
1288 2601 1477 2644 „Encomia
1495 2601 1717 2644 quorundam
1735 2600 1895 2640 Patrum,

133 2659 279 2691 quorum
307 2652 511 2686 testimonia
545 2654 705 2688 crebrius
741 2654 776 2688 in
811 2655 878 2688 hoc
914 2667 1020 2699 opere
1055 2655 1229 2689 citantur“
1247 2667 1254 2695 ;
1292 2654 1315 2688 f.
1341 2652 1519 2688 ᾗΕὕ**Ε
1533 2655 1571 2688 4³
1601 2654 1748 2696 „lndex,
1784 2653 1896 2686 totins

135 2702 350 2737 Catechismi
377 2706 533 2739 ordinem
562 2709 597 2740 et
623 2718 799 2741 summam
834 2708 1100 2752 complectens:
1121 2708 1283 2741 indicans
1314 2707 1399 2741 item
1427 2707 1699 2747 controuersias,
1736 2717 1827 2750 quae
1859 2707 1895 2739 in

134 2754 199 2787 hoc
224 2755 311 2789 libro
332 2783 361 2790 ..
379 2784 384 2790 .
405 2758 658 2794 deciduntur-⁴:
688 2761 748 2804 qui
774 2761 882 2795 index
907 2764 1021 2795 totum
1041 2761 1298 2795 catechismum
1317 2772 1396 2794 cum
1416 2760 1620 2805 appendice,
1646 2760 1761 2794 tribus
1787 2759 1893 2792 tomis

135 2807 393 2851 explicandum,
421 2812 680 2856 complectitur.
723 2814 811 2848 Post
829 2826 860 2858 p.
881 2814 959 2854 523,
986 2814 1023 2848 in
1042 2814 1085 2848 22
1104 2814 1199 2848 foliis
1217 2826 1285 2847 non
1312 2814 1465 2856 signatis
1488 2813 1617 2854 ,Index
1637 2813 1832 2847 Verborum
1854 2823 1895 2845 ac

136 2858 276 2897 Rerum,
305 2861 615 2899 Sententiarumve
635 2893 641 2900 .
663 2892 669 2899 .
690 2892 698 2900 .
718 2867 836 2910 opella
862 2867 1124 2901 Bartholomaei
1144 2867 1332 2900 Laurentis
1361 2866 1486 2910 (vulgo
1504 2866 1593 2900 Poin
1620 2866 1741 2910 dicti)“
1772 2865 1892 2910 alpha-

257 2968 266 2986 ¹
292 2967 552 3003 Ferdinandum
579 2971 605 3004 Ι.

255 3018 267 3038 2
294 3019 393 3059 Vide,
421 3032 510 3064 quae
537 3024 578 3056 de
605 3023 671 3057 hac
698 3025 918 3068 praefatione
945 3025 1050 3070 paulo
1076 3026 1170 3059 infra
1200 3025 1248 3070 (p.
1276 3025 1361 3069 688)
1389 3026 1562 3059 dicentur.

258 3072 269 3090 ³
294 3071 346 3105 De
373 3072 437 3106 hoc
463 3086 496 3108 V.
523 3086 629 3118 supra
656 3088 688 3119 p.
709 3077 763 3111 70.
908 3079 920 3098 4
948 3078 998 3111 De
1024 3078 1090 3112 hoc
1117 3079 1219 3123 plura
1246 3079 1407 3112 dicentur
1432 3079 1525 3112 infra
1550 3090 1584 3112 n.
1612 3079 1643 3112 7.
