2044 3335
136 97 219 138 140
646 95 748 129 1541.
777 94 943 129 Canisius
970 94 1003 129 S.
1024 94 1215 129 Francisco
1242 94 1406 139 Borgiae.

130 216 175 257 et
206 213 360 256 Clerici
397 228 483 256 non
525 217 640 265 sunt,
685 213 778 256 sine
810 213 1006 256 uestibus
1039 216 1084 256 et
1116 214 1170 256 ad
1203 227 1365 256 morem
1400 214 1582 257 aliorum
1616 214 1903 268 Collegiorum

130 278 400 333 sepeliantur
412 285 425 299 ²²
441 280 467 324 ¹.

250 343 434 398 Scripsit
475 343 618 386 isthuc
660 344 711 386 D.
750 343 941 385 Thomas
982 357 1085 385 suas
1127 342 1584 398 queremoniasb2[?]‚
1626 358 1707 386 nec
1748 344 1907 388 desinit

129 409 339 450 molestus
372 422 468 450 esse
500 409 612 450 bono
635 408 841 450 Rectori3
874 423 951 462 pro
984 408 1146 461 ingenij
1180 408 1245 450 sui
1277 409 1554 451 uehementia
1580 412 1712 462 atque
1734 410 1904 460 duritie,

130 476 178 516 ut
211 473 386 515 difficile
419 473 478 516 sit
509 474 741 516 admodum
773 473 895 516 illum
929 473 1057 523 ferre,
1093 473 1192 515 dum
1225 487 1303 516 suo
1334 473 1488 515 iuditio
1521 473 1698 516 nimium
1720 475 1827 526 fidit,
1862 478 1907 518 et

128 538 184 580 ad
228 538 437 580 maiorem
482 538 733 581 libertatem
778 538 960 592 aspirat,
1011 538 1123 580 sicut
1169 538 1263 580 fere
1309 538 1396 581 iam
1445 541 1549 581 ante
1589 539 1641 582 D.
1684 539 1906 582 Conradus

129 603 355 657 aspirabat
367 604 396 646 4.
442 603 611 646 Jnclusi
644 604 897 646 schedulam
929 603 1132 645 Rectoris
1163 617 1295 645 manu
1328 603 1538 658 scriptam
1571 604 1623 646 de
1655 603 1772 646 illius
1804 618 1905 647 con-

129 667 362 710 ditionibus
404 672 448 711 et
489 668 694 712 moribus.
757 669 853 722 Ego
894 668 1042 710 uidere
1084 682 1170 710 non
1204 682 1380 722 possum
1413 683 1588 710 causam
1622 669 1768 720 ullam,
1809 675 1907 711 curc

129 733 184 774 ab
216 733 298 775 hoc
330 733 554 787 superiore
576 737 621 777 et
643 734 754 787 alijs‚
790 734 842 775 de
866 734 1021 786 quibus
1044 733 1253 786 queritur,
1286 733 1350 776 ita
1372 733 1431 776 sit
1453 733 1620 775 alienus
1631 734 1658 777 ἃ.
1703 734 1907 778 Ostendit

128 798 303 840 interim
324 798 480 841 inditia
501 799 641 841 bonae
664 799 906 842 uoluntatis
929 801 974 840 et
991 798 1105 851 quod
1128 798 1275 852 cupiat
1293 798 1345 840 de
1362 798 1561 852 proximo
1579 799 1689 841 bene
1705 799 1861 842 mereri
1875 800 1903 843 5.

132 862 388 916 Vbicunque
429 867 574 907 autem
621 863 766 915 fuerit,
810 863 919 906 satis
951 863 1115 917 negotij
1150 864 1331 906 daturus
1364 863 1539 906 uidetur
1569 878 1647 906 suo
1680 864 1905 919 superiori.

133 928 221 971 Det
236 929 361 970 nobis
378 929 588 971 Dominus
610 929 820 971 maiorem
838 928 1092 971 Vocationis
1111 932 1154 971 et
1176 928 1378 971 miseriae
1400 932 1577 971 nostrae
1601 929 1905 983 cognitionem.

254 993 319 1035 De
356 993 557 1036 Joanne6
594 994 738 1047 Anglo
780 993 968 1036 maiores
1008 993 1077 1035 hic
1120 994 1273 1036 turbas
1315 993 1454 1036 audiri
1498 996 1543 1037 et
1586 994 1724 1037 uideri
1769 994 1905 1037 doleo.

135 1058 320 1101 Coactus
352 1059 473 1101 illum
506 1059 589 1101 huc
621 1059 828 1102 transtuli
861 1073 916 1100 ex
949 1059 1141 1112 Collegio
1176 1058 1492 1113 Oenipontano,
1536 1059 1637 1113 quia
1669 1074 1763 1102 cum
1796 1060 1905 1102 Rec-

134 1126 231 1166 tore
253 1124 431 1178 Lanoyo
464 1125 670 1178 frequens
704 1128 800 1167 erat
831 1124 894 1166 illi
927 1124 1163 1175 contentio,
1197 1126 1242 1167 et
1272 1124 1435 1168 fratres
1470 1125 1758 1169 offendebat7.
1802 1125 1908 1178 Egit

133 1187 202 1231 hic
240 1189 460 1231 dimidium
505 1204 680 1240 annum,
723 1192 768 1232 et
809 1189 876 1231 sui
917 1189 1070 1231 similis
1113 1203 1208 1232 esse
1250 1190 1395 1244 pergit
1429 1204 1514 1232 non
1547 1190 1641 1232 sine
1672 1191 1906 1234 multorum

133 1255 390 1297 offensione:
424 1255 570 1298 timori
604 1258 672 1298 est
704 1255 1015 1309 superioribus,
1050 1269 1147 1297 cum
1180 1255 1289 1298 adeo
1323 1256 1476 1297 durum
1510 1258 1555 1298 et
1581 1256 1906 1310 obstrepentem

132 1332 179 1361 se
220 1320 432 1374 praebeat
473 1321 720 1364 admonitus
762 1324 894 1374 atque
936 1322 1173 1364 correctus,
1235 1321 1469 1374 Jngenium
1511 1321 1675 1364 elatum
1717 1324 1762 1364 et
1794 1320 1905 1364 sedi-

132 1384 292 1427 tiosum
331 1385 517 1437 uidetur,
561 1386 604 1428 in
638 1400 722 1439 quo
755 1388 914 1439 regnat
945 1386 1124 1440 spiritus
1158 1386 1528 1437 contradictionis,
1571 1389 1616 1429 et
1648 1385 1829 1428 subinde
1861 1400 1907 1428 se

133 1450 253 1504 cupit
294 1464 321 1492 a
362 1451 611 1495 domesticis
653 1455 698 1494 et
738 1451 914 1494 usitatis
958 1451 1211 1506 ministerijs
1255 1451 1399 1495 eximi.
1463 1452 1570 1494 Mihi
1613 1451 1906 1494 necessarium

132 1514 316 1566 uidetur,
351 1518 400 1558 ut
433 1517 480 1560 P.
505 1517 666 1560 Vestra
698 1517 809 1559 bono
843 1516 941 1559 huic
973 1520 1019 1560 et
1049 1517 1252 1571 prudenti
1274 1517 1451 1560 Rectori
1482 1516 1719 1572 pleniorem
1741 1516 1908 1559 tribuat

132 1580 390 1624 facultatem
422 1582 543 1624 illum
577 1582 836 1633 dimittendi,
871 1585 947 1625 aut
969 1582 1151 1625 Romam
1186 1582 1449 1633 remittendi,
1483 1582 1520 1624 si
1544 1582 1609 1625 ita
1630 1584 1787 1637 pergat
1808 1596 1907 1636 per-

131 1646 312 1688 turbare
344 1647 596 1701 Collegium,
630 1647 885 1702 Superiores
917 1647 1141 1701 negligere
1173 1650 1219 1690 et
1252 1648 1469 1690 offendere
1501 1647 1678 1690 fratres.
1723 1647 1906 1690 Romam

132 1724 216 1754 non
249 1712 412 1755 inuitus
444 1712 537 1764 ibit,
581 1716 629 1756 ut
662 1713 872 1766 intelligo.
937 1712 1120 1755 Praeest
1152 1713 1343 1766 alioquin
1375 1712 1637 1755 Rhetoricae
1669 1712 1820 1763 Classi,
1864 1714 1908 1754 et

132 1790 229 1818 cum
270 1777 417 1820 fructu
458 1777 768 1833 discipulorum
810 1778 960 1820 docet:
1004 1779 1080 1820 sed
1122 1778 1363 1821 cauendum
1396 1781 1477 1828 est,
1519 1792 1574 1819 ne
1605 1780 1832 1832 serpentes
1863 1777 1906 1819 in

131 1841 228 1883 sinu
261 1842 392 1894 alere,
427 1846 472 1885 et
503 1845 683 1898 propter
714 1858 845 1885 unum
879 1843 1040 1886 multos
1073 1843 1335 1887 domesticos
1367 1843 1410 1885 in
1441 1843 1670 1886 discrimen
1693 1843 1908 1885 adducere

132 1907 371 1950 uideamur.
435 1908 629 1951 Nimium
671 1911 739 1951 est
779 1909 853 1951 ille
885 1909 937 1951 D.
973 1909 1166 1951 Thomae
1206 1909 1451 1952 familiaris.
1515 1908 1623 1951 Oret
1663 1922 1741 1963 pro
1783 1907 1907 1950 nobis

133 1975 178 2015 et
209 1972 398 2026 indignis
429 1973 530 2027 filijs
563 1973 609 2016 P.
645 1974 820 2017 Vestra.

253 2053 281 2081 a)
312 2055 347 2078 In.
372 2055 452 2079 arch.
472 2063 548 2080 corr.
568 2063 604 2079 esc
623 2054 824 2087 sepelliantur
849 2055 893 2079 vel
919 2053 1127 2087 sepellientur.
1218 2054 1249 2086 b)
1277 2055 1324 2079 Sic
1349 2055 1449 2085 arch.;
1477 2054 1682 2085 cerri-(semlant
1707 2061 1768 2078 esse
1788 2053 1906 2078 videtur

134 2095 349 2128 querimonias.
449 2096 476 2127 c)
506 2098 531 2121 A
552 2097 619 2121 libr.
639 2105 715 2121 corr.
735 2104 772 2122 ex
796 2095 840 2122 ut.
941 2095 971 2129 d)
1002 2097 1153 2122 Sententia
1173 2104 1305 2128 sequens,
1326 2104 1414 2127 usque
1436 2096 1473 2120 ml
1495 2095 1606 2121 mereri
1625 2095 1702 2126 incl„
1721 2095 1753 2119 in
1772 2095 1904 2126 margine

133 2137 237 2162 addita
257 2140 307 2162 est.

255 2233 265 2252 ¹
292 2232 346 2267 Cf.
378 2233 465 2267 Can.
494 2232 526 2267 V
552 2232 753 2268 346—348.
805 2232 935 2267 Clerici
973 2233 1010 2266 in
1035 2232 1200 2267 vestibus
1227 2232 1360 2267 ordinis
1387 2232 1454 2273 sui,
1490 2231 1654 2266 monachi
1680 2232 1716 2265 in
1742 2230 1906 2265 vestibus

133 2285 313 2329 religiosis
339 2286 619 2331 sepeliebantur.
670 2285 812 2320 Fideles
847 2288 966 2320 autem
1002 2286 1132 2330 reliqui
1166 2286 1283 2320 medio
1318 2297 1408 2320 aevo
1443 2287 1552 2329 atque
1588 2285 1697 2319 etiam
1732 2283 1905 2329 proximis

131 2339 287 2373 saeculis
315 2338 370 2382 (ut
396 2339 503 2384 XV.)‚
539 2339 576 2374 in
603 2338 724 2374 Gallia
749 2339 892 2381 saltem,
928 2339 964 2373 in
999 2339 1154 2374 amiculo
1182 2339 1302 2384 aliquo
1329 2338 1434 2373 ferali
1470 2339 1548 2373 sive
1575 2338 1718 2373 sudario
1744 2336 1904 2372 involve-

130 2391 262 2426 bantur
286 2393 346 2427 vel
372 2393 406 2426 in
432 2392 520 2428 illud
546 2393 782 2428 insuebantur
810 2392 931 2437 (Arth.
960 2394 1134 2438 Murez‘er,
1174 2393 1224 2427 La
1250 2392 1436 2437 sepulture
1463 2392 1671 2426 chretienne
1698 2402 1740 2424 en
1767 2390 1904 2424 France

130 2444 270 2490 d’apres
303 2446 358 2481 les
383 2449 611 2481 monuments
637 2447 685 2481 du
709 2446 792 2480 XVe
818 2458 864 2480 au
891 2446 990 2481 XVIe
1015 2446 1135 2488 siecle,
1162 2446 1267 2480 Paris
1297 2446 1398 2486 1855,
1428 2445 1576 2479 17—22.
1628 2445 1746 2488 Steplz.
1774 2444 1904 2477 Beissel

131 2499 164 2533 S.
193 2500 237 2539 J.,
273 2499 340 2533 Ein
375 2499 586 2535 illustrirtes
613 2499 825 2535 Grebetbuch
851 2500 915 2534 des
941 2499 1020 2534 XV.
1048 2499 1326 2541 trahi-hunderts,
1362 2499 1398 2533 in
1429 2497 1659 2541 „Zeitschrift
1693 2497 1751 2530 fiir
1777 2496 1903 2530 christ-

129 2552 223 2586 liche
250 2553 388 2586 Kunst“
418 2552 463 2593 ΙΙ,
490 2553 711 2587 Diisseldorf
735 2553 837 2594 1889,
865 2553 1036 2597 84-86).

249 2605 262 2625 ²
288 2606 364 2640 Has
390 2606 430 2640 P.
458 2606 616 2641 Thomae
640 2606 736 2641 Galli
761 2606 965 2650 theologiae
1001 2607 1037 2640 in
1063 2606 1303 2641 universitate
1328 2605 1515 2649 dilingana
1539 2603 1754 2649 professoris
1789 2603 1905 2647 queri-

130 2659 267 2692 monias
294 2671 328 2693 v,
356 2659 459 2699 infra,
485 2671 579 2694 mon.
607 2660 667 2694 dil.
695 2660 762 2704 (3).
917 2661 930 2680 ¹⁵
957 2660 996 2694 P.
1023 2659 1244 2693 Theodorico
1272 2658 1426 2693 Canisio.

250 2714 262 2731 ¹
293 2713 422 2746 Gallus
446 2712 593 2756 Dilinga
622 2714 677 2748 13.
703 2713 914 2748 Decembris
943 2714 1034 2748 1567
1071 2713 1115 2747 ad
1142 2712 1312 2756 Borgiam
1347 2710 1520 2745 *litteras
1545 2710 1655 2751 dedit,
1689 2709 1726 2743 in
1762 2709 1901 2753 quibus,

129 2764 254 2798 multis
280 2765 511 2808 querimoniis
543 2766 719 2801 adversus
746 2778 816 2809 eos,
850 2766 912 2811 qui
937 2766 974 2800 in
1002 2765 1195 2800 Germania
1220 2765 1404 2810 superiore
1430 2763 1544 2798 Sociis
1569 2764 1790 2808 praeessent,
1825 2773 1902 2807 pro-

129 2817 222 2859 latis,
249 2818 405 2862 petebat‚
432 2821 472 2852 ut
494 2830 621 2862 „quam
641 2819 835 2854 citissime“
865 2820 901 2853 in
928 2819 1035 2853 aliam
1056 2819 1214 2863 aliquam
1232 2817 1424 2852 Societatis
1450 2816 1674 2862 provinciam
1698 2815 1903 2850 mitteretur

130 2870 191 2911 (ex
217 2873 376 2913 autogr.;
405 2870 447 2905 G.
475 2871 539 2916 Ep.
558 2872 644 2906 VllI
670 2872 695 2907 f.
717 2873 813 2915 162).

249 2924 261 2942 ⁵
290 2924 344 2957 lta
373 2924 502 2957 Gallus
527 2924 673 2967 Dilinga
701 2926 731 2959 1.
750 2925 967 2960 Novembris
996 2926 1086 2960 1567
1113 2924 1268 2968 Borgiae
1294 2923 1540 2968 *scripserat:
1570 2921 1796 2966 „Consolatio
1822 2931 1902 2955 mea

129 2976 187 3010 hic
211 2976 371 3010 maxima
396 2976 486 3011 haec
512 2979 578 3018 est,
614 2980 655 3011 vt
681 2977 726 3012 30
751 2989 929 3023 pauperes
956 2989 1108 3022 quorum
1135 2978 1223 3012 mihi
1250 2988 1372 3012 curam
1399 2976 1665 3017 commiserunt,
1703 2974 1738 3008 in
1764 2974 1899 3019 pietate

129 3031 166 3063 et
190 3028 321 3073 studijs
347 3029 520 3074 proficere
546 3041 610 3064 suo
636 3032 797 3075 tempore
823 3032 965 3065 curem¹‘
998 3031 1060 3074 (ex
1087 3033 1248 3075 autogr.;
1275 3029 1297 3065 l.
1326 3041 1355 3065 c.
1382 3029 1407 3064 f.
1429 3027 1543 3073 143b).

251 3083 263 3102 ‘³
288 3081 389 3116 Vico.
537 3083 549 3102 ⁷
576 3082 667 3117 Vide
692 3094 802 3128 supra
829 3095 862 3128 p.
884 3085 962 3119 136.
