<?xml version="1.0" encoding="UTF-8"?>
<!DOCTYPE html PUBLIC "-//W3C//DTD XHTML 1.0 Transitional//EN"
    "http://www.w3.org/TR/xhtml1/DTD/xhtml1-transitional.dtd">
<html xmlns="http://www.w3.org/1999/xhtml" xml:lang="en" lang="en">
 <head>
  <title>
</title>
<meta http-equiv="Content-Type" content="text/html;charset=utf-8" />
  <meta name='ocr-system' content='tesseract 3.04.00' />
  <meta name='ocr-capabilities' content='ocr_page ocr_carea ocr_par ocr_line ocrx_word'/>
</head>
<body>
  <div class='ocr_page' id='page_1' title='image "beatipetricanisi06cani_0040.png"; bbox 0 0 2044 3335; ppageno 0'>
   <div class='ocr_carea' id='block_1_1' title="bbox 188 108 309 132">
    <p class='ocr_par' dir='ltr' id='par_1_1' title="bbox 188 108 309 132">
     <span class='ocr_line' id='line_1_1' title="bbox 188 108 309 132; baseline 0 0"><span class='ocrx_word' id='word_1_1' title='bbox 188 108 309 132; x_wconf 83' lang='lat' dir='ltr'>XXXIV</span> 
     </span>
    </p>
   </div>
   <div class='ocr_carea' id='block_1_2' title="bbox 221 351 330 392">
    <p class='ocr_par' dir='ltr' id='par_1_2' title="bbox 221 351 330 392">
     <span class='ocr_line' id='line_1_2' title="bbox 221 351 330 392; baseline 0 -1"><span class='ocrx_word' id='word_1_2' title='bbox 221 351 330 392; x_wconf 85' lang='lat'>1567</span> 
     </span>
    </p>
   </div>
   <div class='ocr_carea' id='block_1_3' title="bbox 235 484 325 519">
    <p class='ocr_par' dir='ltr' id='par_1_3' title="bbox 235 484 325 519">
     <span class='ocr_line' id='line_1_3' title="bbox 235 484 325 519; baseline -0.022 0"><span class='ocrx_word' id='word_1_3' title='bbox 235 484 325 519; x_wconf 89' lang='lat'>1567</span> 
     </span>
    </p>
   </div>
   <div class='ocr_carea' id='block_1_4' title="bbox 236 590 325 625">
    <p class='ocr_par' dir='ltr' id='par_1_4' title="bbox 236 590 325 625">
     <span class='ocr_line' id='line_1_4' title="bbox 236 590 325 625; baseline -0.011 0"><span class='ocrx_word' id='word_1_4' title='bbox 236 590 325 625; x_wconf 99' lang='lat'>1567</span> 
     </span>
    </p>
   </div>
   <div class='ocr_carea' id='block_1_5' title="bbox 219 705 328 746">
    <p class='ocr_par' dir='ltr' id='par_1_5' title="bbox 219 705 328 746">
     <span class='ocr_line' id='line_1_5' title="bbox 219 705 328 746; baseline 0 0"><span class='ocrx_word' id='word_1_5' title='bbox 219 705 328 746; x_wconf 89' lang='lat'>1567</span> 
     </span>
    </p>
   </div>
   <div class='ocr_carea' id='block_1_6' title="bbox 231 1092 321 1341">
    <p class='ocr_par' dir='ltr' id='par_1_6' title="bbox 231 1092 321 1341">
     <span class='ocr_line' id='line_1_6' title="bbox 232 1092 321 1127; baseline 0 -1"><span class='ocrx_word' id='word_1_6' title='bbox 232 1092 321 1127; x_wconf 91' lang='lat'>1567</span> 
     </span>
     <span class='ocr_line' id='line_1_7' title="bbox 231 1200 320 1234; baseline -0.011 0"><span class='ocrx_word' id='word_1_7' title='bbox 231 1200 320 1234; x_wconf 83' lang='lat'>1567</span> 
     </span>
     <span class='ocr_line' id='line_1_8' title="bbox 231 1306 320 1341; baseline -0.011 -1"><span class='ocrx_word' id='word_1_8' title='bbox 231 1306 320 1341; x_wconf 91' lang='grc'><strong>1567</strong></span> 
     </span>
    </p>
   </div>
   <div class='ocr_carea' id='block_1_7' title="bbox 215 1422 324 1463">
    <p class='ocr_par' dir='ltr' id='par_1_7' title="bbox 215 1422 324 1463">
     <span class='ocr_line' id='line_1_9' title="bbox 215 1422 324 1463; baseline 0.018 -2"><span class='ocrx_word' id='word_1_9' title='bbox 215 1422 324 1463; x_wconf 85' lang='grc'><strong>1567</strong></span> 
     </span>
    </p>
   </div>
   <div class='ocr_carea' id='block_1_8' title="bbox 230 1729 363 1784">
    <p class='ocr_par' dir='ltr' id='par_1_8' title="bbox 230 1729 363 1784">
     <span class='ocr_line' id='line_1_10' title="bbox 230 1729 363 1784; baseline 0 0"><span class='ocrx_word' id='word_1_10' title='bbox 230 1751 318 1784; x_wconf 86' lang='lat'>1567</span> <span class='ocrx_word' id='word_1_11' title='bbox 362 1729 363 1763; x_wconf 72' lang='lat'>3</span> 
     </span>
    </p>
   </div>
   <div class='ocr_carea' id='block_1_9' title="bbox 229 1912 362 1973">
    <p class='ocr_par' dir='ltr' id='par_1_9' title="bbox 229 1912 362 1973">
     <span class='ocr_line' id='line_1_11' title="bbox 229 1912 362 1973; baseline 0 -27"><span class='ocrx_word' id='word_1_12' title='bbox 229 1912 317 1947; x_wconf 83' lang='grc'><strong>1567</strong></span> <span class='ocrx_word' id='word_1_13' title='bbox 361 1920 362 1973; x_wconf 38' lang='grc' dir='ltr'>ᾗ</span> 
     </span>
    </p>
   </div>
   <div class='ocr_carea' id='block_1_10' title="bbox 211 2019 362 2068">
    <p class='ocr_par' dir='ltr' id='par_1_10' title="bbox 211 2019 362 2068">
     <span class='ocr_line' id='line_1_12' title="bbox 211 2019 362 2068; baseline -0.013 -2"><span class='ocrx_word' id='word_1_14' title='bbox 211 2027 322 2068; x_wconf 89' lang='grc'><strong>1567</strong></span> <span class='ocrx_word' id='word_1_15' title='bbox 361 2019 362 2064; x_wconf 64' lang='grc' dir='ltr'><strong>ἶ</strong></span> 
     </span>
    </p>
   </div>
   <div class='ocr_carea' id='block_1_11' title="bbox 228 2160 316 2194">
    <p class='ocr_par' dir='ltr' id='par_1_11' title="bbox 228 2160 316 2194">
     <span class='ocr_line' id='line_1_13' title="bbox 228 2160 316 2194; baseline 0 0"><span class='ocrx_word' id='word_1_16' title='bbox 228 2160 316 2194; x_wconf 84' lang='grc'><strong>1567</strong></span> 
     </span>
    </p>
   </div>
   <div class='ocr_carea' id='block_1_12' title="bbox 227 2273 316 2307">
    <p class='ocr_par' dir='ltr' id='par_1_12' title="bbox 227 2273 316 2307">
     <span class='ocr_line' id='line_1_14' title="bbox 227 2273 316 2307; baseline 0.011 -1"><span class='ocrx_word' id='word_1_17' title='bbox 227 2273 316 2307; x_wconf 87' lang='grc'><strong>1567</strong></span> 
     </span>
    </p>
   </div>
   <div class='ocr_carea' id='block_1_13' title="bbox 226 2541 314 2575">
    <p class='ocr_par' dir='ltr' id='par_1_13' title="bbox 226 2541 314 2575">
     <span class='ocr_line' id='line_1_15' title="bbox 226 2541 314 2575; baseline 0.011 -1"><span class='ocrx_word' id='word_1_18' title='bbox 226 2541 314 2575; x_wconf 91' lang='grc'><strong>1567</strong></span> 
     </span>
    </p>
   </div>
   <div class='ocr_carea' id='block_1_14' title="bbox 226 2646 314 2681">
    <p class='ocr_par' dir='ltr' id='par_1_14' title="bbox 226 2646 314 2681">
     <span class='ocr_line' id='line_1_16' title="bbox 226 2646 314 2681; baseline 0 -1"><span class='ocrx_word' id='word_1_19' title='bbox 226 2646 314 2681; x_wconf 89' lang='grc'><strong>1567</strong></span> 
     </span>
    </p>
   </div>
   <div class='ocr_carea' id='block_1_15' title="bbox 226 2759 314 2792">
    <p class='ocr_par' dir='ltr' id='par_1_15' title="bbox 226 2759 314 2792">
     <span class='ocr_line' id='line_1_17' title="bbox 226 2759 314 2792; baseline 0 0"><span class='ocrx_word' id='word_1_20' title='bbox 226 2759 314 2792; x_wconf 89' lang='grc'><strong>1567</strong></span> 
     </span>
    </p>
   </div>
   <div class='ocr_carea' id='block_1_16' title="bbox 225 2817 359 2871">
    <p class='ocr_par' dir='ltr' id='par_1_16' title="bbox 225 2817 359 2871">
     <span class='ocr_line' id='line_1_18' title="bbox 225 2817 359 2871; baseline 0.007 -21"><span class='ocrx_word' id='word_1_21' title='bbox 225 2817 314 2851; x_wconf 88' lang='grc'><strong>1567</strong></span> <span class='ocrx_word' id='word_1_22' title='bbox 358 2868 359 2871; x_wconf 11' lang='lat'>¹</span> 
     </span>
    </p>
   </div>
   <div class='ocr_carea' id='block_1_17' title="bbox 226 2981 314 3016">
    <p class='ocr_par' dir='ltr' id='par_1_17' title="bbox 226 2981 314 3016">
     <span class='ocr_line' id='line_1_19' title="bbox 226 2981 314 3016; baseline 0.011 -1"><span class='ocrx_word' id='word_1_23' title='bbox 226 2981 314 3016; x_wconf 89' lang='lat'>1567</span> 
     </span>
    </p>
   </div>
   <div class='ocr_carea' id='block_1_18' title="bbox 654 93 1498 137">
    <p class='ocr_par' dir='ltr' id='par_1_18' title="bbox 654 93 1498 137">
     <span class='ocr_line' id='line_1_20' title="bbox 654 93 1498 137; baseline 0 -9"><span class='ocrx_word' id='word_1_24' title='bbox 654 95 716 128; x_wconf 87' lang='lat' dir='ltr'>III.</span> <span class='ocrx_word' id='word_1_25' title='bbox 744 94 904 129; x_wconf 81' lang='lat' dir='ltr'>Tabulae</span> <span class='ocrx_word' id='word_1_26' title='bbox 930 93 1202 137; x_wconf 77' lang='lat' dir='ltr'>chronologicae</span> <span class='ocrx_word' id='word_1_27' title='bbox 1229 94 1326 128; x_wconf 86' lang='lat' dir='ltr'>vitae</span> <span class='ocrx_word' id='word_1_28' title='bbox 1353 93 1498 128; x_wconf 87' lang='lat' dir='ltr'>Canisii.</span> 
     </span>
    </p>
   </div>
   <div class='ocr_carea' id='block_1_19' title="bbox 410 346 721 400">
    <p class='ocr_par' dir='ltr' id='par_1_19' title="bbox 410 346 721 400">
     <span class='ocr_line' id='line_1_21' title="bbox 410 346 721 400; baseline -0.003 -10"><span class='ocrx_word' id='word_1_29' title='bbox 410 351 512 390; x_wconf 86' lang='lat' dir='ltr'>ante</span> <span class='ocrx_word' id='word_1_30' title='bbox 541 349 580 390; x_wconf 79' lang='lat'>2.</span> <span class='ocrx_word' id='word_1_31' title='bbox 603 346 721 400; x_wconf 87' lang='lat' dir='ltr'>Sept.</span> 
     </span>
    </p>
   </div>
   <div class='ocr_carea' id='block_1_20' title="bbox 405 481 726 633">
    <p class='ocr_par' dir='ltr' id='par_1_20' title="bbox 405 481 726 633">
     <span class='ocr_line' id='line_1_22' title="bbox 405 481 726 524; baseline -0.009 -7"><span class='ocrx_word' id='word_1_32' title='bbox 405 483 450 517; x_wconf 83' lang='lat' dir='ltr'>ab</span> <span class='ocrx_word' id='word_1_33' title='bbox 466 482 619 516; x_wconf 83' lang='lat' dir='ltr'>exeunte</span> <span class='ocrx_word' id='word_1_34' title='bbox 634 481 726 524; x_wconf 81' lang='lat' dir='ltr'>Aug.</span> 
     </span>
     <span class='ocr_line' id='line_1_23' title="bbox 448 534 683 579; baseline -0.013 -9"><span class='ocrx_word' id='word_1_35' title='bbox 448 535 492 570; x_wconf 83' lang='lat' dir='ltr'>ad</span> <span class='ocrx_word' id='word_1_36' title='bbox 514 535 566 569; x_wconf 89' lang='lat'>19.</span> <span class='ocrx_word' id='word_1_37' title='bbox 586 534 683 579; x_wconf 82' lang='lat' dir='ltr'>Sept.</span> 
     </span>
     <span class='ocr_line' id='line_1_24' title="bbox 420 587 709 633; baseline -0.003 -11"><span class='ocrx_word' id='word_1_38' title='bbox 420 588 521 623; x_wconf 78' lang='lat' dir='ltr'>initio</span> <span class='ocrx_word' id='word_1_39' title='bbox 547 600 592 622; x_wconf 90' lang='lat' dir='ltr'>m.</span> <span class='ocrx_word' id='word_1_40' title='bbox 612 587 709 633; x_wconf 87' lang='lat' dir='ltr'>Sept.</span> 
     </span>
    </p>
   </div>
   <div class='ocr_carea' id='block_1_21' title="bbox 408 703 720 756">
    <p class='ocr_par' dir='ltr' id='par_1_21' title="bbox 408 703 720 756">
     <span class='ocr_line' id='line_1_25' title="bbox 408 703 720 756; baseline -0.003 -10"><span class='ocrx_word' id='word_1_41' title='bbox 408 703 527 756; x_wconf 88' lang='lat' dir='ltr'>Sept.</span> <span class='ocrx_word' id='word_1_42' title='bbox 551 703 590 745; x_wconf 85' lang='lat'>7.</span> <span class='ocrx_word' id='word_1_43' title='bbox 614 703 658 743; x_wconf 92' lang='lat' dir='ltr'>et</span> <span class='ocrx_word' id='word_1_44' title='bbox 681 703 720 745; x_wconf 88' lang='grc'>9.</span> 
     </span>
    </p>
   </div>
   <div class='ocr_carea' id='block_1_22' title="bbox 386 1092 738 1245">
    <p class='ocr_par' dir='ltr' id='par_1_22' title="bbox 386 1092 738 1245">
     <span class='ocr_line' id='line_1_26' title="bbox 488 1092 637 1137; baseline 0.013 -11"><span class='ocrx_word' id='word_1_45' title='bbox 488 1092 586 1137; x_wconf 91' lang='lat' dir='ltr'>Sept.</span> <span class='ocrx_word' id='word_1_46' title='bbox 605 1093 637 1128; x_wconf 87' lang='lat'>9.</span> 
     </span>
     <span class='ocr_line' id='line_1_27' title="bbox 386 1200 738 1245; baseline 0 -11"><span class='ocrx_word' id='word_1_47' title='bbox 386 1200 452 1234; x_wconf 88' lang='lat' dir='ltr'>sub</span> <span class='ocrx_word' id='word_1_48' title='bbox 469 1200 629 1235; x_wconf 83' lang='lat'>10.—13.</span> <span class='ocrx_word' id='word_1_49' title='bbox 642 1200 738 1245; x_wconf 83' lang='lat' dir='ltr'><strong>Sept.</strong></span> 
     </span>
    </p>
   </div>
   <div class='ocr_carea' id='block_1_23' title="bbox 482 1305 655 1352">
    <p class='ocr_par' dir='ltr' id='par_1_23' title="bbox 482 1305 655 1352">
     <span class='ocr_line' id='line_1_28' title="bbox 482 1305 655 1352; baseline 0.006 -12"><span class='ocrx_word' id='word_1_50' title='bbox 482 1305 579 1352; x_wconf 89' lang='lat' dir='ltr'>Sept.</span> <span class='ocrx_word' id='word_1_51' title='bbox 601 1307 655 1341; x_wconf 87' lang='lat'>14.</span> 
     </span>
    </p>
   </div>
   <div class='ocr_carea' id='block_1_24' title="bbox 363 1419 736 1475">
    <p class='ocr_par' dir='ltr' id='par_1_24' title="bbox 363 1419 736 1475">
     <span class='ocr_line' id='line_1_29' title="bbox 363 1419 736 1475; baseline -0.003 -11"><span class='ocrx_word' id='word_1_52' title='bbox 363 1439 365 1464; x_wconf 78' lang='grc' dir='ltr'>ι</span> <span class='ocrx_word' id='word_1_53' title='bbox 384 1419 463 1461; x_wconf 85' lang='lat' dir='ltr'>sub</span> <span class='ocrx_word' id='word_1_54' title='bbox 487 1420 596 1464; x_wconf 88' lang='lat' dir='ltr'>med.</span> <span class='ocrx_word' id='word_1_55' title='bbox 619 1420 736 1475; x_wconf 88' lang='lat' dir='ltr'>Sept.</span> 
     </span>
    </p>
   </div>
   <div class='ocr_carea' id='block_1_25' title="bbox 362 210 372 1630">
    <p class='ocr_par' dir='ltr' id='par_1_25' title="bbox 362 210 372 1630">
     <span class='ocr_line' id='line_1_30' title="bbox 362 210 372 1630; baseline 0 0"><span class='ocrx_word' id='word_1_56' title='bbox 362 210 372 1630; x_wconf 95' lang='lat' dir='ltr'> </span> 
     </span>
    </p>
   </div>
   <div class='ocr_carea' id='block_1_26' title="bbox 510 1749 606 1795">
    <p class='ocr_par' dir='ltr' id='par_1_26' title="bbox 510 1749 606 1795">
     <span class='ocr_line' id='line_1_31' title="bbox 510 1749 606 1795; baseline 0 -11"><span class='ocrx_word' id='word_1_57' title='bbox 510 1749 606 1795; x_wconf 84' lang='lat' dir='ltr'>Sept.</span> 
     </span>
    </p>
   </div>
   <div class='ocr_carea' id='block_1_27' title="bbox 432 1912 669 2009">
    <p class='ocr_par' dir='ltr' id='par_1_27' title="bbox 432 1912 669 2009">
     <span class='ocr_line' id='line_1_32' title="bbox 470 1912 645 1957; baseline 0 -11"><span class='ocrx_word' id='word_1_58' title='bbox 470 1912 566 1957; x_wconf 90' lang='lat' dir='ltr'>Sept.</span> <span class='ocrx_word' id='word_1_59' title='bbox 591 1913 645 1946; x_wconf 84' lang='lat'>19.</span> 
     </span>
     <span class='ocr_line' id='line_1_33' title="bbox 432 1965 669 2009; baseline 0.004 -11"><span class='ocrx_word' id='word_1_60' title='bbox 432 1965 486 2008; x_wconf 89' lang='lat' dir='ltr'>(ut</span> <span class='ocrx_word' id='word_1_61' title='bbox 512 1966 669 2009; x_wconf 87' lang='lat' dir='ltr'>videtur)</span> 
     </span>
    </p>
   </div>
   <div class='ocr_carea' id='block_1_28' title="bbox 401 2026 712 2081">
    <p class='ocr_par' dir='ltr' id='par_1_28' title="bbox 401 2026 712 2081">
     <span class='ocr_line' id='line_1_34' title="bbox 401 2026 712 2081; baseline 0.006 -14"><span class='ocrx_word' id='word_1_62' title='bbox 401 2026 479 2068; x_wconf 89' lang='lat' dir='ltr'>sub</span> <span class='ocrx_word' id='word_1_63' title='bbox 504 2028 571 2068; x_wconf 89' lang='lat'>20.</span> <span class='ocrx_word' id='word_1_64' title='bbox 595 2027 712 2081; x_wconf 88' lang='lat' dir='ltr'>Sept.</span> 
     </span>
    </p>
   </div>
   <div class='ocr_carea' id='block_1_29' title="bbox 427 2161 692 2207">
    <p class='ocr_par' dir='ltr' id='par_1_29' title="bbox 427 2161 692 2207">
     <span class='ocr_line' id='line_1_35' title="bbox 427 2161 692 2207; baseline 0.008 -12"><span class='ocrx_word' id='word_1_65' title='bbox 427 2161 493 2195; x_wconf 88' lang='lat' dir='ltr'>sub</span> <span class='ocrx_word' id='word_1_66' title='bbox 520 2161 575 2196; x_wconf 90' lang='lat'>20.</span> <span class='ocrx_word' id='word_1_67' title='bbox 596 2162 692 2207; x_wconf 85' lang='lat' dir='ltr'>Sept.</span> 
     </span>
    </p>
   </div>
   <div class='ocr_carea' id='block_1_30' title="bbox 475 2273 648 2319">
    <p class='ocr_par' dir='ltr' id='par_1_30' title="bbox 475 2273 648 2319">
     <span class='ocr_line' id='line_1_36' title="bbox 475 2273 648 2319; baseline 0.012 -12"><span class='ocrx_word' id='word_1_68' title='bbox 475 2273 572 2319; x_wconf 90' lang='lat' dir='ltr'>Sept.</span> <span class='ocrx_word' id='word_1_69' title='bbox 593 2275 648 2309; x_wconf 88' lang='lat'>25.</span> 
     </span>
    </p>
   </div>
   <div class='ocr_carea' id='block_1_31' title="bbox 435 2541 672 2692">
    <p class='ocr_par' dir='ltr' id='par_1_31' title="bbox 435 2541 672 2692">
     <span class='ocr_line' id='line_1_37' title="bbox 435 2541 672 2576; baseline 0.008 -2"><span class='ocrx_word' id='word_1_70' title='bbox 435 2541 527 2575; x_wconf 85' lang='lat' dir='ltr'>inter</span> <span class='ocrx_word' id='word_1_71' title='bbox 553 2543 608 2576; x_wconf 84' lang='lat'>26.</span> <span class='ocrx_word' id='word_1_72' title='bbox 637 2545 672 2576; x_wconf 88' lang='lat' dir='ltr'>et</span> 
     </span>
     <span class='ocr_line' id='line_1_38' title="bbox 465 2594 644 2639; baseline 0.011 -11"><span class='ocrx_word' id='word_1_73' title='bbox 465 2594 520 2629; x_wconf 81' lang='grc'><strong>28.</strong></span> <span class='ocrx_word' id='word_1_74' title='bbox 549 2594 644 2639; x_wconf 77' lang='lat' dir='ltr'>Sept.</span> 
     </span>
     <span class='ocr_line' id='line_1_39' title="bbox 470 2646 643 2692; baseline 0.012 -11"><span class='ocrx_word' id='word_1_75' title='bbox 470 2646 567 2692; x_wconf 81' lang='lat' dir='ltr'>Sept.</span> <span class='ocrx_word' id='word_1_76' title='bbox 587 2649 643 2683; x_wconf 84' lang='lat'>28.</span> 
     </span>
    </p>
   </div>
   <div class='ocr_carea' id='block_1_32' title="bbox 393 2758 714 2853">
    <p class='ocr_par' dir='ltr' id='par_1_32' title="bbox 393 2758 714 2853">
     <span class='ocr_line' id='line_1_40' title="bbox 393 2758 714 2804; baseline 0.006 -11"><span class='ocrx_word' id='word_1_77' title='bbox 393 2758 489 2804; x_wconf 82' lang='lat' dir='ltr'>Sept.</span> <span class='ocrx_word' id='word_1_78' title='bbox 506 2760 561 2794; x_wconf 93' lang='lat'>28.</span> <span class='ocrx_word' id='word_1_79' title='bbox 581 2760 640 2794; x_wconf 88' lang='lat' dir='ltr'>vel</span> <span class='ocrx_word' id='word_1_80' title='bbox 659 2761 714 2795; x_wconf 85' lang='lat'>29.</span> 
     </span>
     <span class='ocr_line' id='line_1_41' title="bbox 520 2818 599 2853; baseline 0.025 -2"><span class='ocrx_word' id='word_1_81' title='bbox 520 2818 599 2853; x_wconf 88' lang='lat' dir='ltr'>Oct.</span> 
     </span>
    </p>
   </div>
   <div class='ocr_carea' id='block_1_33' title="bbox 514 2982 592 3018">
    <p class='ocr_par' dir='ltr' id='par_1_33' title="bbox 514 2982 592 3018">
     <span class='ocr_line' id='line_1_42' title="bbox 514 2982 592 3018; baseline 0.013 -1"><span class='ocrx_word' id='word_1_82' title='bbox 514 2982 592 3018; x_wconf 81' lang='lat' dir='ltr'>Oct.</span> 
     </span>
    </p>
   </div>
   <div class='ocr_carea' id='block_1_34' title="bbox 356 1776 364 3128">
    <p class='ocr_par' dir='ltr' id='par_1_34' title="bbox 356 1776 364 3128">
     <span class='ocr_line' id='line_1_43' title="bbox 356 1776 364 3128; baseline 0 0"><span class='ocrx_word' id='word_1_83' title='bbox 356 1776 364 3128; x_wconf 95' lang='lat' dir='ltr'> </span> 
     </span>
    </p>
   </div>
   <div class='ocr_carea' id='block_1_35' title="bbox 841 210 1959 330">
    <p class='ocr_par' dir='ltr' id='par_1_35' title="bbox 841 210 1959 330">
     <span class='ocr_line' id='line_1_44' title="bbox 841 210 1959 265; baseline 0 -12"><span class='ocrx_word' id='word_1_84' title='bbox 841 225 918 265; x_wconf 87' lang='lat' dir='ltr'>spe</span> <span class='ocrx_word' id='word_1_85' title='bbox 951 213 1192 262; x_wconf 82' lang='lat' dir='ltr'>confirmat,</span> <span class='ocrx_word' id='word_1_86' title='bbox 1226 211 1398 253; x_wconf 87' lang='lat' dir='ltr'>interim</span> <span class='ocrx_word' id='word_1_87' title='bbox 1420 210 1463 252; x_wconf 89' lang='lat' dir='ltr'>in</span> <span class='ocrx_word' id='word_1_88' title='bbox 1487 210 1769 253; x_wconf 86' lang='lat' dir='ltr'>contubernio</span> <span class='ocrx_word' id='word_1_89' title='bbox 1792 211 1835 254; x_wconf 87' lang='lat' dir='ltr'>S.</span> <span class='ocrx_word' id='word_1_90' title='bbox 1853 210 1959 253; x_wconf 88' lang='lat' dir='ltr'>Hie-</span> 
     </span>
     <span class='ocr_line' id='line_1_45' title="bbox 841 275 1740 330; baseline 0.001 -13"><span class='ocrx_word' id='word_1_91' title='bbox 841 276 1012 330; x_wconf 87' lang='lat' dir='ltr'>ronymi</span> <span class='ocrx_word' id='word_1_92' title='bbox 1044 276 1253 318; x_wconf 86' lang='lat' dir='ltr'>famulum</span> <span class='ocrx_word' id='word_1_93' title='bbox 1286 290 1417 330; x_wconf 82' lang='lat' dir='ltr'>agere</span> <span class='ocrx_word' id='word_1_94' title='bbox 1449 276 1568 318; x_wconf 87' lang='lat' dir='ltr'>iubet</span> <span class='ocrx_word' id='word_1_95' title='bbox 1601 275 1740 329; x_wconf 83' lang='grc'><strong>(534).</strong></span> 
     </span>
    </p>
   </div>
   <div class='ocr_carea' id='block_1_36' title="bbox 781 346 1958 580">
    <p class='ocr_par' dir='ltr' id='par_1_36' title="bbox 781 346 1958 464">
     <span class='ocr_line' id='line_1_46' title="bbox 781 346 1958 400; baseline 0.003 -13"><span class='ocrx_word' id='word_1_96' title='bbox 781 346 1102 400; x_wconf 78' lang='lat' dir='ltr'>Ingolstadium</span> <span class='ocrx_word' id='word_1_97' title='bbox 1144 347 1316 400; x_wconf 87' lang='lat' dir='ltr'>collegii</span> <span class='ocrx_word' id='word_1_98' title='bbox 1356 347 1562 389; x_wconf 80' lang='lat' dir='ltr'>visitandi</span> <span class='ocrx_word' id='word_1_99' title='bbox 1602 347 1748 400; x_wconf 84' lang='lat' dir='ltr'>gratia</span> <span class='ocrx_word' id='word_1_100' title='bbox 1780 347 1958 390; x_wconf 86' lang='lat' dir='ltr'>advenit</span> 
     </span>
     <span class='ocr_line' id='line_1_47' title="bbox 841 411 948 464; baseline 0.019 -11"><span class='ocrx_word' id='word_1_101' title='bbox 841 411 948 464; x_wconf 85' lang='lat'>(33).</span> 
     </span>
    </p>

    <p class='ocr_par' dir='ltr' id='par_1_37' title="bbox 781 480 1957 580">
     <span class='ocr_line' id='line_1_48' title="bbox 781 480 1957 525; baseline 0.001 -10"><span class='ocrx_word' id='word_1_102' title='bbox 781 480 945 515; x_wconf 85' lang='lat' dir='ltr'>Scholam</span> <span class='ocrx_word' id='word_1_103' title='bbox 962 481 1161 516; x_wconf 79' lang='lat' dir='ltr'>rhetoricae</span> <span class='ocrx_word' id='word_1_104' title='bbox 1176 482 1313 522; x_wconf 86' lang='lat' dir='ltr'>aufert;</span> <span class='ocrx_word' id='word_1_105' title='bbox 1333 481 1493 525; x_wconf 87' lang='lat' dir='ltr'>reliquas</span> <span class='ocrx_word' id='word_1_106' title='bbox 1508 481 1650 516; x_wconf 82' lang='lat' dir='ltr'>scholas</span> <span class='ocrx_word' id='word_1_107' title='bbox 1669 481 1811 525; x_wconf 85' lang='lat' dir='ltr'>collegii</span> <span class='ocrx_word' id='word_1_108' title='bbox 1828 481 1957 516; x_wconf 88' lang='lat' dir='ltr'>melius</span> 
     </span>
     <span class='ocr_line' id='line_1_49' title="bbox 840 535 1715 580; baseline 0.001 -12"><span class='ocrx_word' id='word_1_109' title='bbox 840 535 1039 580; x_wconf 87' lang='lat' dir='ltr'>componit;</span> <span class='ocrx_word' id='word_1_110' title='bbox 1066 535 1188 569; x_wconf 85' lang='lat' dir='ltr'>Socios</span> <span class='ocrx_word' id='word_1_111' title='bbox 1214 535 1416 579; x_wconf 81' lang='lat' dir='ltr'>complures</span> <span class='ocrx_word' id='word_1_112' title='bbox 1442 536 1558 569; x_wconf 85' lang='lat' dir='ltr'>mutat</span> <span class='ocrx_word' id='word_1_113' title='bbox 1585 535 1715 578; x_wconf 73' lang='lat' dir='ltr'>(40s9).</span> 
     </span>
    </p>
   </div>
   <div class='ocr_carea' id='block_1_37' title="bbox 760 584 1956 685">
    <p class='ocr_par' dir='ltr' id='par_1_38' title="bbox 760 584 1956 685">
     <span class='ocr_line' id='line_1_50' title="bbox 761 584 1956 632; baseline 0 -10"><span class='ocrx_word' id='word_1_114' title='bbox 761 584 993 622; x_wconf 71' lang='lat' dir='ltr'>&#39;Cardinalis</span> <span class='ocrx_word' id='word_1_115' title='bbox 1019 590 1166 623; x_wconf 77' lang='lat' dir='ltr'>Sitticus</span> <span class='ocrx_word' id='word_1_116' title='bbox 1195 589 1422 622; x_wconf 67' lang='lat' dir='ltr'>Cous-tantiae</span> <span class='ocrx_word' id='word_1_117' title='bbox 1455 591 1493 622; x_wconf 80' lang='lat' dir='ltr'>in</span> <span class='ocrx_word' id='word_1_118' title='bbox 1525 590 1657 632; x_wconf 79' lang='lat' dir='ltr'>synodo</span> <span class='ocrx_word' id='word_1_119' title='bbox 1684 590 1889 622; x_wconf 73' lang='lat' dir='ltr'>dioecesana</span> <span class='ocrx_word' id='word_1_120' title='bbox 1919 589 1956 623; x_wconf 80' lang='lat' dir='ltr'>C.</span> 
     </span>
     <span class='ocr_line' id='line_1_51' title="bbox 760 630 1474 685; baseline 0.001 -10"><span class='ocrx_word' id='word_1_121' title='bbox 760 630 762 641; x_wconf 31' lang='grc' dir='ltr'><strong>Δ</strong></span> <span class='ocrx_word' id='word_1_122' title='bbox 839 643 1085 675; x_wconf 71' lang='lat' dir='ltr'>catechismum</span> <span class='ocrx_word' id='word_1_123' title='bbox 1113 643 1332 675; x_wconf 76' lang='lat' dir='ltr'>commendat</span> <span class='ocrx_word' id='word_1_124' title='bbox 1360 641 1474 685; x_wconf 88' lang='lat'>(661).</span> 
     </span>
    </p>
   </div>
   <div class='ocr_carea' id='block_1_38' title="bbox 759 701 1956 1142">
    <p class='ocr_par' dir='ltr' id='par_1_39' title="bbox 760 701 1956 757">
     <span class='ocr_line' id='line_1_52' title="bbox 760 701 1956 757; baseline 0 -14"><span class='ocrx_word' id='word_1_125' title='bbox 760 701 822 757; x_wconf 57' lang='lat' dir='ltr'>1C.</span> <span class='ocrx_word' id='word_1_126' title='bbox 866 706 911 744; x_wconf 89' lang='lat' dir='ltr'>et</span> <span class='ocrx_word' id='word_1_127' title='bbox 953 702 1280 755; x_wconf 83' lang='lat' dir='ltr'>Eisengreinius</span> <span class='ocrx_word' id='word_1_128' title='bbox 1321 702 1473 745; x_wconf 75' lang='lat' dir='ltr'>arbitri</span> <span class='ocrx_word' id='word_1_129' title='bbox 1514 717 1540 744; x_wconf 82' lang='lat' dir='ltr'>a</span> <span class='ocrx_word' id='word_1_130' title='bbox 1581 702 1688 744; x_wconf 86' lang='lat' dir='ltr'>duce</span> <span class='ocrx_word' id='word_1_131' title='bbox 1729 701 1956 744; x_wconf 85' lang='lat' dir='ltr'>constituti</span> 
     </span>
    </p>

    <p class='ocr_par' dir='ltr' id='par_1_40' title="bbox 759 760 1956 1082">
     <span class='ocr_line' id='line_1_53' title="bbox 759 760 1956 810; baseline 0 -2"><span class='ocrx_word' id='word_1_132' title='bbox 759 760 761 770; x_wconf 82' lang='grc'><strong>’</strong></span> <span class='ocrx_word' id='word_1_133' title='bbox 839 767 1161 809; x_wconf 84' lang='lat' dir='ltr'>controversias</span> <span class='ocrx_word' id='word_1_134' title='bbox 1189 767 1232 808; x_wconf 88' lang='lat' dir='ltr'>in</span> <span class='ocrx_word' id='word_1_135' title='bbox 1255 767 1468 810; x_wconf 74' lang='lat' dir='ltr'>facultate</span> <span class='ocrx_word' id='word_1_136' title='bbox 1491 767 1650 810; x_wconf 75' lang='lat' dir='ltr'>artium</span> <span class='ocrx_word' id='word_1_137' title='bbox 1673 767 1788 809; x_wconf 85' lang='lat' dir='ltr'>inter</span> <span class='ocrx_word' id='word_1_138' title='bbox 1809 767 1956 809; x_wconf 85' lang='lat' dir='ltr'>Socios</span> 
     </span>
     <span class='ocr_line' id='line_1_54' title="bbox 837 832 1954 887; baseline -0.001 -13"><span class='ocrx_word' id='word_1_139' title='bbox 837 833 1113 886; x_wconf 80' lang='lat' dir='ltr'>reliquosque</span> <span class='ocrx_word' id='word_1_140' title='bbox 1146 832 1416 886; x_wconf 79' lang='lat' dir='ltr'>professores</span> <span class='ocrx_word' id='word_1_141' title='bbox 1458 835 1636 875; x_wconf 77' lang='lat' dir='ltr'>exortas</span> <span class='ocrx_word' id='word_1_142' title='bbox 1678 835 1954 887; x_wconf 89' lang='lat' dir='ltr'>componunt.</span> 
     </span>
     <span class='ocr_line' id='line_1_55' title="bbox 838 896 1954 940; baseline -0.001 -1"><span class='ocrx_word' id='word_1_143' title='bbox 838 898 881 940; x_wconf 82' lang='lat' dir='ltr'>O.</span> <span class='ocrx_word' id='word_1_144' title='bbox 906 901 1084 939; x_wconf 76' lang='lat' dir='ltr'>auctore</span> <span class='ocrx_word' id='word_1_145' title='bbox 1107 898 1220 939; x_wconf 85' lang='lat' dir='ltr'>Socii</span> <span class='ocrx_word' id='word_1_146' title='bbox 1243 897 1468 940; x_wconf 74' lang='lat' dir='ltr'>facultatis</span> <span class='ocrx_word' id='word_1_147' title='bbox 1491 898 1725 939; x_wconf 87' lang='lat' dir='ltr'>honoribus</span> <span class='ocrx_word' id='word_1_148' title='bbox 1748 900 1793 939; x_wconf 90' lang='lat' dir='ltr'>et</span> <span class='ocrx_word' id='word_1_149' title='bbox 1815 896 1954 938; x_wconf 85' lang='lat' dir='ltr'>oneri-</span> 
     </span>
     <span class='ocr_line' id='line_1_56' title="bbox 837 962 1954 1013; baseline -0.001 -9"><span class='ocrx_word' id='word_1_150' title='bbox 837 963 916 1004; x_wconf 87' lang='lat' dir='ltr'>bus</span> <span class='ocrx_word' id='word_1_151' title='bbox 939 976 986 1004; x_wconf 91' lang='lat' dir='ltr'>se</span> <span class='ocrx_word' id='word_1_152' title='bbox 1008 962 1212 1004; x_wconf 83' lang='lat' dir='ltr'>abdicant</span> <span class='ocrx_word' id='word_1_153' title='bbox 1233 963 1309 1013; x_wconf 88' lang='lat' dir='ltr'>ita,</span> <span class='ocrx_word' id='word_1_154' title='bbox 1344 965 1392 1005; x_wconf 89' lang='lat' dir='ltr'>ut</span> <span class='ocrx_word' id='word_1_155' title='bbox 1415 964 1554 1005; x_wconf 85' lang='lat' dir='ltr'>solum</span> <span class='ocrx_word' id='word_1_156' title='bbox 1588 962 1769 1004; x_wconf 87' lang='lat' dir='ltr'>docendi</span> <span class='ocrx_word' id='word_1_157' title='bbox 1801 976 1954 1003; x_wconf 87' lang='lat' dir='ltr'>munus</span> 
     </span>
     <span class='ocr_line' id='line_1_57' title="bbox 836 1028 1366 1082; baseline 0.002 -13"><span class='ocrx_word' id='word_1_158' title='bbox 836 1028 1058 1070; x_wconf 80' lang='lat' dir='ltr'>retineant</span> <span class='ocrx_word' id='word_1_159' title='bbox 1091 1028 1214 1082; x_wconf 53' lang='lat'>(4055</span> <span class='ocrx_word' id='word_1_160' title='bbox 1249 1029 1366 1082; x_wconf 84' lang='grc'><strong>560).</strong></span> 
     </span>
    </p>

    <p class='ocr_par' dir='ltr' id='par_1_41' title="bbox 778 1096 1954 1142">
     <span class='ocr_line' id='line_1_58' title="bbox 778 1096 1954 1142; baseline -0.001 -11"><span class='ocrx_word' id='word_1_161' title='bbox 778 1096 814 1131; x_wconf 86' lang='lat' dir='ltr'>C.</span> <span class='ocrx_word' id='word_1_162' title='bbox 851 1097 887 1131; x_wconf 89' lang='lat' dir='ltr'>in</span> <span class='ocrx_word' id='word_1_163' title='bbox 923 1097 1070 1132; x_wconf 86' lang='lat' dir='ltr'>aedibus</span> <span class='ocrx_word' id='word_1_164' title='bbox 1109 1097 1300 1132; x_wconf 83' lang='lat' dir='ltr'>Societatis</span> <span class='ocrx_word' id='word_1_165' title='bbox 1338 1098 1561 1142; x_wconf 79' lang='lat' dir='ltr'>professores</span> <span class='ocrx_word' id='word_1_166' title='bbox 1599 1097 1785 1131; x_wconf 80' lang='lat' dir='ltr'>facultatis</span> <span class='ocrx_word' id='word_1_167' title='bbox 1824 1097 1954 1131; x_wconf 81' lang='lat' dir='ltr'>artium</span> 
     </span>
    </p>
   </div>
   <div class='ocr_carea' id='block_1_39' title="bbox 758 1151 1952 1248">
    <p class='ocr_par' dir='ltr' id='par_1_42' title="bbox 758 1151 1952 1248">
     <span class='ocr_line' id='line_1_59' title="bbox 836 1151 1501 1195; baseline 0.002 -11"><span class='ocrx_word' id='word_1_168' title='bbox 836 1151 1048 1195; x_wconf 76' lang='lat' dir='ltr'>praecipuos</span> <span class='ocrx_word' id='word_1_169' title='bbox 1078 1163 1187 1185; x_wconf 83' lang='lat' dir='ltr'>cenae</span> <span class='ocrx_word' id='word_1_170' title='bbox 1214 1151 1360 1185; x_wconf 84' lang='lat' dir='ltr'>adhibet</span> <span class='ocrx_word' id='word_1_171' title='bbox 1387 1151 1501 1195; x_wconf 90' lang='lat'>(561).</span> 
     </span>
     <span class='ocr_line' id='line_1_60' title="bbox 758 1204 1952 1248; baseline -0.002 -9"><span class='ocrx_word' id='word_1_172' title='bbox 758 1204 837 1239; x_wconf 31' lang='lat' dir='ltr'>sAd</span> <span class='ocrx_word' id='word_1_173' title='bbox 868 1205 989 1239; x_wconf 84' lang='lat' dir='ltr'>Socios</span> <span class='ocrx_word' id='word_1_174' title='bbox 1027 1216 1151 1238; x_wconf 83' lang='lat' dir='ltr'>sacras</span> <span class='ocrx_word' id='word_1_175' title='bbox 1189 1205 1458 1238; x_wconf 78' lang='lat' dir='ltr'>exhortationes</span> <span class='ocrx_word' id='word_1_176' title='bbox 1497 1205 1605 1238; x_wconf 82' lang='lat' dir='ltr'>habet</span> <span class='ocrx_word' id='word_1_177' title='bbox 1643 1215 1835 1248; x_wconf 83' lang='lat' dir='ltr'>eorumque</span> <span class='ocrx_word' id='word_1_178' title='bbox 1874 1215 1952 1237; x_wconf 86' lang='lat' dir='ltr'>con-</span> 
     </span>
    </p>
   </div>
   <div class='ocr_carea' id='block_1_40' title="bbox 777 1257 1952 1853">
    <p class='ocr_par' dir='ltr' id='par_1_43' title="bbox 836 1257 1603 1303">
     <span class='ocr_line' id='line_1_61' title="bbox 836 1257 1603 1303; baseline 0 -12"><span class='ocrx_word' id='word_1_179' title='bbox 836 1257 1013 1292; x_wconf 84' lang='lat' dir='ltr'>fessiones</span> <span class='ocrx_word' id='word_1_180' title='bbox 1039 1258 1228 1301; x_wconf 77' lang='lat' dir='ltr'>generales</span> <span class='ocrx_word' id='word_1_181' title='bbox 1254 1258 1388 1303; x_wconf 81' lang='lat' dir='ltr'>excipit</span> <span class='ocrx_word' id='word_1_182' title='bbox 1418 1257 1478 1301; x_wconf 83' lang='lat'>(48</span> <span class='ocrx_word' id='word_1_183' title='bbox 1505 1258 1603 1299; x_wconf 82' lang='lat'>562).</span> 
     </span>
    </p>

    <p class='ocr_par' dir='ltr' id='par_1_44' title="bbox 777 1309 1952 1410">
     <span class='ocr_line' id='line_1_62' title="bbox 777 1309 1952 1356; baseline -0.001 -12"><span class='ocrx_word' id='word_1_184' title='bbox 777 1310 878 1345; x_wconf 88' lang='lat' dir='ltr'>Dom.</span> <span class='ocrx_word' id='word_1_185' title='bbox 906 1311 1020 1346; x_wconf 87' lang='lat' dir='ltr'>XVII.</span> <span class='ocrx_word' id='word_1_186' title='bbox 1053 1315 1135 1356; x_wconf 83' lang='lat' dir='ltr'>post</span> <span class='ocrx_word' id='word_1_187' title='bbox 1169 1312 1271 1346; x_wconf 86' lang='lat' dir='ltr'>Pent.</span> <span class='ocrx_word' id='word_1_188' title='bbox 1308 1311 1401 1345; x_wconf 89' lang='lat' dir='ltr'>Socii</span> <span class='ocrx_word' id='word_1_189' title='bbox 1436 1313 1522 1345; x_wconf 82' lang='lat' dir='ltr'>vota</span> <span class='ocrx_word' id='word_1_190' title='bbox 1556 1310 1726 1355; x_wconf 83' lang='lat' dir='ltr'>religiosa</span> <span class='ocrx_word' id='word_1_191' title='bbox 1761 1321 1880 1344; x_wconf 85' lang='lat' dir='ltr'>coram</span> <span class='ocrx_word' id='word_1_192' title='bbox 1913 1309 1952 1344; x_wconf 90' lang='lat' dir='ltr'>C.</span> 
     </span>
     <span class='ocr_line' id='line_1_63' title="bbox 837 1364 1598 1410; baseline 0.001 -13"><span class='ocrx_word' id='word_1_193' title='bbox 837 1365 1039 1409; x_wconf 83' lang='lat' dir='ltr'>praeposito</span> <span class='ocrx_word' id='word_1_194' title='bbox 1066 1365 1278 1410; x_wconf 83' lang='lat' dir='ltr'>provinciali</span> <span class='ocrx_word' id='word_1_195' title='bbox 1305 1367 1479 1398; x_wconf 77' lang='lat' dir='ltr'>renovant</span> <span class='ocrx_word' id='word_1_196' title='bbox 1508 1364 1598 1407; x_wconf 80' lang='lat'>(48).</span> 
     </span>
    </p>

    <p class='ocr_par' dir='ltr' id='par_1_45' title="bbox 777 1423 1952 1738">
     <span class='ocr_line' id='line_1_64' title="bbox 777 1423 1952 1478; baseline -0.002 -12"><span class='ocrx_word' id='word_1_197' title='bbox 777 1424 820 1467; x_wconf 82' lang='lat' dir='ltr'>C.</span> <span class='ocrx_word' id='word_1_198' title='bbox 865 1424 1122 1478; x_wconf 72' lang='lat' dir='ltr'>Eystadium</span> <span class='ocrx_word' id='word_1_199' title='bbox 1167 1426 1241 1477; x_wconf 85' lang='lat' dir='ltr'>(ad</span> <span class='ocrx_word' id='word_1_200' title='bbox 1283 1439 1428 1467; x_wconf 81' lang='lat' dir='ltr'>arcem</span> <span class='ocrx_word' id='word_1_201' title='bbox 1473 1425 1514 1468; x_wconf 88' lang='lat' dir='ltr'>S.</span> <span class='ocrx_word' id='word_1_202' title='bbox 1549 1423 1807 1477; x_wconf 80' lang='lat' dir='ltr'>Willibaldi)</span> <span class='ocrx_word' id='word_1_203' title='bbox 1851 1437 1952 1477; x_wconf 87' lang='lat' dir='ltr'>pro-</span> 
     </span>
     <span class='ocr_line' id='line_1_65' title="bbox 835 1488 1952 1542; baseline -0.002 -11"><span class='ocrx_word' id='word_1_204' title='bbox 835 1490 1065 1541; x_wconf 80' lang='lat' dir='ltr'>ficiscitur3</span> <span class='ocrx_word' id='word_1_205' title='bbox 1100 1505 1195 1532; x_wconf 88' lang='lat' dir='ltr'>cum</span> <span class='ocrx_word' id='word_1_206' title='bbox 1228 1491 1418 1533; x_wconf 87' lang='lat' dir='ltr'>Martino</span> <span class='ocrx_word' id='word_1_207' title='bbox 1452 1491 1504 1532; x_wconf 83' lang='lat' dir='ltr'>de</span> <span class='ocrx_word' id='word_1_208' title='bbox 1535 1490 1830 1542; x_wconf 82' lang='lat' dir='ltr'>Schaumberg</span> <span class='ocrx_word' id='word_1_209' title='bbox 1862 1488 1952 1542; x_wconf 88' lang='lat' dir='ltr'>epi-</span> 
     </span>
     <span class='ocr_line' id='line_1_66' title="bbox 836 1554 1952 1609; baseline -0.001 -13"><span class='ocrx_word' id='word_1_210' title='bbox 836 1569 965 1609; x_wconf 86' lang='lat' dir='ltr'>scopo</span> <span class='ocrx_word' id='word_1_211' title='bbox 989 1557 1033 1598; x_wconf 92' lang='lat' dir='ltr'>et</span> <span class='ocrx_word' id='word_1_212' title='bbox 1056 1556 1357 1598; x_wconf 80' lang='lat' dir='ltr'>universitatis</span> <span class='ocrx_word' id='word_1_213' title='bbox 1381 1555 1639 1597; x_wconf 81' lang='lat' dir='ltr'>cancellario</span> <span class='ocrx_word' id='word_1_214' title='bbox 1664 1555 1716 1596; x_wconf 90' lang='lat' dir='ltr'>de</span> <span class='ocrx_word' id='word_1_215' title='bbox 1735 1554 1835 1596; x_wconf 83' lang='lat' dir='ltr'>fidei</span> <span class='ocrx_word' id='word_1_216' title='bbox 1851 1568 1952 1608; x_wconf 86' lang='lat' dir='ltr'>pro-</span> 
     </span>
     <span class='ocr_line' id='line_1_67' title="bbox 834 1619 1950 1668; baseline -0.002 -7"><span class='ocrx_word' id='word_1_217' title='bbox 834 1620 1022 1662; x_wconf 86' lang='lat' dir='ltr'>fessione</span> <span class='ocrx_word' id='word_1_218' title='bbox 1040 1620 1277 1663; x_wconf 80' lang='lat' dir='ltr'>tridentina</span> <span class='ocrx_word' id='word_1_219' title='bbox 1290 1621 1333 1663; x_wconf 89' lang='lat' dir='ltr'>in</span> <span class='ocrx_word' id='word_1_220' title='bbox 1350 1620 1681 1662; x_wconf 79' lang='lat' dir='ltr'>universitatem</span> <span class='ocrx_word' id='word_1_221' title='bbox 1694 1619 1950 1668; x_wconf 80' lang='lat' dir='ltr'>inducenda,</span> 
     </span>
     <span class='ocr_line' id='line_1_68' title="bbox 834 1685 1760 1738; baseline 0 -12"><span class='ocrx_word' id='word_1_222' title='bbox 834 1686 961 1727; x_wconf 83' lang='lat' dir='ltr'>Bulla</span> <span class='ocrx_word' id='word_1_223' title='bbox 984 1686 1164 1736; x_wconf 77' lang='lat' dir='ltr'>Coenac,</span> <span class='ocrx_word' id='word_1_224' title='bbox 1189 1686 1465 1728; x_wconf 85' lang='lat' dir='ltr'>confessariis</span> <span class='ocrx_word' id='word_1_225' title='bbox 1489 1685 1581 1738; x_wconf 81' lang='lat' dir='ltr'>agit</span> <span class='ocrx_word' id='word_1_226' title='bbox 1604 1685 1760 1737; x_wconf 68' lang='lat' dir='ltr'>(45s‘7).</span> 
     </span>
    </p>

    <p class='ocr_par' dir='ltr' id='par_1_46' title="bbox 779 1754 1950 1853">
     <span class='ocr_line' id='line_1_69' title="bbox 779 1754 1950 1799; baseline -0.002 -11"><span class='ocrx_word' id='word_1_227' title='bbox 779 1756 912 1788; x_wconf 77' lang='lat' dir='ltr'>Terrae</span> <span class='ocrx_word' id='word_1_228' title='bbox 953 1756 1160 1789; x_wconf 55' lang='lat' dir='ltr'>ruthenia-ae</span> <span class='ocrx_word' id='word_1_229' title='bbox 1193 1757 1336 1799; x_wconf 64' lang='lat' dir='ltr'>(Reuss)</span> <span class='ocrx_word' id='word_1_230' title='bbox 1372 1757 1531 1789; x_wconf 73' lang='lat' dir='ltr'>ministri</span> <span class='ocrx_word' id='word_1_231' title='bbox 1566 1756 1747 1788; x_wconf 71' lang='lat' dir='ltr'>lutherani</span> <span class='ocrx_word' id='word_1_232' title='bbox 1784 1754 1950 1798; x_wconf 82' lang='lat' dir='ltr'>„Confes-</span> 
     </span>
     <span class='ocr_line' id='line_1_70' title="bbox 832 1808 1946 1853; baseline -0.003 -11"><span class='ocrx_word' id='word_1_233' title='bbox 832 1808 986 1843; x_wconf 80' lang='lat' dir='ltr'>sioncm“</span> <span class='ocrx_word' id='word_1_234' title='bbox 1024 1811 1178 1853; x_wconf 68' lang='lat' dir='ltr'>milqant,</span> <span class='ocrx_word' id='word_1_235' title='bbox 1219 1812 1255 1842; x_wconf 72' lang='lat' dir='ltr'>iti</span> <span class='ocrx_word' id='word_1_236' title='bbox 1290 1821 1360 1853; x_wconf 76' lang='lat' dir='ltr'>qua</span> <span class='ocrx_word' id='word_1_237' title='bbox 1395 1820 1478 1843; x_wconf 74' lang='lat' dir='ltr'>suos</span> <span class='ocrx_word' id='word_1_238' title='bbox 1506 1809 1718 1842; x_wconf 63' lang='lat' dir='ltr'>vehementer</span> <span class='ocrx_word' id='word_1_239' title='bbox 1743 1808 1946 1848; x_wconf 79' lang='lat' dir='ltr'>hortantur,</span> 
     </span>
    </p>
   </div>
   <div class='ocr_carea' id='block_1_41' title="bbox 775 1861 1847 1961">
    <p class='ocr_par' dir='ltr' id='par_1_47' title="bbox 775 1861 1847 1961">
     <span class='ocr_line' id='line_1_71' title="bbox 834 1861 1847 1906; baseline 0 -11"><span class='ocrx_word' id='word_1_240' title='bbox 834 1868 871 1896; x_wconf 74' lang='lat' dir='ltr'>ut</span> <span class='ocrx_word' id='word_1_241' title='bbox 897 1874 918 1895; x_wconf 84' lang='grc' dir='ltr'><em>α</em></span> <span class='ocrx_word' id='word_1_242' title='bbox 947 1863 1145 1906; x_wconf 74' lang='lat' dir='ltr'>blasphemo</span> <span class='ocrx_word' id='word_1_243' title='bbox 1174 1864 1233 1896; x_wconf 84' lang='lat' dir='ltr'>illo</span> <span class='ocrx_word' id='word_1_244' title='bbox 1263 1863 1299 1896; x_wconf 83' lang='lat' dir='ltr'>C.</span> <span class='ocrx_word' id='word_1_245' title='bbox 1328 1863 1533 1896; x_wconf 72' lang='lat' dir='ltr'>catechismo</span> <span class='ocrx_word' id='word_1_246' title='bbox 1561 1867 1703 1895; x_wconf 71' lang='lat' dir='ltr'>caveant</span> <span class='ocrx_word' id='word_1_247' title='bbox 1732 1861 1847 1904; x_wconf 83' lang='lat'>(657).</span> 
     </span>
     <span class='ocr_line' id='line_1_72' title="bbox 775 1913 1708 1961; baseline -0.001 -12"><span class='ocrx_word' id='word_1_248' title='bbox 775 1915 811 1950; x_wconf 87' lang='lat' dir='ltr'>C.</span> <span class='ocrx_word' id='word_1_249' title='bbox 839 1913 1068 1961; x_wconf 81' lang='lat' dir='ltr'>Ingolstadio</span> <span class='ocrx_word' id='word_1_250' title='bbox 1095 1916 1334 1960; x_wconf 75' lang='lat' dir='ltr'>proficiscitur</span> <span class='ocrx_word' id='word_1_251' title='bbox 1360 1915 1586 1949; x_wconf 80' lang='lat' dir='ltr'>Monachium</span> <span class='ocrx_word' id='word_1_252' title='bbox 1617 1915 1708 1959; x_wconf 83' lang='lat'>(48).</span> 
     </span>
    </p>
   </div>
   <div class='ocr_carea' id='block_1_42' title="bbox 761 448 763 470">
    <p class='ocr_par' dir='ltr' id='par_1_48' title="bbox 761 448 763 470">
     <span class='ocr_line' id='line_1_73' title="bbox 761 448 763 470; baseline 0 0"><span class='ocrx_word' id='word_1_253' title='bbox 761 448 763 470; x_wconf 62' lang='lat' dir='ltr'>l</span> 
     </span>
    </p>
   </div>
   <div class='ocr_carea' id='block_1_43' title="bbox 754 212 765 1984">
    <p class='ocr_par' dir='ltr' id='par_1_49' title="bbox 754 212 765 1984">
     <span class='ocr_line' id='line_1_74' title="bbox 754 212 765 1984; baseline 0 0"><span class='ocrx_word' id='word_1_254' title='bbox 754 212 765 1984; x_wconf 95' lang='lat' dir='ltr'> </span> 
     </span>
    </p>
   </div>
   <div class='ocr_carea' id='block_1_44' title="bbox 753 2014 1949 2260">
    <p class='ocr_par' dir='ltr' id='par_1_50' title="bbox 753 2014 1949 2147">
     <span class='ocr_line' id='line_1_75' title="bbox 753 2014 1949 2082; baseline -0.002 -12"><span class='ocrx_word' id='word_1_255' title='bbox 753 2014 985 2071; x_wconf 69' lang='lat' dir='ltr'>&#39;Monachii</span> <span class='ocrx_word' id='word_1_256' title='bbox 1027 2028 1256 2082; x_wconf 76' lang='lat' dir='ltr'>collegium</span> <span class='ocrx_word' id='word_1_257' title='bbox 1300 2028 1531 2071; x_wconf 71' lang='lat' dir='ltr'>Societatis</span> <span class='ocrx_word' id='word_1_258' title='bbox 1575 2028 1754 2070; x_wconf 66' lang='lat' dir='ltr'>visitare</span> <span class='ocrx_word' id='word_1_259' title='bbox 1798 2027 1949 2082; x_wconf 73' lang='lat' dir='ltr'>incipit:</span> 
     </span>
     <span class='ocr_line' id='line_1_76' title="bbox 833 2094 940 2147; baseline 0 -11"><span class='ocrx_word' id='word_1_260' title='bbox 833 2094 940 2147; x_wconf 82' lang='lat'>(65).</span> 
     </span>
    </p>

    <p class='ocr_par' dir='ltr' id='par_1_51' title="bbox 775 2163 1948 2260">
     <span class='ocr_line' id='line_1_77' title="bbox 775 2163 1948 2208; baseline -0.002 -10"><span class='ocrx_word' id='word_1_261' title='bbox 775 2165 982 2198; x_wconf 75' lang='lat' dir='ltr'>Catechismi</span> <span class='ocrx_word' id='word_1_262' title='bbox 1016 2165 1172 2198; x_wconf 78' lang='lat' dir='ltr'>Romani</span> <span class='ocrx_word' id='word_1_263' title='bbox 1206 2165 1399 2198; x_wconf 75' lang='lat' dir='ltr'>versionem</span> <span class='ocrx_word' id='word_1_264' title='bbox 1431 2165 1674 2208; x_wconf 70' lang='lat' dir='ltr'>qermanicczm</span> <span class='ocrx_word' id='word_1_265' title='bbox 1709 2174 1730 2207; x_wconf 74' lang='grc' dir='ltr'><em>ᾳ</em></span> <span class='ocrx_word' id='word_1_266' title='bbox 1766 2164 1805 2197; x_wconf 91' lang='lat' dir='ltr'>P.</span> <span class='ocrx_word' id='word_1_267' title='bbox 1833 2163 1948 2196; x_wconf 79' lang='lat' dir='ltr'>Paulo</span> 
     </span>
     <span class='ocr_line' id='line_1_78' title="bbox 830 2216 1680 2260; baseline -0.001 -8"><span class='ocrx_word' id='word_1_268' title='bbox 830 2219 981 2260; x_wconf 79' lang='lat' dir='ltr'>Hoffaeo</span> <span class='ocrx_word' id='word_1_269' title='bbox 1006 2220 1140 2260; x_wconf 73' lang='lat' dir='ltr'>factam</span> <span class='ocrx_word' id='word_1_270' title='bbox 1167 2229 1409 2260; x_wconf 69' lang='lat' dir='ltr'>recoynosccre</span> <span class='ocrx_word' id='word_1_271' title='bbox 1434 2219 1559 2260; x_wconf 73' lang='lat' dir='ltr'>incipit</span> <span class='ocrx_word' id='word_1_272' title='bbox 1588 2216 1680 2260; x_wconf 85' lang='grc'><strong>(48).</strong></span> 
     </span>
    </p>
   </div>
   <div class='ocr_carea' id='block_1_45' title="bbox 750 2258 1946 2335">
    <p class='ocr_par' dir='ltr' id='par_1_52' title="bbox 750 2258 1946 2335">
     <span class='ocr_line' id='line_1_79' title="bbox 750 2258 1946 2335; baseline -0.002 -25"><span class='ocrx_word' id='word_1_273' title='bbox 750 2258 959 2335; x_wconf 45' lang='lat' dir='ltr'>{Monachio</span> <span class='ocrx_word' id='word_1_274' title='bbox 985 2278 1029 2310; x_wconf 85' lang='lat' dir='ltr'>ad</span> <span class='ocrx_word' id='word_1_275' title='bbox 1057 2276 1089 2311; x_wconf 89' lang='lat' dir='ltr'>S.</span> <span class='ocrx_word' id='word_1_276' title='bbox 1110 2277 1341 2311; x_wconf 84' lang='lat' dir='ltr'>Franciscum</span> <span class='ocrx_word' id='word_1_277' title='bbox 1368 2277 1537 2320; x_wconf 82' lang='lat' dir='ltr'>Borgiam</span> <span class='ocrx_word' id='word_1_278' title='bbox 1573 2275 1814 2321; x_wconf 82' lang='lat' dir='ltr'>praepositum</span> <span class='ocrx_word' id='word_1_279' title='bbox 1842 2286 1946 2318; x_wconf 86' lang='lat' dir='ltr'>gene-</span> 
     </span>
    </p>
   </div>
   <div class='ocr_carea' id='block_1_46' title="bbox 750 2328 1947 2540">
    <p class='ocr_par' dir='ltr' id='par_1_53' title="bbox 750 2328 1945 2389">
     <span class='ocr_line' id='line_1_80' title="bbox 750 2328 1945 2389; baseline -0.002 -26"><span class='ocrx_word' id='word_1_280' title='bbox 750 2363 751 2389; x_wconf 28' lang='lat'><em>*</em></span> <span class='ocrx_word' id='word_1_281' title='bbox 829 2329 941 2363; x_wconf 85' lang='lat' dir='ltr'>ralem</span> <span class='ocrx_word' id='word_1_282' title='bbox 968 2330 1108 2364; x_wconf 78' lang='lat' dir='ltr'>littei-as</span> <span class='ocrx_word' id='word_1_283' title='bbox 1135 2330 1206 2372; x_wconf 86' lang='lat' dir='ltr'>dat,</span> <span class='ocrx_word' id='word_1_284' title='bbox 1234 2331 1363 2374; x_wconf 87' lang='lat' dir='ltr'>quibus</span> <span class='ocrx_word' id='word_1_285' title='bbox 1383 2331 1412 2364; x_wconf 87' lang='lat' dir='ltr'>ei</span> <span class='ocrx_word' id='word_1_286' title='bbox 1433 2330 1658 2364; x_wconf 84' lang='lat' dir='ltr'>commendat</span> <span class='ocrx_word' id='word_1_287' title='bbox 1676 2330 1710 2364; x_wconf 88' lang='lat' dir='ltr'>S.</span> <span class='ocrx_word' id='word_1_288' title='bbox 1726 2328 1945 2364; x_wconf 84' lang='lat' dir='ltr'>Stanislaum</span> 
     </span>
    </p>

    <p class='ocr_par' dir='ltr' id='par_1_54' title="bbox 750 2381 1947 2540">
     <span class='ocr_line' id='line_1_81' title="bbox 829 2381 1943 2425; baseline -0.001 -9"><span class='ocrx_word' id='word_1_289' title='bbox 829 2383 1005 2417; x_wconf 83' lang='lat' dir='ltr'>Kostkam</span> <span class='ocrx_word' id='word_1_290' title='bbox 1033 2383 1181 2417; x_wconf 85' lang='lat' dir='ltr'>Romam</span> <span class='ocrx_word' id='word_1_291' title='bbox 1221 2384 1317 2425; x_wconf 86' lang='lat' dir='ltr'>(cum</span> <span class='ocrx_word' id='word_1_292' title='bbox 1351 2383 1487 2417; x_wconf 85' lang='lat' dir='ltr'>duobus</span> <span class='ocrx_word' id='word_1_293' title='bbox 1514 2382 1703 2416; x_wconf 87' lang='lat' dir='ltr'>Societatis</span> <span class='ocrx_word' id='word_1_294' title='bbox 1738 2381 1943 2424; x_wconf 87' lang='lat' dir='ltr'>iuvenibus)</span> 
     </span>
     <span class='ocr_line' id='line_1_82' title="bbox 750 2435 1947 2531; baseline -0.003 -60"><span class='ocrx_word' id='word_1_295' title='bbox 750 2475 751 2511; x_wconf 32' lang='grc'>1</span> <span class='ocrx_word' id='word_1_296' title='bbox 829 2437 1125 2531; x_wconf 51' lang='grc' dir='ltr'>ῗὲξξὶοίεοθηῐθω,</span> <span class='ocrx_word' id='word_1_297' title='bbox 1159 2440 1199 2471; x_wconf 87' lang='lat' dir='ltr'>ut</span> <span class='ocrx_word' id='word_1_298' title='bbox 1223 2437 1259 2471; x_wconf 89' lang='lat' dir='ltr'>in</span> <span class='ocrx_word' id='word_1_299' title='bbox 1285 2437 1490 2471; x_wconf 85' lang='lat' dir='ltr'>tirocinium</span> <span class='ocrx_word' id='word_1_300' title='bbox 1514 2436 1707 2470; x_wconf 83' lang='lat' dir='ltr'>Societatis</span> <span class='ocrx_word' id='word_1_301' title='bbox 1733 2435 1947 2470; x_wconf 84' lang='lat' dir='ltr'>admittatur</span> 
     </span>
     <span class='ocr_line' id='line_1_83' title="bbox 750 2512 925 2540; baseline 0 -16"><span class='ocrx_word' id='word_1_302' title='bbox 750 2513 751 2540; x_wconf 22' lang='grc' dir='ltr'><strong>χ</strong></span> <span class='ocrx_word' id='word_1_303' title='bbox 875 2512 882 2521; x_wconf 79' lang='lat'>.</span> <span class='ocrx_word' id='word_1_304' title='bbox 918 2517 925 2524; x_wconf 92' lang='lat'>.</span> 
     </span>
    </p>
   </div>
   <div class='ocr_carea' id='block_1_47' title="bbox 750 2541 1944 2600">
    <p class='ocr_par' dir='ltr' id='par_1_55' title="bbox 750 2541 1944 2600">
     <span class='ocr_line' id='line_1_84' title="bbox 750 2541 1944 2600; baseline -0.002 -24"><span class='ocrx_word' id='word_1_305' title='bbox 750 2542 958 2600; x_wconf 17' lang='lat' dir='ltr'>gMonachio</span> <span class='ocrx_word' id='word_1_306' title='bbox 975 2542 1158 2587; x_wconf 83' lang='lat' dir='ltr'>Dilingam</span> <span class='ocrx_word' id='word_1_307' title='bbox 1184 2544 1391 2584; x_wconf 81' lang='lat' dir='ltr'>accersitus,</span> <span class='ocrx_word' id='word_1_308' title='bbox 1419 2543 1512 2576; x_wconf 86' lang='lat' dir='ltr'>redit</span> <span class='ocrx_word' id='word_1_309' title='bbox 1534 2541 1739 2587; x_wconf 68' lang='lat' dir='ltr'>Augustam</span> <span class='ocrx_word' id='word_1_310' title='bbox 1767 2541 1845 2585; x_wconf 82' lang='grc' dir='ltr'>(82ι</span> <span class='ocrx_word' id='word_1_311' title='bbox 1870 2541 1944 2584; x_wconf 87' lang='grc'><strong>84).</strong></span> 
     </span>
    </p>
   </div>
   <div class='ocr_carea' id='block_1_48' title="bbox 749 2647 1943 2746">
    <p class='ocr_par' dir='ltr' id='par_1_56' title="bbox 749 2647 1943 2746">
     <span class='ocr_line' id='line_1_85' title="bbox 768 2647 1943 2693; baseline -0.001 -11"><span class='ocrx_word' id='word_1_312' title='bbox 768 2650 956 2691; x_wconf 78' lang='lat' dir='ltr'>Augustae</span> <span class='ocrx_word' id='word_1_313' title='bbox 983 2649 1104 2683; x_wconf 79' lang='lat' dir='ltr'>Socios</span> <span class='ocrx_word' id='word_1_314' title='bbox 1139 2661 1184 2683; x_wconf 83' lang='lat' dir='ltr'>ex</span> <span class='ocrx_word' id='word_1_315' title='bbox 1219 2649 1324 2684; x_wconf 84' lang='lat' dir='ltr'>Italia</span> <span class='ocrx_word' id='word_1_316' title='bbox 1354 2649 1484 2684; x_wconf 80' lang='lat' dir='ltr'>missos</span> <span class='ocrx_word' id='word_1_317' title='bbox 1511 2648 1645 2693; x_wconf 81' lang='lat' dir='ltr'>excipit</span> <span class='ocrx_word' id='word_1_318' title='bbox 1679 2650 1716 2681; x_wconf 81' lang='lat' dir='ltr'>et</span> <span class='ocrx_word' id='word_1_319' title='bbox 1741 2659 1803 2693; x_wconf 87' lang='lat' dir='ltr'>per</span> <span class='ocrx_word' id='word_1_320' title='bbox 1829 2647 1943 2682; x_wconf 86' lang='lat' dir='ltr'>Socie-</span> 
     </span>
     <span class='ocr_line' id='line_1_86' title="bbox 749 2702 1406 2746; baseline 0 -10"><span class='ocrx_word' id='word_1_321' title='bbox 749 2703 750 2706; x_wconf 72' lang='grc'>’</span> <span class='ocrx_word' id='word_1_322' title='bbox 825 2703 915 2736; x_wconf 70' lang='lat' dir='ltr'>tatis</span> <span class='ocrx_word' id='word_1_323' title='bbox 941 2702 1064 2737; x_wconf 83' lang='lat' dir='ltr'>domos</span> <span class='ocrx_word' id='word_1_324' title='bbox 1090 2702 1274 2737; x_wconf 84' lang='lat' dir='ltr'>distribuit</span> <span class='ocrx_word' id='word_1_325' title='bbox 1301 2703 1406 2746; x_wconf 83' lang='lat'>(82¹).</span> 
     </span>
    </p>
   </div>
   <div class='ocr_carea' id='block_1_49' title="bbox 748 2750 1245 2816">
    <p class='ocr_par' dir='ltr' id='par_1_57' title="bbox 748 2750 1245 2816">
     <span class='ocr_line' id='line_1_87' title="bbox 748 2750 1245 2816; baseline 0.004 -21"><span class='ocrx_word' id='word_1_326' title='bbox 748 2750 954 2816; x_wconf 22' lang='lat' dir='ltr'>{Dilingam</span> <span class='ocrx_word' id='word_1_327' title='bbox 980 2762 1127 2796; x_wconf 79' lang='lat' dir='ltr'>advenit</span> <span class='ocrx_word' id='word_1_328' title='bbox 1155 2762 1245 2805; x_wconf 83' lang='lat'>(73).</span> 
     </span>
    </p>
   </div>
   <div class='ocr_carea' id='block_1_50' title="bbox 772 2818 1944 2969">
    <p class='ocr_par' dir='ltr' id='par_1_58' title="bbox 772 2818 1944 2969">
     <span class='ocr_line' id='line_1_88' title="bbox 772 2818 1944 2865; baseline 0 -13"><span class='ocrx_word' id='word_1_329' title='bbox 772 2820 1002 2853; x_wconf 71' lang='lat' dir='ltr'>Tilenmnnus</span> <span class='ocrx_word' id='word_1_330' title='bbox 1028 2821 1226 2854; x_wconf 76' lang='lat' dir='ltr'>Heshusius</span> <span class='ocrx_word' id='word_1_331' title='bbox 1260 2823 1299 2854; x_wconf 78' lang='lat' dir='ltr'>in</span> <span class='ocrx_word' id='word_1_332' title='bbox 1327 2821 1568 2865; x_wconf 75' lang='lat' dir='ltr'>„Gratiarum</span> <span class='ocrx_word' id='word_1_333' title='bbox 1597 2818 1753 2854; x_wconf 80' lang='lat' dir='ltr'>actione“</span> <span class='ocrx_word' id='word_1_334' title='bbox 1781 2820 1944 2853; x_wconf 67' lang='lat' dir='ltr'>Basizeae</span> 
     </span>
     <span class='ocr_line' id='line_1_89' title="bbox 827 2874 1943 2917; baseline 0 -11"><span class='ocrx_word' id='word_1_335' title='bbox 827 2885 849 2906; x_wconf 84' lang='lat' dir='ltr'><strong><em>a</em></strong></span> <span class='ocrx_word' id='word_1_336' title='bbox 873 2884 909 2905; x_wconf 78' lang='lat' dir='ltr'>sc</span> <span class='ocrx_word' id='word_1_337' title='bbox 934 2874 1075 2917; x_wconf 68' lang='lat' dir='ltr'>ralyatct</span> <span class='ocrx_word' id='word_1_338' title='bbox 1107 2875 1141 2907; x_wconf 81' lang='lat' dir='ltr'>C.</span> <span class='ocrx_word' id='word_1_339' title='bbox 1169 2876 1311 2917; x_wconf 75' lang='lat' dir='ltr'>eiusque</span> <span class='ocrx_word' id='word_1_340' title='bbox 1337 2874 1543 2907; x_wconf 76' lang='lat' dir='ltr'>catechismo</span> <span class='ocrx_word' id='word_1_341' title='bbox 1578 2875 1751 2907; x_wconf 80' lang='lat' dir='ltr'>inridiam</span> <span class='ocrx_word' id='word_1_342' title='bbox 1787 2874 1943 2915; x_wconf 71' lang='lat' dir='ltr'>conflare</span> 
     </span>
     <span class='ocr_line' id='line_1_90' title="bbox 827 2926 1122 2969; baseline 0.01 -11"><span class='ocrx_word' id='word_1_343' title='bbox 827 2931 979 2959; x_wconf 79' lang='lat' dir='ltr'>conatur</span> <span class='ocrx_word' id='word_1_344' title='bbox 1008 2926 1122 2969; x_wconf 86' lang='lat'>(718).</span> 
     </span>
    </p>
   </div>
   <div class='ocr_carea' id='block_1_51' title="bbox 747 2986 1941 3030">
    <p class='ocr_par' dir='ltr' id='par_1_59' title="bbox 747 2986 1941 3030">
     <span class='ocr_line' id='line_1_91' title="bbox 747 2986 1941 3030; baseline -0.001 -12"><span class='ocrx_word' id='word_1_345' title='bbox 747 2986 1045 3019; x_wconf 52' lang='lat' dir='ltr'>lMaximilianns</span> <span class='ocrx_word' id='word_1_346' title='bbox 1081 2997 1102 3019; x_wconf 82' lang='grc' dir='ltr'><em>α</em></span> <span class='ocrx_word' id='word_1_347' title='bbox 1134 2987 1258 3030; x_wconf 68' lang='grc' dir='ltr'><em>Βριῃί3</em></span> <span class='ocrx_word' id='word_1_348' title='bbox 1292 2986 1580 3029; x_wconf 68' lang='lat' dir='ltr'>archiepiscopus</span> <span class='ocrx_word' id='word_1_349' title='bbox 1614 2986 1868 3020; x_wconf 73' lang='lat' dir='ltr'>cameracensis</span> <span class='ocrx_word' id='word_1_350' title='bbox 1901 2987 1941 3018; x_wconf 74' lang='lat' dir='ltr'>iii</span> 
     </span>
    </p>
   </div>
   <div class='ocr_carea' id='block_1_52' title="bbox 747 3038 1940 3083">
    <p class='ocr_par' dir='ltr' id='par_1_60' title="bbox 747 3038 1940 3083">
     <span class='ocr_line' id='line_1_92' title="bbox 747 3038 1940 3083; baseline 0.001 -13"><span class='ocrx_word' id='word_1_351' title='bbox 747 3041 749 3083; x_wconf 60' lang='lat' dir='ltr'>l</span> <span class='ocrx_word' id='word_1_352' title='bbox 826 3039 959 3081; x_wconf 79' lang='lat' dir='ltr'>synodo</span> <span class='ocrx_word' id='word_1_353' title='bbox 998 3040 1206 3072; x_wconf 74' lang='lat' dir='ltr'>dioecesana</span> <span class='ocrx_word' id='word_1_354' title='bbox 1236 3041 1435 3082; x_wconf 77' lang='lat' dir='ltr'>praecipit,</span> <span class='ocrx_word' id='word_1_355' title='bbox 1476 3044 1513 3072; x_wconf 77' lang='lat' dir='ltr'>ut</span> <span class='ocrx_word' id='word_1_356' title='bbox 1549 3040 1685 3081; x_wconf 74' lang='lat' dir='ltr'>sinyuli</span> <span class='ocrx_word' id='word_1_357' title='bbox 1717 3038 1868 3082; x_wconf 80' lang='lat' dir='ltr'>parochi</span> <span class='ocrx_word' id='word_1_358' title='bbox 1901 3041 1940 3071; x_wconf 76' lang='lat' dir='ltr'>in</span> 
     </span>
    </p>
   </div>
   <div class='ocr_carea' id='block_1_53' title="bbox 746 3086 1687 3135">
    <p class='ocr_par' dir='ltr' id='par_1_61' title="bbox 746 3086 1687 3135">
     <span class='ocr_line' id='line_1_93' title="bbox 746 3086 1687 3135; baseline 0.003 -12"><span class='ocrx_word' id='word_1_359' title='bbox 746 3086 748 3131; x_wconf 61' lang='grc' dir='ltr'>ἒ</span> <span class='ocrx_word' id='word_1_360' title='bbox 826 3091 1030 3125; x_wconf 75' lang='lat' dir='ltr'>bibliotheca</span> <span class='ocrx_word' id='word_1_361' title='bbox 1057 3093 1300 3126; x_wconf 76' lang='lat' dir='ltr'>catechisnmm</span> <span class='ocrx_word' id='word_1_362' title='bbox 1332 3093 1367 3126; x_wconf 81' lang='lat' dir='ltr'>C.</span> <span class='ocrx_word' id='word_1_363' title='bbox 1394 3092 1545 3125; x_wconf 76' lang='lat' dir='ltr'>habeant</span> <span class='ocrx_word' id='word_1_364' title='bbox 1572 3092 1687 3135; x_wconf 84' lang='lat'>(662).</span> 
     </span>
    </p>
   </div>
  </div>
 </body>
</html>
