2044 3335
188 94 269 135 128
554 91 654 126 1536.
683 91 900 135 Α11331131οι13
928 91 1080 126 Canisio.
1132 90 1332 136 Oeniponte
1357 91 1443 126 Dec.
1466 92 1567 127 1567.

305 209 436 243 Exstat
474 211 595 243 autem
633 210 822 252 Augustae
849 209 1117 243 Vindelicorum
1156 209 1191 243 in
1229 209 1376 244 archivo
1415 211 1536 244 curiae
1575 209 1803 255 episcopalis·
1827 209 1951 244 folium

183 266 391 306 separatum
426 262 532 306 idque
559 262 821 307 amplissimum
852 265 888 296 et
914 264 957 296 ad
984 273 1099 306 genus
1131 262 1299 297 foliorum
1324 263 1466 297 illorum
1493 263 1689 308 pertinens,
1722 274 1813 307 quae
1839 263 1952 297 muris

184 315 286 358 affigi
312 319 348 350 et
374 316 417 349 ad
445 327 503 349 res
529 316 809 360 promulgandas
836 316 995 350 adhiberi
1022 315 1158 356 solent;
1194 317 1353 350 continet
1378 317 1533 350 edictum
1560 317 1804 360 germanicum
1831 328 1851 351 a
1877 327 1951 351 car-

185 368 295 402 dinali
325 370 445 403 Ottone
468 370 658 403 Trecelzsess
694 370 862 414 episcopo
889 372 1093 412 augustano
1120 368 1266 413 Dilinga
1292 371 1323 404 7.
1343 369 1558 404 Novembris
1580 371 1667 404 1567
1696 370 1838 404 datum:
1866 369 1951 404 Otto

183 422 250 455 toti
277 422 499 467 episcopatui
525 423 731 467 promulgat
758 424 960 457 versionem
988 423 1230 466 germanicam
1258 422 1379 457 bullae
1405 435 1425 457 a
1452 424 1488 457 S.
1516 424 1580 457 Pio
1608 425 1644 457 V.
1673 423 1784 457 Roma
1812 423 1867 458 16.
1886 422 1951 457 00-

184 474 297 508 tobris
325 475 415 509 1567
443 475 559 517 datae,
595 487 666 520 qua
701 476 759 510 hic
786 476 980 511 iubilaeurn
1007 476 1171 510 omnibus
1198 476 1364 511 fidelibus
1390 477 1493 511 offert
1529 488 1569 510 eo
1596 476 1754 517 consilio,
1789 479 1830 510 ut
1854 476 1952 510 Deus

184 539 297 570 regna
323 528 521 563 christiana
548 530 591 563 ab
618 530 826 569 infidelium,
854 531 916 574 qui
941 530 1012 564 iam
1039 531 1206 573 ingentes
1232 530 1364 574 copias,
1400 530 1556 564 maxime
1582 530 1742 571 navales,
1776 530 1952 564 adversus

185 592 226 615 ea
253 593 381 626 parare
400 582 576 624 dicantur,
603 586 784 628 potestate
812 583 982 617 defendat
1009 585 1044 617 et
1070 584 1105 617 in
1131 583 1201 617 fide
1228 583 1405 618 catholica
1431 586 1623 618 conservet
1649 586 1758 627 atque
1784 583 1953 617 haereses

185 634 229 668 ab
255 634 299 668 iis
326 638 488 676 avertat3
525 638 646 670 monet
672 648 732 671 eos
758 637 879 680 igitur,
907 639 956 677 ut,
990 636 1050 671 ubi
1077 636 1174 670 bulla.
1202 637 1237 670 in
1263 638 1422 681 ipsorum
1449 637 1614 671 notitiam
1641 637 1791 677 venerit,
1827 636 1952 671 diebus

184 687 366 728 Mercurii,
394 689 556 731 Veneris,
592 688 740 724 Sabbati
777 691 936 724 eiusdem
964 690 1023 723 vel
1057 690 1242 734 proximae
1280 689 1525 724 hebdomadae
1560 690 1728 730 ieiunent,
1768 692 1808 723 ut
1845 690 1953 724 simul

184 740 298 775 Deum
338 745 530 787 precentur
568 744 771 788 stipemque
808 743 1026 788 pauperibus
1061 743 1274 786 largiantur,
1314 747 1354 777 ut
1388 743 1574 777 Dominica
1609 743 1783 788 proxima,
1823 743 1951 777 animis

185 795 428 838 poenitentiae
462 799 688 830 sacramento
715 799 822 830 antea
848 796 1024 837 lustratis⁷
1058 807 1196 830 sacram
1225 796 1480 830 eucharistiam
1506 800 1662 830 sumant.
1715 796 1952 831 Confessariis

185 848 350 883 omnibus
384 860 449 894 per
475 849 660 894 episcopos
695 861 780 884 suos
810 850 1019 895 approbatis
1045 852 1263 894 potestatem
1290 849 1352 883 dat
1377 849 1500 884 fideles
1528 850 1669 883 eosdem
1696 849 1855 894 peccatis
1881 861 1951 883 om-

184 902 290 936 nibus
316 904 424 946 atque
450 903 558 936 etiam
586 904 640 943 iis,
668 914 759 947 quae
783 915 846 948 per
864 903 1007 937 Bullam
1027 903 1167 937 000030
1193 905 1380 937 reservata
1406 904 1488 945 sint,
1515 903 1688 944 solvendi,
1720 914 1842 937 omnes
1868 914 1952 947 quo-

185 966 255 999 que
291 967 462 990 censuras
497 967 702 1000 poenasque
737 956 782 990 iis
808 956 1050 996 condonandi3
1087 959 1275 1001 praeterea
1311 956 1573 1000 indulgentiam
1609 956 1806 1001 plenariam
1841 955 1951 997 illam,

185 1020 277 1052 quae
304 1020 396 1043 anno
422 1009 567 1043 iubilaei
594 1010 740 1043 concedi
768 1009 869 1051 solet,
907 1010 1079 1044 concedit.
1133 1009 1321 1054 Episcopis
1348 1010 1532 1055 praecipit,
1569 1013 1609 1044 ut
1635 1011 1670 1044 in
1697 1010 1773 1044 dies
1798 1009 1879 1044 illos
1906 1009 1951 1043 ie-

184 1061 363 1096 iuniorum
389 1062 614 1106 precationes
633 1073 841 1097 communes
861 1065 896 1096 et
913 1063 1198 1108 supplicationes
1217 1063 1295 1097 sive
1314 1063 1559 1107 processiones
1585 1063 1745 1097 indicant
1764 1065 1799 1097 et
1816 1062 1949 1097 bullam

184 1126 248 1160 per
273 1115 449 1160 parochos
484 1116 783 1160 promulgandam
810 1119 947 1150 curent.
999 1116 1111 1150 Addit
1136 1115 1340 1157 cardinalis,
1375 1128 1414 1150 se
1447 1117 1684 1161 praecepisse,
1719 1119 1760 1150 ut
1786 1115 1952 1159 Dilingae

184 1169 350 1214 proxima
375 1168 562 1204 Dominica
587 1169 666 1203 sive
693 1170 725 1203 d.
753 1170 785 1204 9.
813 1169 1028 1204 Novembris
1054 1169 1152 1204 bulla
1178 1181 1241 1214 per
1267 1169 1463 1215 parochum
1489 1170 1790 1215 promulgaretur,
1829 1170 1952 1204 eadem

184 1222 406 1256 hebdomade
441 1222 574 1256 ieiunia
610 1225 645 1256 et
672 1222 956 1268 supplicationes
983 1223 1148 1268 publicae
1174 1223 1462 1264 instituerentur,
1501 1224 1555 1258 16.
1582 1223 1797 1258 Novembris
1823 1222 1952 1268 populo

184 1287 289 1310 sacra
316 1275 535 1310 eucharistia
560 1276 814 1320 praeberetur3
851 1276 959 1310 simul
987 1276 1144 1316 mandat,
1180 1278 1220 1310 ut
1256 1277 1291 1310 in
1327 1276 1480 1311 ecclesia
1508 1276 1707 1311 cathedrali
1743 1279 1778 1310 et
1803 1276 1952 1320 reliquis

185 1328 331 1374 templis
357 1328 490 1363 similia
517 1340 623 1373 quam
650 1329 803 1374 primum
831 1329 932 1364 fiant.

304 1382 435 1416 Mirum
472 1386 536 1423 est,
572 1383 665 1426 quod
699 1382 739 1417 P.
767 1384 952 1417 Martinus
983 1384 1224 1417 Lenbenstaz'n
1260 1383 1401 1426 collegii
1436 1382 1730 1426 ingolstadiensis
1764 1385 1883 1417 rector
1917 1382 1952 1416 in

184 1435 346 1470 *litteris
372 1436 591 1479 Ingolstadio
619 1437 650 1471 5.
669 1436 825 1470 Ianuarii
846 1437 937 1472 1568
964 1437 1008 1470 ad
1036 1437 1069 1471 S.
1090 1437 1320 1471 Franciscum
1345 1436 1511 1479 Borgiam
1540 1437 1633 1470 datis
1659 1436 1728 1470 ait:
1755 1436 1952 1470 Iubilaeum

185 1500 395 1524 concessum
414 1501 493 1523 esse
515 1501 598 1534 „pro
616 1501 701 1532 rege
717 1490 876 1525 Gallia&
899 1490 1042 1533 (Carolo
1061 1490 1131 1531 IX„
1151 1501 1257 1534 quem
1276 1490 1476 1534 Hugonotti
1494 1490 1684 1535 plurimum
1705 1489 1950 1533 affligebant);

183 1542 290 1576 huius
317 1545 414 1576 certe
440 1543 476 1576 in
495 1542 593 1577 bulla
612 1542 738 1583 PiiV.‚
765 1546 805 1577 ut
831 1555 851 1577 a
876 1543 1048 1577 cardinali
1063 1543 1263 1577 Truchsess
1289 1543 1518 1588 promulgata
1536 1546 1601 1584 est,
1628 1543 1727 1577 nulla
1751 1543 1792 1577 fit
1810 1543 1952 1577 mentio.

184 1595 427 1630 Leubenstain
454 1596 542 1630 haec
561 1607 702 1640 quoque
729 1597 858 1631 refert:
886 1596 1099 1640 Ingolstadii
1125 1597 1279 1642 primum
1298 1596 1429 1637 Socios,
1458 1597 1584 1631 deinde
1611 1596 1780 1642 populum
1806 1596 1952 1631 iubilaei

185 1650 342 1692 gratiam
380 1649 449 1683 sibi
483 1661 731 1694 comparasse;
771 1650 848 1684 eius
883 1650 933 1684 rei
970 1662 1079 1685 causa
1114 1650 1170 1684 die
1206 1650 1261 1684 21.
1290 1650 1499 1684 Decembris
1528 1650 1616 1684 1567
1653 1650 1731 1684 sive
1766 1650 1952 1684 Dominica

185 1702 247 1736 IV.
266 1702 457 1736 Adventus
475 1703 543 1737 200
561 1702 724 1736 homines
750 1703 784 1736 in
805 1702 996 1737 Societatis
1015 1703 1167 1737 ecclesia
1194 1703 1239 1737 ad
1262 1714 1421 1737 mensam
1441 1703 1717 1737 eucharisticam
1735 1703 1950 1737 accessisse:

185 1755 298 1789 multo
324 1755 481 1800 plurium
508 1756 753 1790 confessiones
788 1768 808 1790 a
836 1755 949 1791 Sociis
984 1768 1063 1791 esse
1090 1759 1281 1801 exceptas:
1319 1756 1462 1790 illorum
1492 1756 1683 1801 plerosque
1718 1757 1828 1790 totius
1853 1757 1952 1790 vitae

184 1811 334 1853 peccata
370 1820 449 1842 esse
489 1809 672 1843 confessos
710 1809 769 1852 (ex
797 1809 1038 1854 autographo;
1077 1809 1117 1844 G.
1146 1810 1210 1854 Ep.
1238 1809 1286 1843 IX
1319 1809 1343 1844 f.
1375 1808 1487 1852 141b).
1539 1810 1725 1852 Augustae
1759 1809 1951 1843 jubilaeum

185 1862 453 1906 promulgatum
481 1874 558 1896 esse
584 1864 669 1907 puto
696 1863 755 1897 vel
782 1863 836 1897 die
858 1863 912 1897 16.
931 1862 1147 1897 Novembris
1168 1864 1256 1897 1567
1284 1863 1342 1896 vel
1369 1863 1425 1896 die
1452 1863 1518 1903 23„
1546 1874 1637 1907 quae
1664 1865 1741 1897 erat
1767 1863 1950 1897 Dominica

186 1915 313 1949 ultima
339 1918 420 1960 post
447 1915 698 1950 Pentecosten.

306 1980 456 2024 Borgias
483 1980 625 2015 Canisio
651 1981 836 2026 respondit
862 1981 894 2015 3.
921 1981 1078 2015 Ianuarii
1107 1981 1208 2015 1568.

185 2088 337 2125 1536.
436 2091 662 2126 Venerabilis
689 2090 1122 2127 MAGDALENA
1148 2091 1394 2126 archiducissa
1421 2091 1590 2125 Austriae
1617 2090 1817 2125 CANISIO.

783 2144 982 2190 Oeniponte
1008 2145 1074 2179 sub
1100 2145 1234 2179 ineunt.
1263 2145 1320 2178 vel
1346 2144 1438 2179 med.
1465 2156 1511 2178 m.
1538 2144 1772 2178 Decembrem
1801 2145 1901 2180 1567.

303 2209 360 2244 Ex
386 2206 541 2254 epistula
568 2209 610 2243 ad
639 2210 818 2253 Borgiam,
846 2210 889 2244 de
916 2221 985 2254 qua
1012 2210 1115 2251 infra,
1142 2221 1175 2243 n.
1199 2210 1300 2251 1546,
1328 2212 1363 2243 et
1390 2221 1435 2243 ex
1459 2209 1542 2244 Cod.
1562 2209 1713 2252 friburg.
1736 2208 1850 2251 „Hist.
1870 2209 1948 2243 0011.

186 2263 300 2306 Aug.“
334 2263 383 2306 (v.
416 2264 503 2297 Can.
531 2263 563 2296 ΙΙ
590 2264 742 2306 LI—Ln)
771 2275 803 2308 p.
834 2263 886 2297 13.

306 2335 344 2367 P.
373 2335 545 2378 Dyrsietm
575 2335 611 2368 S.
630 2335 666 2368 J.
694 2335 949 2376 confessarium
977 2345 1080 2368 Suum
1106 2335 1232 2367 laudat
1259 2339 1317 2367 etc.

308 2400 477 2433 Canisius
511 2411 532 2432 a
561 2401 598 2434 S.
625 2400 824 2433 Francisco
851 2400 987 2442 Boryia
1016 2399 1201 2432 Societatis
1231 2400 1436 2442 praeposito
1468 2399 1628 2441 generali
1658 2399 1776 2431 iussus
1802 2398 1946 2440 sssayda-

185 2454 301 2485 lenam
327 2457 358 2486 et
386 2454 556 2486 Helenam
581 2453 848 2486 arclciducissas
873 2453 986 2496 ipsius
1010 2454 1152 2485 nomine
1178 2463 1316 2495 rogare,
1354 2457 1389 2484 nt
1415 2452 1631 2495 illaydalena
1652 2462 1723 2494 pro
1748 2452 1787 2484 P.
1816 2452 1950 2485 Ioanne

186 2506 331 2547 Dyraio,
372 2506 506 2539 Helena
542 2517 609 2549 pro
644 2507 683 2541 P.
710 2507 825 2540 Paulo
852 2507 1065 2539 Hetzcoraeo
1102 2506 1140 2540 P.
1170 2506 1358 2539 Nicolaum
1393 2506 1574 2539 Lanoium·
1612 2505 1834 2537 aclmilterent
1872 2516 1948 2538 con-

184 2559 374 2599 fessarimn
413 2560 462 2592 rel
495 2561 616 2592 saltem
651 2561 740 2593 duos
773 2560 854 2592 illos
889 2560 1125 2601 confessarios
1161 2560 1286 2592 rarius
1323 2560 1356 2592 in
1395 2559 1515 2592 aulam
1551 2562 1764 2591 arcesserent
1798 2561 1828 2590 et
1862 2569 1948 2591 raro

187 2612 330 2643 cestibus
356 2613 508 2655 cibisque
533 2614 710 2646 donarent
737 2614 785 2653 (v.
812 2623 927 2655 snpra
948 2624 985 2655 p.
1008 2614 1107 2654 107),
1144 2613 1220 2655 ipso
1246 2613 1302 2645 die
1330 2614 1384 2645 17.
1412 2612 1613 2645 Decembris
1642 2613 1744 2654 1567,
1780 2622 1847 2654 quo
1874 2613 1949 2644 eins

188 2666 240 2696 rei
272 2667 392 2706 qratia
423 2666 646 2709 Oenipontem
673 2671 825 2709 venerat,
862 2666 1035 2708 Boryiam
1060 2666 1218 2699 monuit:
1256 2666 1347 2699 Cras
1381 2665 1486 2698 adibo
1512 2665 1675 2706 Reytnas.
1729 2664 1858 2707 „Video
1893 2676 1947 2698 ne-

185 2718 316 2759 qotium
344 2718 434 2749 milei
460 2722 489 2750 et
515 2720 588 2751 illis
614 2720 760 2761 difficile
785 2720 875 2763 fore,
897 2719 1111 2762 praesertim
1139 2719 1178 2751 ob
1206 2719 1328 2752 literas
1353 2719 1500 2751 illarum
1516 2719 1644 2760 paneis
1669 2718 1812 2750 abhinc
1829 2719 1950 2751 diebus

186 2770 234 2802 ad
259 2781 310 2802 nee
335 2770 470 2804 datasf‘

306 2824 503 2856 Verisimile
528 2828 585 2864 est,
625 2826 672 2857 acl
706 2825 771 2858 has
798 2826 1030 2868 Maydalenae
1065 2829 1094 2858 et
1121 2825 1276 2858 Helenae
1310 2825 1517 2868 reyinarnm
1553 2824 1690 2856 litteras
1714 2828 1871 2866 spectare
1896 2835 1947 2864 ea,

186 2886 275 2918 quae
300 2887 396 2909 anno
421 2878 497 2918 fere
517 2880 606 2909 1595
634 2878 672 2911 P.
700 2878 902 2911 lllatlhaezcs
927 2879 1093 2912 Raderus
1120 2878 1155 2911 S.
1172 2879 1208 2911 J.
1235 2879 1274 2910 ‘in
1300 2875 1576 2919 *„Amzalibns“
1605 2877 1740 2919 colleyii
1765 2877 1949 2910 Societatis

186 2930 379 2970 cznyzcstani
405 2930 446 2962 de
472 2930 541 2963 PP.
561 2931 695 2973 Dyrsio
723 2936 752 2962 et
772 2932 986 2964 Hetzcovaeo
1012 2931 1203 2963 earundem
1228 2931 1456 2972 confessariis
1483 2929 1564 2970 (hos
1591 2931 1682 2963 enim
1707 2929 1751 2962 ab
1777 2941 1814 2962 eo
1838 2931 1948 2972 siqni-

186 2982 292 3022 ficari
318 2992 360 3014 ex
387 2983 473 3024 ipsis
500 2983 702 3015 Annalibus
728 2984 963 3026 intellegyitur)
990 2984 1154 3026 scripsit:
1182 2984 1341 3027 „Extant
1363 2983 1522 3023 ‚cyeminae
1547 2983 1704 3016 datarum
1728 2983 1945 3025 Reyinarnm

185 3035 377 3076 Epistolae,
411 3036 591 3078 virius-qne
626 3047 732 3068 manu
768 3038 922 3079 scriptae
947 3037 994 3069 ad
1024 3036 1219 3078 canisium,
1256 3035 1383 3079 quibus
1417 3035 1473 3067 illi
1506 3040 1670 3077 protam
1697 3036 1844 3077 eqreqiis
1869 3046 1946 3069 con-

183 3089 350 3120 scientiae
374 3088 666 3130 moderator-ihm,
697 3100 883 3132 rerumque
910 3090 1102 3122 coelestium
1122 3089 1325 3122 doctoribus
1350 3089 1567 3121 immortales
1582 3089 1721 3131 yratz'as
1738 3089 1947 3129 retulerunt,
