2044 3335
576 79 606 111 A
634 77 666 112 d.
687 78 717 112 5.
737 76 894 120 Augusti
920 77 963 111 ad
991 77 1046 111 25.
1066 76 1274 111 Decembris
1303 76 1403 110 1571.
1788 75 1872 116 631

107 192 250 227 illorum
276 193 423 234 similes,
450 193 510 238 qui
542 193 673 235 „inulto
700 193 806 228 aliter
831 193 1027 237 loquuntur
1061 192 1098 226 in
1129 204 1199 234 ore,
1237 203 1343 235 quam
1371 190 1475 225 corde
1501 189 1663 224 sentiunt
1691 216 1697 223 .
1720 216 1726 223 .
1748 215 1754 223 .
1783 188 1877 223 tales

108 247 253 281 fuerunt
278 248 438 291 tempore
465 246 568 292 Paulj
596 249 632 281 et
658 249 742 280 sunt
766 246 871 281 hodie
898 247 979 291 nouj
1007 245 1182 290 magistri,
1214 245 1276 289 qui
1311 256 1391 289 per
1426 243 1594 277 dulces
1629 254 1646 276 s
1663 253 1877 276 ermones

107 301 144 333 et
169 300 443 341 benedictiones,
471 300 505 334 id
532 302 598 340 est,
625 312 689 344 per
713 299 1057 344 blandiloquentiam
1085 300 1120 332 et
1146 297 1426 332 assentationem
1462 296 1701 330 seducunt
1736 295 1878 329 corda

107 353 461 387 innocentium¹
488 355 524 386 et
549 352 777 398 simplicium,
805 364 885 386 cum
912 351 1127 396 promittunt
1152 350 1358 384 libertatem
1385 352 1420 383 et
1445 349 1600 383 salutem
1637 350 1777 382 tantum
1805 359 1878 382 cre-

107 406 286 447 dentibus,
312 408 348 440 et
374 406 500 440 volunt
526 408 671 440 tantum
690 405 877 450 consolarj,
904 404 1112 450 praedicare
1139 403 1294 447 gratiam
1311 415 1381 437 non
1408 402 1676 447 poenitentiam.
1711 402 1743 436 2.
1770 400 1877 435 Tales

107 461 192 493 sunt
224 459 347 504 mundj
381 459 469 504 filij‘2
489 486 495 493 .
516 486 524 493 .
545 486 552 494 .
580 459 611 493 3.
639 458 746 492 Tales
780 459 1007 503 reperiuntur
1042 457 1150 491 etiam
1188 456 1223 489 in
1251 456 1371 490 Aulis“
1404 457 1471 490 etc.
1507 455 1547 488 In
1573 455 1730 489 secunda
1756 457 1877 488 autem

105 513 208 556 parte
229 512 395 547 Canisius
421 512 587 553 ostendit,
616 511 698 555 quid
720 511 914 546 Christiani
941 509 1216 554 magistratibus
1242 511 1318 542 tum
1342 509 1455 542 sacris
1481 511 1557 542 tum
1583 508 1752 542 civilibus
1779 519 1878 552 prae·

104 566 203 599 stare
228 565 381 599 debeant
410 565 447 608 (l.
474 577 503 600 c.
531 565 555 599 f.
582 564 786 607 4Sb—50b).

229 617 434 660 „Dominica
459 618 587 652 ultima
613 618 649 651 in
677 616 892 651 Catharinae
918 617 1052 650 festum
1078 615 1277 649 incidente“
1307 615 1384 648 sive
1408 614 1508 648 Dom.
1529 614 1640 648 XXV.
1668 617 1749 658 post
1775 614 1878 648 Pent.

108 670 179 713 (25.
206 671 449 715 Novembris).
487 670 636 713 „Martii
656 671 709 705 9.“
742 669 985 714 (evangelium
1013 669 1104 703 ritus
1131 668 1379 709 brixinensis).
1418 667 1562 710 „Dicam
1591 668 1633 701 de
1660 667 1728 701 fide
1756 669 1878 702 contra

104 723 194 765 illos,
222 724 283 770 quj
310 724 437 759 volunt
455 735 565 758 vnum
592 725 629 757 et
646 723 739 757 idem
766 734 845 757 esse
864 723 1019 763 credere,
1047 725 1083 756 et
1108 721 1229 755 fidere.
1264 721 1310 755 Et
1328 721 1526 755 abutuntur
1552 720 1742 765 sententijs
1761 721 1876 754 Euan-

104 776 239 820 gehcis,
266 777 302 811 in
328 777 458 822 quibus
485 776 651 810 Christus
677 788 785 821 saepe
811 778 932 810 monet
958 776 1002 809 ad
1041 774 1293 809 confidentiam
1321 776 1499 817 aegrotos,
1536 784 1624 816 quos
1660 774 1695 806 in
1732 785 1877 818 corpore

103 840 210 864 sanos
228 830 355 864 reddit.
391 830 422 864 2.
451 829 632 871 Quomodo
650 829 740 863 haec
758 829 886 863 mulier
911 829 947 862 in
968 827 1164 871 Euangelio
1185 826 1252 871 [Mt
1270 828 1301 869 9,
1329 826 1482 870 20—22]
1503 826 1635 860 multos
1656 826 1878 860 Christianos

104 883 225 925 arguit
259 883 424 928 exemplo
460 894 534 924 suo,
572 885 607 916 et
642 882 687 916 ad
713 882 811 916 vitae
847 881 1127 916 correctionema
1151 881 1327 915 hortatur.
1379 880 1410 914 3.
1439 879 1475 924 Sj
1512 881 1655 924 tempus
1681 880 1877 923 permittet,

104 936 220 970 dicam
247 936 382 980 aliquid
409 936 452 970 de
478 940 605 969 sancta
632 936 774 978 virgine
802 935 1028 969 Catharina.“
1083 935 1138 968 Ita
1163 934 1274 968 habet
1299 932 1554 978 propositionis
1581 932 1877 966 commentarium

102 1000 123 1022 a
148 988 303 1030 librario,
332 989 473 1023 Canisio
501 988 670 1029 dictante,
697 988 891 1033 scriptum;
919 989 975 1022 cui
1002 987 1128 1022 deinde
1155 986 1322 1021 Canisius
1348 985 1645 1020 commentarium
1670 985 1787 1019 simile
1813 997 1878 1020 sua

101 1052 209 1075 manu
235 1042 390 1083 addidit;
417 1042 477 1076 ubi
503 1041 698 1075 secundam
724 1041 896 1076 orationis
924 1043 1061 1086 partein
1087 1041 1140 1075 sic
1177 1040 1359 1074 enuntiat:
1400 1039 1545 1082 „Dicam
1573 1038 1615 1072 de
1644 1038 1877 1080 Emorreissa,

101 1095 275 1138 quomodo
302 1096 429 1129 doceat
454 1107 519 1128 nos
545 1106 630 1128 uere
657 1095 802 1129 credere
829 1097 865 1128 et
891 1094 1076 1129 Christum
1111 1094 1295 1137 cognitum
1329 1093 1464 1127 001010*ι
1499 1092 1538 1135 (l.
1565 1104 1594 1126 0.
1622 1092 1646 1126 f.
1675 1092 1876 1135 512—552).

223 1148 429 1191 „Dominica
457 1149 493 1183 11²
519 1148 717 1182 aduentus“
742 1148 789 1190 (2.
808 1148 1047 1191 Decembris).
1085 1146 1195 1191 „Quia
1213 1147 1317 1181 uideo
1335 1158 1504 1190 magnam
1532 1157 1611 1180 esse
1637 1145 1877 1189 ignorantiam

100 1201 295 1235 multorum
330 1202 390 1247 quj
426 1201 559 1246 saepeb
586 1203 776 1246 propterea
812 1202 921 1235 etiam
957 1213 1060 1235 suum
1096 1201 1292 1235 aduentum
1325 1200 1383 1234 vel
1420 1202 1653 1233 contemnunt
1679 1199 1738 1233 vel
1774 1199 1875 1244 paruj

99 1254 268 1299 pendunt,
296 1255 380 1299 quia
398 1267 466 1288 non
492 1254 713 1298 intelligunt,
739 1253 830 1288 Volo
850 1254 1029 1299 Principio
1049 1254 1243 1295 declarare,
1271 1264 1381 1297 quare
1399 1253 1447 1287 sit
1465 1253 1642 1286 aduentus
1669 1252 1877 1286 institutus²

99 1310 136 1342 et
161 1319 302 1352 semper
327 1308 450 1352 magni
475 1307 619 1342 habitus
639 1334 646 1342 .
667 1335 674 1342 .
696 1335 703 1342 .
754 1308 786 1342 2.
813 1307 938 1342 Dicam
971 1308 1013 1342 de
1047 1307 1186 1352 medijs,
1224 1318 1316 1351 quae
1342 1305 1572 1350 nobis.[ab]d
1600 1305 1761 1340 Ecclesia
1794 1317 1872 1350 pro-

99 1364 278 1406 ponantur
312 1362 569 1396 consideranda
604 1363 640 1395 et
674 1360 986 1406 apprehendenda.
1038 1361 1084 1395 Et
1110 1361 1206 1395 circa
1230 1360 1298 1395 hoc
1333 1361 1376 1394 de
1404 1359 1600 1402 Euangelio
1628 1359 1775 1393 dicam.“
1832 1359 1872 1393 In

98 1415 324 1450 caerimoniis
362 1415 456 1450 sacri
490 1415 680 1449 Adventus
718 1415 811 1449 hanc
850 1426 990 1459 quoque
1026 1415 1191 1450 Canisius
1231 1416 1506 1448 commemorat:
1543 1412 1707 1447 Ecclesia
1739 1413 1877 1455 „vtitur

98 1468 214 1512 nigris
239 1469 422 1503 vestibus“
457 1468 494 1512 (l.
521 1480 552 1503 c.
579 1468 604 1503 f.
625 1469 827 1511 55a-57b).

220 1521 427 1564 „Dominica
453 1522 508 1556 22¹²*
542 1522 740 1556 aduentus¹‘
773 1521 821 1565 (9.
848 1521 1087 1565 Decembris).
1141 1521 1287 1564 „Dicam
1313 1521 1441 1565 primo,
1472 1532 1535 1554 cur
1566 1519 1698 1554 bonum
1725 1521 1761 1554 et
1787 1520 1876 1554 vtile

104 1575 162 1616 sit,
188 1576 336 1619 proponi
362 1575 487 1609 nobise
514 1574 700 1609 Christum
726 1577 762 1609 et
788 1577 981 1619 utrumque
1007 1575 1084 1609 eius
1110 1575 1327 1609 aduentum“
1361 1573 1604 1617 (evangelium
1641 1574 1732 1607 ritus
1767 1573 1876 1608 brixi-

103 1629 226 1662 nensis
253 1631 331 1663 erat
356 1628 405 1663 Lc
432 1629 486 1670 21,
514 1628 685 1672 25-33).
736 1628 767 1662 2.
796 1628 1000 1670 Quantumf
1029 1630 1105 1671 „est
1138 1627 1311 1662 terribilis
1348 1627 1535 1672 prophetia
1571 1627 1614 1661 de
1648 1626 1717 1660 fine
1753 1627 1877 1661 mundi

104 1685 139 1715 et
165 1682 296 1716 iudicio
322 1681 480 1724 ultimo“‚
516 1684 552 1715 et
578 1682 753 1725 quomodo
780 1694 825 1716 ex
851 1688 917 1716 eog
947 1693 1158 1727 „possumus
1185 1683 1219 1715 et
1247 1681 1417 1715 debemus
1444 1681 1580 1715 discere
1608 1681 1719 1714 uitam
1747 1681 1877 1715 ducere

104 1735 328 1770 timoratam“
363 1735 400 1778 (l.
428 1747 456 1769 c.
484 1735 509 1769 f.
530 1735 732 1778 582—60b).

226 1789 434 1832 „Dominica
458 1789 479 1823 3
497 1789 693 1823 aduentusss‘
719 1789 792 1831 (16.
811 1788 1048 1832 Decembris).
1079 1788 1190 1830 „Volo
1216 1788 1395 1833 primumh
1423 1788 1519 1822 circa
1544 1787 1610 1821 1100
1637 1786 1875 1831 Euangelium

104 1841 211 1886 [quod
244 1845 322 1877 erat
348 1843 402 1877 Mt
429 1843 484 1884 11,
510 1841 640 1886 2—11]
668 1844 835 1884 tractare,
872 1842 1046 1887 quomodo
1074 1843 1234 1877 Joannes
1265 1842 1414 1887 pulchre
1448 1841 1585 1876 seruiat
1624 1841 1687 1875 adi
1713 1843 1876 1875 nostrum

102 1896 297 1930 aduentum
325 1896 361 1932 2?
387 1897 562 1940 quomodo
588 1896 708 1930 uarios
734 1897 853 1930 status
880 1898 1024 1930 moneat
1050 1896 1155 1941 offitij
1183 1897 1220 1930 et
1245 1895 1443 1930 uocationis
1468 1906 1555 1929 suae
1582 1897 1622 1928 ut
1648 1894 1765 1929 sciant
1791 1894 1875 1939 quid

102 1949 147 1983 ab
173 1949 246 1984 illis
273 1949 398 1992 exigat
423 1949 571 1984 deus“¹³.
613 1950 655 1983 In
680 1949 796 1994 priore
823 1950 994 1983 orationis
1020 1951 1123 1994 parte
1142 1949 1308 1984 Canisius
1338 1960 1490 1992 „nouum
1516 1948 1707 1982 mundun?
1729 1948 1876 1990 refutat,

102 2014 183 2037 cum
209 2003 302 2037 hanc
328 2003 589 2047 quaestionem,
621 2005 765 2048 praeter
790 2002 890 2044 alias,
926 2004 1079 2037 tractat:
1119 2001 1231 2045 „Quid
1257 2002 1484 2037 sentiendum
1512 2002 1554 2036 de
1582 2002 1658 2036 uita
1683 2002 1812 2036 stricta
1838 2003 1875 2036 et

101 2067 230 2091 seuera
249 2056 444 2102 Christianj
472 2058 549 2091 siue
574 2057 611 2090 in
637 2057 735 2090 uictu
753 2056 830 2091 siue
856 2056 892 2090 in
910 2056 1080 2091 uestitu“.
1115 2057 1156 2090 In
1178 2059 1280 2101 parte
1299 2055 1413 2090 altera
1431 2055 1466 2090 S.
1484 2056 1652 2089 Ioannem
1672 2056 1876 2100 Baptistam

100 2110 137 2144 in
164 2110 367 2155 exemplum
394 2110 561 2156 proponit
586 2110 675 2144 viris
701 2110 960 2145 ecclesiasticis
986 2112 1022 2144 et
1046 2110 1222 2155 imprimis
1249 2109 1564 2151 contionatoribus,
1590 2108 1875 2152 magistratibus,

100 2163 321 2208 parentibus,
358 2163 564 2198 christianis
591 2163 774 2205 omnibus;
810 2163 995 2209 vituperat
1021 2175 1091 2203 eos,
1125 2163 1186 2207 qui
1212 2163 1314 2197 sunt¹
1344 2162 1442 2206 „glat
1467 2162 1539 2197 und
1565 2162 1875 2207 suckerprediger,

100 2218 157 2251 die
183 2217 330 2251 kunnen
356 2217 581 2251 maisterlich
615 2216 835 2262 smeychlen,
870 2217 987 2251 haben
1012 2216 1130 2251 lauter
1155 2216 1252 2251 linde
1279 2216 1322 2259 ol,
1349 2217 1435 2250 aber
1460 2216 1546 2250 kain
1578 2216 1756 2250 scharffen
1782 2216 1875 2250 wein

100 2270 160 2304 fur
186 2270 242 2304 die
268 2270 442 2304 wunden“
460 2271 472 2290 3
501 2269 537 2312 (1.
558 2282 587 2305 c.
606 2270 631 2304 f.
652 2270 850 2312 cla-66²).
901 2270 954 2304 De
980 2270 1255 2313 magistratibus
1282 2282 1316 2304 v.
1343 2270 1448 2311 infra,
1475 2281 1567 2303 mon.
1595 2281 1672 2303 oen.
1703 2269 1793 2313 (28).

224 2324 291 2366 „Jn
325 2323 419 2358 festo
455 2323 489 2358 S.
517 2323 693 2357 Thomae“
733 2323 884 2368 apostoli
922 2322 994 2367 (21.
1021 2323 1260 2367 Decembris).
1311 2323 1364 2357 De
1402 2322 1591 2366 evangelio
1630 2322 1698 2356 diei
1738 2322 1791 2365 (10
1818 2322 1874 2364 20,

99 2377 271 2421 24—29).
312 2378 343 2412 1.
374 2377 576 2420 „Quomodo
594 2377 750 2411 Thomas
777 2379 832 2411 est
857 2379 967 2422 typus
993 2376 1146 2418 illorum,
1174 2376 1235 2420 qui
1261 2377 1404 2411 domum
1430 2376 1495 2410 Dei
1521 2375 1743 2410 Ecclesiam4
1769 2375 1874 2410 relin-

99 2433 215 2475 quunt
239 2431 299 2466 1101
325 2433 429 2465 extra
456 2442 535 2465 eam
560 2431 718 2464 uiuunt.“
773 2431 805 2464 2.
837 2430 1039 2473 „Quomodo
1075 2430 1334 2465 consulendum
1369 2432 1405 2464 et
1440 2428 1688 2474 opitulandum
1715 2429 1872 2464 Thomae

99 2484 272 2519 fratribus
299 2487 334 2519 et
361 2484 572 2519 sororibus.“
628 2484 659 2519 3.
691 2483 810 2526 „Quae
844 2495 908 2518 nos
936 2483 1143 2518 Catholicos
1178 2483 1357 2518 consolari
1393 2485 1428 2517 et
1463 2482 1674 2517 confirmare
1710 2483 1873 2524 debeant,

98 2541 139 2572 ut
164 2550 233 2572 non
261 2538 489 2582 egrediamur
515 2537 578 2572 sed
605 2549 814 2572 maneamus
840 2537 875 2571 in
902 2538 1005 2571 domo
1031 2537 1246 2571 Ecclesiae.“
1300 2537 1341 2571 ln
1370 2537 1529 2571 secunda
1565 2536 1736 2570 orationis
1771 2538 1873 2581 parte

221 2610 248 2640 a)
269 2609 317 2634 Sic
336 2609 541 2641 corriyemlnm
561 2616 622 2633 esse
642 2615 678 2632 esc
698 2606 932 2639 correptionem,
952 2608 1026 2639 quod
1047 2608 1113 2632 libr.
1132 2608 1263 2639 scripsit,
1281 2607 1397 2632 omnino
1418 2607 1541 2632 videtur.
1606 2606 1636 2637 b)
1657 2607 1796 2639 Sequitur
1815 2606 1874 2639 vel,

98 2651 189 2676 oblitt.
264 2652 289 2682 c)
315 2652 457 2682 Quattuor
479 2659 519 2675 rr.
539 2658 598 2682 sqq.
619 2650 654 2675 ab
681 2650 744 2681 *ipso
766 2650 794 2674 C.
814 2650 846 2674 in
872 2650 1004 2681 mat-(Ji'ne
1030 2650 1135 2674 addita
1160 2652 1235 2674 sunt.
1311 2648 1341 2680 d)
1364 2650 1424 2674 Hac
1446 2657 1468 2673 υ.
1487 2649 1683 2680 supplendum
1707 2650 1802 2680 fuisse
1827 2649 1872 2674 in-

99 2693 248 2724 telleqitm·
272 2701 309 2717 ea:
335 2701 377 2717 vv.
397 2693 552 2724 proacimis.
662 2692 691 2722 e)
716 2691 845 2722 Quinque
871 2699 914 2716 vv.
933 2699 992 2723 sqq.
1013 2692 1048 2715 ab
1074 2691 1138 2723 *ipso
1158 2692 1187 2716 C.
1207 2691 1318 2722 scripta
1337 2694 1414 2715 sunt.
1523 2690 1547 2717 f)
1568 2691 1675 2715 Novem
1695 2699 1738 2715 vv.
1757 2699 1816 2723 sqq.
1837 2692 1872 2716 ab

98 2735 162 2766 ipso
183 2735 212 2759 C.
231 2735 344 2766 scripta
363 2738 440 2760 sunt.
513 2735 543 2766 g)
564 2734 678 2766 Septem
700 2741 741 2758 vv.
761 2741 819 2764 sqq.
840 2733 875 2757 ab
898 2733 959 2764 ipso
980 2735 1008 2758 C.
1028 2734 1140 2764 scripta
1159 2736 1237 2758 sunt.
1311 2732 1342 2763 h)
1366 2733 1436 2758 Tria
1460 2740 1499 2757 vv.
1519 2740 1578 2764 sqq.
1595 2733 1631 2757 ab
1652 2733 1715 2764 ipso
1736 2733 1765 2758 C.
1778 2740 1872 2764 supra

98 2784 215 2802 versum
240 2777 352 2807 scripta
376 2779 455 2801 sunt.
528 2775 548 2806 i)
570 2776 738 2807 Sequuntur
763 2783 805 2799 vv.
825 2774 966 2799 nostrum
986 2773 1194 2806 Euangelinm,
1220 2775 1310 2799 oblitt.
1384 2773 1416 2804 k)
1438 2776 1485 2799 Ita
1507 2775 1535 2800 C.
1556 2775 1617 2805 ipse
1638 2775 1767 2799 correxit
1786 2782 1822 2799 ex
1841 2774 1872 2800 et

99 2816 194 2843 inulta
220 2817 367 2843 notabilia
392 2817 449 2842 11οο
475 2816 613 2850 tempore
639 2814 862 2842 consideranda
887 2818 919 2841 et
945 2815 1083 2841 facienda
1109 2815 1206 2842 docet.
1227 2816 1251 2841 2.
1271 2815 1375 2841 Dicam
1401 2814 1553 2848 quomodo
1579 2815 1610 2841 in
1630 2815 1686 2841 hoc
1707 2815 1871 2848 Euangelio

98 2859 317 2885 admoneamur
343 2858 498 2884 Christum
527 2859 558 2883 et
585 2858 651 2884 eius
679 2857 846 2883 aduentum
875 2857 1015 2890 excipere
1041 2857 1072 2882 in
1097 2857 1172 2883 hora
1199 2857 1321 2886 mortis.
1348 2864 1414 2882 cum
1440 2864 1549 2890 corpus
1577 2858 1607 2883 et
1633 2857 1733 2883 anima
1759 2857 1872 2884 debent

96 2901 243 2934 separari.
315 2900 336 2933 l)
360 2902 436 2931 Quae
461 2904 633 2932 sequuntur,
659 2908 747 2931 usque
767 2900 805 2924 ad
826 2898 956 2924 wunden
978 2900 1055 2930 incl„
1074 2900 1109 2924 ab
1129 2900 1193 2931 ipso
1214 2901 1242 2925 C.
1261 2900 1374 2931 scripta
1392 2903 1469 2925 sunt.

222 3020 232 3040 ¹
257 3020 346 3054 Rom
376 3020 429 3060 16,
458 3020 512 3054 18.
659 3020 672 3039 2
700 3018 754 3053 Cf.
781 3018 829 3053 Lc
858 3019 912 3061 16,
939 3019 971 3054 S.

218 3073 230 3093 3
257 3073 310 3108 Cf.
338 3073 386 3107 Lc
416 3073 468 3114 10,
495 3073 551 3107 34.
698 3074 710 3092 ⁴
738 3072 790 3107 Cf.
820 3073 836 3106 1
865 3072 944 3106 Tim
971 3073 1002 3113 3,
1032 3073 1086 3106 15.
