2044 3335
421 66 516 100 Mon.
545 67 632 102 1061
661 66 739 101 sive
766 66 834 101 litt.
857 66 946 110 (56).
990 67 1022 101 8.
1042 66 1133 101 Iunii
1153 87 1196 91 —
1218 67 1272 101 16.
1292 66 1447 110 Augusti
1468 65 1570 100 1571.
1793 67 1874 108 711

114 183 412 225 excudendum
445 187 642 238 sumptus
674 183 780 226 fecit
813 197 887 225 eos
920 197 1177 237 recuperare
1211 186 1303 226 tam
1338 183 1422 226 cito
1452 196 1536 224 non
1569 181 1700 224 liceat
1717 183 1744 224 1.
1792 182 1879 224 De-

113 248 347 291 terrebitur
388 248 520 290 etiam
563 249 789 302 quominus
832 262 942 301 quae
976 248 1144 301 reliqua
1176 247 1400 302 scripserit
1433 247 1713 289 Reuerendus
1747 246 1880 288 Pater

114 313 308 356 Canisius
335 327 386 355 ea
418 314 535 367 typis
567 317 720 368 postea
743 314 952 355 mandare
974 313 1092 356 uelit.
1143 313 1320 355 Vtinam
1343 312 1500 367 Oanisij
1535 311 1698 354 similes
1721 311 1880 353 multos

113 379 394 421 haberemus¹²
416 379 488 432 qui
520 378 614 432 pari
645 378 885 421 foelicitate
906 378 950 420 in
972 377 1051 420 hoc
1075 377 1264 420 studium
1287 377 1508 419 refutandi
1530 376 1879 419 Centuriatorum

115 457 283 486 errores
315 443 626 486 incumberent.
651 469 707 471 —
734 467 787 472 -
922 444 924 446 ’

233 512 325 554 Quid
356 513 488 547 Hosius
524 513 618 558 apud
654 513 688 548 S.
716 512 819 547 Pium
846 512 888 546 V.
916 512 1084 553 effecerit,
1123 514 1158 546 et
1193 523 1214 545 a
1240 511 1279 546 P.
1306 511 1525 556 Hieronymo
1561 510 1682 545 Natali
1717 513 1884 545 narratur

115 565 165 607 (v.
193 577 301 610 supra
327 578 360 610 p.
386 565 484 610 447),
512 568 548 599 et
573 566 617 599 ab
644 566 720 610 ipso
747 567 880 605 Hosi0;
905 565 964 599 hic
990 565 1083 599 enim
1111 564 1262 598 Sublaco
1290 564 1344 598 21.
1373 564 1453 598 Iulii
1483 565 1569 598 1571
1600 563 1725 598 Ottoni
1749 563 1882 598 Truch-

113 630 191 652 sess
209 618 381 652 cardinali
399 621 601 662 augustano
616 621 632 637 ἦ
651 619 815 663 scripsit:
847 617 1217 660 „commendationem
1235 619 1396 651 nostram
1414 617 1522 651 Petro
1542 617 1686 651 Canisio
1704 616 1883 661 profuisse

115 672 263 714 gaudeo,
290 683 494 716 quanquam
522 672 744 714 refragatum
771 671 978 715 aliquandiu
1005 670 1039 705 S.
1067 671 1110 705 D.
1135 671 1178 705 N.
1206 671 1318 704 fuisse
1344 671 1474 704 dicitur
1509 670 1571 704 sed
1598 670 1705 704 simul
1731 671 1771 703 ut
1796 669 1885 712 legit

113 725 373 770 perorationem
401 737 508 769 quam
534 727 574 759 ut
599 725 738 767 legeret
763 725 962 769 petiueram
990 727 1029 758 vt
1064 724 1176 769 primo
1210 735 1352 768 quoque
1387 725 1547 768 tempore
1573 722 1664 757 liber
1698 723 1733 756 in
1768 723 1882 756 lucem

114 778 271 823 prodiret
308 790 376 812 non
415 777 610 812 difficulter
647 778 837 812 concessit.
900 777 976 821 Ego
1015 789 1099 811 uero
1137 777 1310 811 minorem
1353 776 1511 811 futuram
1551 776 1665 810 fuisse
1708 776 1882 810 iacturam

113 831 280 866 existimo
305 831 335 865 si
362 831 520 873 Maronis
546 831 695 865 AEneida
730 831 922 876 perijssent
958 830 1051 875 quod
1086 830 1230 864 minime
1263 830 1449 864 ferendum
1483 841 1562 864 esse
1598 829 1739 863 cuidam
1766 829 1883 863 visum

115 888 170 918 est
195 896 302 928 quam
328 885 359 918 si
385 884 474 918 liber
500 885 567 918 iste
596 884 728 930 Canisij
765 884 919 928 longiori
953 887 1112 929 tempore
1147 895 1365 928 suppressus
1401 886 1498 918 esset
1533 894 1639 927 quem
1674 894 1744 916 non
1769 882 1884 916 solum

115 938 310 972 Catholicis
337 949 462 971 uerum
498 938 607 972 etiam
642 937 730 982 ipsis
766 937 958 972 haereticis
988 937 1105 980 (modo
1132 937 1252 981 legere
1279 937 1486 980 dignentur)
1516 937 1697 980 ingentem
1729 935 1884 969 fructum

114 991 306 1025 allaturum
343 990 501 1024 confid0“
541 990 602 1032 (ex
640 1002 762 1035 apogr.
799 991 910 1025 eiusd.
944 994 1072 1035 temp.;
1114 989 1197 1025 Cod.
1239 991 1324 1032 „61²
1363 989 1600 1024 bibliothecae
1638 988 1886 1022 universitatis

114 1044 367 1085 cracoviensis,
394 1043 482 1078 fasc.
512 1043 563 1077 IV
590 1044 614 1078 f.
645 1044 731 1088 16³).

115 1164 245 1201 1061
274 1166 353 1201 sive
380 1164 490 1201 litt.
512 1164 649 1210 (56).
726 1165 758 1200 8.
778 1164 994 1201 lunii-16.
1013 1163 1173 1212 Augusti
1198 1163 1284 1200 1571.

233 1226 287 1260 Ex
315 1225 454 1259 Hoffaei
481 1225 725 1270 autographis,
753 1237 844 1270 quae
870 1228 956 1260 sunt
981 1226 1016 1259 in
1044 1225 1084 1260 G.
1113 1225 1176 1270 Ep.
1205 1225 1284 1259 coll.
1312 1225 1327 1259 I
1362 1225 1386 1259 f.
1414 1225 1500 1259 211b
1535 1226 1621 1259 245³
1658 1225 1737 1266 363,
1773 1226 1808 1258 et
1841 1236 1886 1258 ex

114 1280 316 1314 litterarum
343 1279 486 1313 Natalis
513 1278 719 1324 apographo
750 1279 874 1313 eodem
910 1281 1069 1324 tempore
1104 1279 1249 1323 scripto,
1286 1279 1380 1323 quod
1416 1281 1471 1312 est
1506 1279 1540 1312 in
1568 1278 1688 1313 Germ.
1716 1278 1758 1312 71
1786 1277 1810 1312 f.
1839 1278 1885 1312 5³.

115 1333 236 1367 Prima
263 1345 307 1366 ex
333 1332 473 1366 Hoffaei
499 1332 664 1377 epistulis
692 1343 777 1366 usus
805 1344 884 1366 esse
911 1333 1055 1366 videtur
1079 1333 1285 1376 Sacchz'nus,
1315 1331 1399 1366 Can.
1418 1332 1506 1372 27&
1534 1331 1692 1366 secunda
1717 1342 1804 1365 usus
1831 1333 1887 1365 est

118 1388 222 1428 idem,
250 1386 272 1421 l.
300 1399 328 1421 c.
356 1385 555 1420 282—283.

238 1446 406 1480 emerissus
429 1457 495 1479 sna
522 1446 690 1479 adversus
720 1446 908 1480 Cenem-[as
932 1447 1123 1489 seraptimze
1149 1451 1178 1479 et
1202 1457 1237 1479 se
1263 1446 1301 1479 in
1327 1446 1530 1488 periculum
1566 1446 1654 1478 vitae
1680 1445 1825 1478 adducit
1858 1449 1887 1477 et

116 1501 331 1543 Dilinfyanos
356 1500 506 1532 multum
532 1504 676 1533 exercet.
730 1500 947 1542 Praepositis
973 1500 1174 1532 curandum
1201 1503 1259 1541 est,
1294 1510 1337 1532 ne
1359 1500 1523 1542 pontifex
1551 1509 1676 1531 nomem
1709 1498 1888 1531 scribendi

116 1554 324 1587 mandatum
350 1554 381 1586 ei
408 1554 583 1595 im'emyat.

234 1613 280 1657 P.
309 1614 468 1654 Paulus
496 1611 705 1666 Hoffaeus
739 1611 999 1654 Germaniae
1031 1611 1266 1666 superioris
1300 1611 1574 1666 praepositus
1607 1610 1887 1666 provincialis

116 1678 315 1732 Augusta
340 1679 378 1721 S.
397 1677 507 1720 Iunii
533 1679 642 1719 1571
670 1677 710 1719 S.
730 1677 964 1719 Francisco
988 1678 1176 1731 Borgiae
1200 1677 1448 1732 praeposito
1472 1676 1668 1731 generali
1690 1675 1884 1730 scripsit:

123 1744 377 1798 „Optassem
418 1747 467 1786 vt
508 1743 554 1787 P.
589 1743 750 1785 Vestra
791 1744 948 1785 saltem
989 1743 1069 1785 hoc
1111 1757 1223 1785 anno
1266 1743 1562 1797 suspendisset
1606 1741 1885 1796 scriptionem

117 1809 163 1852 P.
198 1809 356 1863 Canisij
398 1808 610 1861 reliquam
653 1810 806 1851 contra
839 1808 1090 1851 Centurias:
1135 1809 1246 1850 bona
1288 1808 1460 1862 quidem
1493 1807 1655 1856 scribit,
1700 1807 1777 1848 sed
1809 1820 1887 1848 nec

117 1874 198 1929 ipsi
231 1888 310 1916 nec
333 1874 430 1928 alijs
454 1873 632 1928 expedit
655 1876 703 1916 vt
735 1875 853 1916 solus
875 1874 967 1928 ipse
991 1873 1135 1928 operis
1158 1876 1311 1916 auctor
1333 1874 1412 1916 sit:
1447 1873 1592 1915 docuit
1616 1872 1887 1927 experientia

118 1940 219 1993 quid
251 1939 471 1994 Dilingani
513 1938 631 1993 passi
668 1939 754 1982 sint
770 1940 798 1990 2,
842 1941 1151 1994 praeterquam
1184 1939 1297 1993 quod
1330 1938 1610 1993 semetipsum
1644 1952 1753 1992 pene
1787 1952 1887 1979 con-

116 2005 317 2048 fecisset:
351 2009 394 2048 et
427 2005 462 2046 si
495 2005 542 2048 P.
576 2005 628 2047 V.
664 2004 771 2047 velit
805 2005 960 2046 bonum
996 2005 1172 2047 Patrem
1206 2005 1278 2046 diu
1310 2005 1432 2046 nobis
1466 2018 1561 2046 esse
1594 2003 1887 2058 superstitem,

118 2085 201 2113 non
235 2070 296 2112 sic
325 2073 560 2124 occupetur
583 2070 698 2112 circa
730 2070 928 2124 grauium
952 2084 1095 2112 rerum
1120 2069 1412 2124 scriptionem,
1447 2072 1496 2111 vt
1528 2069 1645 2111 solus
1669 2071 1796 2111 autor
1818 2069 1887 2119 sit,

118 2150 338 2189 nunquam
371 2135 483 2177 enim
517 2135 597 2177 sibi
629 2136 737 2178 satis
770 2135 915 2178 facere
948 2139 1116 2190 potest:
1151 2149 1352 2177 censores
1382 2136 1521 2176 locuni
1546 2149 1630 2176 non
1653 2134 1813 2176 habent
1837 2133 1889 2176 ob

118 2201 494 2254 frequentissimas
527 2201 812 2243 mutationes:
847 2201 1028 2243 vexauit
1061 2201 1190 2244 etiam
1226 2200 1577 2255 typographum3
1600 2199 1730 2242 satis:
1765 2199 1811 2241 P.
1837 2199 1887 2241 V.

119 2270 245 2320 roget
268 2266 524 2320 Dilinganos
557 2267 833 2309 sententiam.
883 2267 978 2320 Ego
1012 2266 1072 2309 sic
1104 2267 1354 2308 suaderem:
1389 2265 1432 2307 Si
1465 2265 1507 2307 in
1542 2265 1769 2307 scribendo
1792 2278 1889 2318 per-

120 2345 224 2386 gere
267 2331 408 2381 debet,
451 2330 646 2384 assignet
687 2331 749 2372 illi
782 2332 828 2374 P.
863 2332 1023 2374 Vestra
1061 2335 1231 2374 tantum
1266 2345 1397 2372 vnum
1430 2330 1620 2373 triduum
1654 2330 1697 2372 in
1729 2330 1890 2372 hebdo-

119 2397 245 2439 made
279 2411 362 2450 quo
396 2397 433 2438 ei
466 2396 654 2438 scribere
682 2400 725 2438 et
758 2396 866 2439 alios
889 2397 1004 2439 circa
1026 2397 1305 2451 scriptionem
1329 2409 1543 2450 occupare
1574 2395 1706 2438 liceat
1739 2397 1892 2437 contra

121 2462 361 2505 centurias:
404 2461 582 2514 reliquis
615 2461 764 2504 diebus
798 2462 833 2503 si
867 2462 998 2513 volet,
1039 2462 1201 2504 scribat
1234 2461 1402 2504 libellos
1436 2460 1708 2514 germanicos
1741 2460 1892 2502 faciles

119 2530 305 2570 tamen.“
374 2527 540 2568 Deinde
582 2526 825 2581 Oeniponte
868 2529 906 2570 9.
949 2527 1046 2569 Iulii
1093 2529 1201 2569 1571
1245 2527 1292 2570 P.
1327 2526 1641 2580 Hieronymum
1683 2525 1889 2568 Natalem

121 2592 354 2635 Societatis
376 2592 587 2634 vicarium
610 2593 857 2645 generalem
882 2593 1069 2635 monuit:
1101 2592 1370 2641 „Cauendum
1390 2591 1564 2633 videtur
1585 2605 1638 2632 ne
1657 2590 1891 2634 Pontifex4

119 2658 315 2711 imponat
338 2657 383 2699 P.
404 2657 575 2699 Canisio
598 2671 754 2699 nouam
779 2657 1069 2700 obedientiam
1092 2657 1302 2711 pergendi
1326 2656 1379 2698 ad
1403 2656 1509 2698 duos
1532 2656 1722 2709 reliquos
1744 2656 1890 2707 libros,

120 2723 197 2765 sed
229 2726 278 2765 vt
310 2722 446 2764 faciat
479 2722 612 2764 Pater
645 2723 757 2775 quod
792 2724 951 2777 potest,
986 2725 1030 2765 et
1064 2722 1234 2776 quidem
1269 2721 1397 2763 valde
1429 2721 1666 2772 moderate,
1702 2721 1892 2775 alioquin

240 2798 267 2828 a)
289 2799 315 2822 A
329 2797 395 2821 libr.
415 2805 489 2821 corr.
509 2805 544 2821 ex·
564 2796 719 2822 habemus.

245 2901 254 2920 ¹
281 2899 427 2933 Librum
453 2897 620 2940 Dilingae
657 2898 856 2932 excudebat
884 2897 1059 2932 Sebaldus
1085 2898 1212 2943 Mayer
1244 2897 1448 2943 sumptibus
1476 2897 1532 2941 (ut
1558 2896 1718 2941 videtur)
1748 2897 1893 2941 Georgii

122 2952 252 2987 Willer
278 2951 492 2996 bibliopolae
519 2952 731 2995 augustani;
759 2963 794 2985 V.
821 2962 931 2996 supra
957 2963 989 2996 p.
1009 2951 1090 2986 438.

242 3005 255 3078 Ξ
280 3004 332 3093 ξε
344 3005 578 3092 plisssAss‘onio
606 3004 763 3039 Guisano
791 3016 824 3038 v.
852 3004 957 3047 infra,
984 3015 1076 3039 mon.
1107 3005 1207 3039 1063.
1355 3005 1367 3024 ³
1395 3003 1587 3038 Sebaldum
1612 3004 1750 3050 Mayer.
