2044 3335
158 115 243 155 442
375 113 474 147 1736.
504 113 541 146 P.
563 113 711 147 Ioannes
738 113 781 146 de
800 112 954 147 Polanco
982 112 1066 146 Can.
1112 112 1213 147 1737.
1241 112 1326 147 Can.
1346 111 1380 147 S.
1400 113 1589 147 Francisco
1610 113 1772 157 Borgiae.

158 229 293 271 „Audio
320 229 411 272 quod
439 228 653 262 Procurator
672 227 866 261 Rhenanus
892 227 1022 261 habeat
1049 228 1084 261 in
1110 227 1288 262 mandatis
1314 230 1355 262 vt
1381 229 1416 262 in
1443 240 1552 263 causa
1566 228 1828 272 Theologorum
1855 229 1916 272 qui

154 285 278 316 contra
298 281 508 315 Haereticos
534 280 704 325 scripturi
730 282 825 318 sunt.
852 280 1021 323 frigidam
1047 280 1248 314 suffundat:
1275 281 1395 315 audiui
1422 282 1498 315 eius
1524 282 1680 316 rationes
1707 293 1799 326 quae
1825 293 1912 316 sane

153 335 202 368 nil
229 334 363 368 habent
388 334 565 378 ponderis.
604 333 644 368 P.
660 333 702 367 Y.
722 335 860 378 perstet
885 333 921 366 in
945 334 1035 367 bona
1061 333 1251 374 sententia,
1278 345 1352 368 rem
1379 334 1595 379 auspicetur,
1622 333 1710 369 haec
1731 334 1915 369 Prouintia

153 388 306 422 libenter
341 387 540 431 periculum
567 386 685 428 faciet,
721 397 786 420 nec
813 388 949 420 metuet
975 386 1212 428 aduersarios,
1249 387 1310 421 sed
1346 387 1425 421 illos
1461 387 1579 432 potius
1604 390 1763 421 metuere
1795 388 1916 429 faciet,

153 440 295 474 interim
331 440 490 473 scribant
518 439 578 484 alij
615 440 650 474 in
677 439 758 484 alijs
786 439 983 484 Prouintijs
1009 442 1182 484 quantum
1210 440 1342 479 volent.
1378 441 1539 474 futurum
1566 442 1631 480 est,
1669 440 1811 475 Christo
1838 452 1914 485 pro-

153 495 331 537 sperante,
370 495 408 526 vt
443 504 501 527 res
537 494 585 527 sit
619 492 655 526 in
690 492 758 526 hac
794 492 974 537 prouintia
1001 494 1173 537 optimum
1200 492 1388 527 habituraa
1413 504 1633 527 successum.
1684 492 1722 526 Ρ.
1751 494 1916 528 Canisius

154 557 230 579 eam
259 557 332 579 rem
360 545 544 580 Rhenanis
571 544 789 591 proposuitb‚
825 557 881 579 nie
907 546 1029 587 inscio,
1057 546 1150 590 quod
1176 545 1263 580 mihi
1290 546 1474 590 displicuit
1493 573 1500 579 .
1519 546 1676 580 sciebam
1703 547 1796 580 enim
1823 546 1916 590 quod

153 598 213 643 alij
241 610 304 643 pro
331 598 398 632 hac
425 598 611 632 Prouintia
637 598 809 633 aemulari
835 610 904 633 non
931 598 1087 640 soleant,
1122 599 1335 644 praesertim
1361 600 1392 633 si
1418 599 1453 633 id
1479 599 1543 633 fiat
1568 610 1648 633 cum
1675 600 1814 634 iactura
1841 611 1916 644 per·

153 663 320 685 sonarum
356 653 520 686 suarum“
568 652 629 695 (ex
656 652 898 697 autographo;
939 652 981 687 G.
1009 652 1074 697 Ep.
1103 652 1181 686 coll.
1210 653 1225 686 I
1260 652 1284 686 f.
1313 652 1426 696 208³).
1478 651 1667 686 Caeterum
1703 653 1796 694 vide,
1832 652 1916 696 quid

155 704 319 739 Canisius
347 717 386 739 eo
414 705 456 739 de
482 705 648 740 instituto
677 706 707 740 1.
727 706 882 748 Augusti
905 706 991 740 1571
1022 705 1066 739 ad
1087 705 1123 740 P.
1143 705 1310 739 Natalem
1337 705 1534 750 scripserit,
1560 705 1663 747 infra,
1691 718 1744 751 ep.
1764 705 1916 741 n.1743.

152 816 304 852 1736.
412 816 473 853 P.
511 816 810 853 IOANNES
854 816 946 852 DE
985 815 1302 853 PGLANCO
1346 817 1562 852 secretarius
1605 817 1795 852 Societatis
1838 818 1919 852 Iesu

346 871 487 905 nomine
515 870 547 905 S.
569 870 751 905 Francisci
776 871 928 915 Borgiae
955 871 1151 915 praepositi
1177 870 1356 914 generalis
1384 870 1585 905 CANISIO.

1440 924 1552 958 Roma
1581 924 1635 958 19.
1654 924 1740 958 Maii
1769 924 1870 959 1571.

272 988 326 1021 Ex
353 988 559 1033 apographo
586 989 698 1024 eiusd.
725 991 854 1034 temp.;
881 989 915 1023 in
941 989 1112 1032 margine,
1140 989 1264 1023 eadem
1283 1000 1409 1023 manu:
1441 989 1499 1030 ,R
1522 988 1699 1023 Canisio‘.
1735 988 1855 1023 Germ.
1875 988 1918 1023 70

153 1041 176 1075 f.
207 1041 299 1076 1722.
615 1051 617 1054 ·

272 1101 381 1134 Liber
416 1102 585 1135 adversus
613 1103 803 1136 Centurias
829 1103 868 1136 P.
894 1103 1021 1136 Natali
1056 1103 1153 1135 ralde
1173 1102 1363 1145 probatur.
1415 1102 1456 1135 Si
1490 1102 1577 1145 quid
1610 1103 1719 1135 risum
1756 1103 1823 1135 erit
1856 1112 1917 1135 uo-

154 1155 314 1197 tcmdum,
340 1155 525 1189 scribetur.
580 1156 748 1189 Cam'sius
772 1156 922 1199 reliquis
948 1156 1050 1189 libris
1085 1166 1227 1198 operam
1263 1156 1361 1188 dabit
1386 1156 1449 1198 ita,
1484 1160 1523 1187 *ut
1553 1155 1748 1188 valetudini
1776 1160 1920 1198 parcat.

276 1219 318 1261 Si
362 1223 384 1261 e
426 1220 624 1263 riceuuta
666 1235 750 1263 una
793 1221 834 1262 di
866 1221 918 1263 V.
944 1221 994 1263 R.
1029 1220 1069 1261 di
1113 1222 1181 1262 20.
1217 1220 1283 1262 (101
1326 1222 1517 1274 passato,
1561 1233 1631 1261 ma
1663 1234 1748 1261 non
1780 1233 1919 1261 uenne

158 1284 338 1326 insieme
371 1299 450 1326 con
484 1285 628 1338 quella
660 1285 690 1327 il
723 1285 876 1329 libro1.
911 1285 1053 1338 quello
1086 1287 1189 1339 pero
1212 1284 1321 1326 hieri
1344 1284 1381 1327 01
1403 1285 1560 1326 mando
1582 1284 1921 1327 l'Illustrissimo

159 1349 387 1391 Cardinale
421 1350 462 1392 di
495 1350 739 1404 Augusta2.
786 1351 967 1393 essendo
1000 1349 1055 1393 N.
1079 1351 1126 1393 P.
1152 1350 1231 1392 G.3
1263 1350 1426 1404 partito
1467 1349 1495 1391 il
1539 1350 1579 1391 di
1620 1349 1854 1391 medesimo
1896 1363 1921 1391 a

160 1415 301 1456 Tiuoli
343 1429 421 1469 per
463 1416 604 1457 alcuni
646 1416 799 1469 giorni,
864 1416 961 1457 Non
1005 1415 1040 1457 ci
1074 1415 1230 1457 mando
1270 1414 1340 1469 piu
1373 1415 1450 1456 0110
1483 1429 1539 1456 un
1571 1414 1694 1464 libro,
1740 1428 1810 1456 ma
1843 1428 1922 1456 con

160 1480 318 1530 auisar,
353 1480 432 1522 che
453 1483 601 1535 presto
624 1481 833 1523 uerrebbe
856 1484 925 1522 un’
945 1482 1059 1523 altro
1083 1481 1160 1523 che
1184 1481 1220 1522 ci
1243 1480 1359 1522 saria
1381 1480 1601 1522 mandato.
1640 1480 1684 1521 Jl
1706 1480 1752 1522 P.
1772 1479 1920 1530 Nat-al,

161 1559 281 1587 come
313 1545 454 1588 hauea
485 1545 679 1588 riceuuto
721 1561 808 1588 una
848 1547 1007 1589 lettera
1049 1546 1090 1588 di
1121 1546 1174 1589 V.
1209 1546 1259 1588 R..
1294 1548 1338 1587 et
1380 1547 1612 1599 aspettaua
1654 1545 1774 1587 detto
1812 1544 1922 1586 libro

161 1624 240 1652 con
281 1610 506 1661 desiderio,
553 1611 696 1654 subito
738 1612 764 1653 l'
789 1611 926 1653 hebbe
969 1612 1052 1653 alle
1093 1611 1222 1661 mani,
1269 1613 1313 1653 et
1355 1613 1508 1664 questa
1550 1610 1736 1653 mattina
1776 1609 1835 1651 mi
1866 1610 1924 1652 ha

161 1676 295 1726 detto,
330 1675 408 1718 che
439 1676 580 1718 liauea
611 1677 720 1719 letto
754 1677 882 1718 credo
910 1676 965 1718 da
989 1678 1074 1719 .60.
1097 1676 1218 1730 fogli,
1253 1678 1298 1718 et
1329 1676 1388 1729 gli
1422 1678 1625 1718 contento
1657 1675 1792 1717 molto
1825 1674 1924 1728 quel

161 1741 238 1783 che
271 1741 326 1783 ha
358 1742 480 1792 letto,
526 1744 570 1784 et
603 1742 690 1784 cosi
724 1745 747 1783 e
780 1742 835 1784 da
868 1742 1043 1784 credere
1077 1743 1333 1784 contentara
1374 1741 1473 1794 quel
1518 1741 1595 1782 che
1636 1743 1767 1791 resta,
1812 1744 1855 1782 et
1898 1741 1923 1781 3

160 1806 232 1855 lui,
268 1809 312 1848 et
344 1807 433 1860 agli
465 1807 580 1857 altri,
615 1807 692 1849 che
724 1807 765 1849 10
798 1807 1077 1861 leggeranno.
1123 1807 1185 1848 La
1207 1806 1442 1849 settimana
1466 1806 1543 1847 che
1566 1806 1690 1847 uiene
1713 1805 1922 1860 pjacendo

162 1884 188 1913 3
220 1871 301 1913 Dio
334 1871 370 1912 si
402 1874 530 1925 potra
562 1872 753 1914 scriuere
787 1872 969 1925 qualche
1003 1886 1104 1914 cosa
1137 1872 1178 1913 di
1200 1871 1285 1925 piu,
1320 1873 1365 1913 et
1386 1885 1433 1912 se
1456 1871 1608 1913 alcuno
1633 1871 1752 1913 auiso
1776 1884 1924 1912 00001·-

162 1950 281 1978 resse
323 1936 515 1978 douersic
561 1938 638 1979 dar
680 1952 705 1979 3
737 1938 789 1980 V.
822 1937 873 1979 R.
908 1937 944 1979 si
977 1937 1094 1981 dara.
1159 1937 1204 1978 L'
1232 1936 1528 1978 Illustrissimo
1562 1936 1789 1978 Cardinale
1822 1935 1923 1977 Osio

162 2004 290 2055 potra
336 2001 470 2043 ueder
515 2002 545 2043 il
589 2002 776 2044 secondo
820 2003 1004 2053 uolume,
1052 2016 1182 2044 ouero
1225 2001 1362 2055 copia,
1405 2001 1482 2043 che
1524 2001 1563 2042 01
1603 2001 1658 2043 ha
1702 2013 1923 2055 promesso

161 2067 187 2107 l'
207 2066 505 2108 Illustrissimo
529 2067 800 2120 Augustano,
835 2067 993 2121 perche
1027 2069 1180 2120 questo
1212 2066 1349 2120 primo
1382 2080 1468 2107 non
1500 2066 1642 2108 uscira
1674 2065 1923 2108 facilmente

162 2131 276 2173 dalle
308 2131 424 2173 mani
447 2132 499 2173 de
531 2132 682 2175 nostri.
717 2132 769 2175 V.
792 2132 843 2174 R.
868 2132 1049 2175 attenda
1072 2146 1152 2174 con
1183 2132 1298 2173 buon
1331 2131 1472 2173 animo
1505 2145 1530 2173 a
1564 2131 1642 2173 dar
1663 2130 1924 2185 perfettione

162 2196 236 2238 alli
277 2196 477 2250 seguenti
518 2196 629 2246 libri,
673 2196 791 2239 30010
834 2211 1019 2251 possano
1061 2196 1201 2238 uscire
1233 2197 1276 2238 in
1318 2197 1424 2246 luce,
1468 2210 1553 2237 non
1595 2195 1630 2237 si
1664 2195 1923 2238 affaticando

163 2264 266 2316 pero
312 2264 482 2315 troppo,
530 2275 584 2303 ne
632 2261 969 2304 smenticandosi
1014 2262 1054 2303 di
1100 2276 1179 2304 sua
1219 2261 1376 2304 sanita.
1440 2261 1494 2303 Di
1528 2261 1666 2303 Roma
1709 2260 1739 2302 li
1783 2262 1848 2302 19.
1884 2260 1925 2302 di

162 2326 338 2380 Maggio
375 2328 500 2368 1571.

159 2447 308 2484 1737.
410 2448 626 2484 CANISIUS
660 2448 925 2485 SANCTO
955 2447 1342 2485 FRr—KNCISCO
1370 2446 1688 2484 BORGIAE
1721 2448 1924 2493 praeposito

349 2502 507 2545 generali
534 2502 725 2537 Societatis
752 2503 843 2537 Iesu.
1124 2505 1290 2546 Augusta
1308 2502 1575 2537 vindelicorum
1602 2502 1745 2535 2.1unii
1775 2502 1875 2536 1571.

280 2567 334 2601 Ex
369 2568 591 2612 autographo
620 2568 682 2611 (A)
713 2568 791 2611 (2⁰3
835 2569 848 2602 1
879 2580 931 2612 p.:
972 2568 1007 2601 in
1042 2580 1074 2612 p.
1103 2569 1123 2601 2
1156 2568 1262 2602 inser.
1296 2570 1331 2601 et
1367 2566 1539 2610 reliquiae
1574 2566 1670 2609 sig),
1711 2565 1828 2600 Germ.
1859 2566 1924 2600 183

163 2632 195 2653 n.
215 2620 282 2654 246
312 2620 352 2662 (f.
371 2621 440 2655 220
467 2624 503 2655 et
528 2632 581 2665 sq.
609 2633 679 2655 non
705 2621 828 2664 sign).
861 2621 1118 2666 Apographum
1140 2621 1200 2664 (B)
1228 2620 1372 2655 saeculo
1390 2619 1505 2654 XVII.
1526 2619 1576 2662 (52)
1605 2619 1778 2663 scriptum
1805 2621 1926 2653 exstat

163 2672 197 2705 in
234 2672 317 2707 Cod.
344 2685 480 2708 monac.
512 2674 608 2716 „Lat.
639 2675 749 2709 1606“
780 2676 803 2709 f.
834 2676 910 2709 151.
961 2674 1179 2709 Litterarum
1215 2677 1354 2719 partem
1390 2672 1593 2716 germanice
1629 2683 1772 2706 versam
1807 2673 1926 2717 posuit

164 2726 262 2759 Re'ess
287 2725 308 2759 l.
337 2737 366 2761 0.
392 2727 472 2761 421.
506 2727 635 2761 Iisdem
662 2728 718 2762 usi
745 2730 829 2762 sunt
849 2728 1056 2771 Sacchimcs,
1076 2727 1162 2762 Can.
1182 2727 1250 2762 278
1281 2726 1356 2770 (qui
1383 2737 1444 2760 eas
1470 2726 1513 2759 ad
1542 2725 1580 2759 P.
1601 2725 1795 2759 Polancum
1822 2725 1925 2759 datas

164 2789 242 2811 esse
268 2779 446 2822 putabat),
473 2783 507 2813 et
534 2782 673 2823 Itsz'chel,
701 2781 787 2815 Can.
814 2781 894 2815 343.

283 2844 310 2873 a)
328 2843 367 2866 ,421
386 2844 460 2874 [soff.
475 2852 548 2868 corr.
563 2853 599 2869 ex
613 2843 796 2870 habiturum.
846 2844 875 2875 b)
892 2846 1059 2876 Sequuntur
1075 2853 1114 2869 rr.
1130 2843 1211 2877 quod
1226 2843 1275 2874 mi,
1294 2844 1329 2868 ab
1344 2844 1381 2868 H.
1396 2844 1485 2868 ohlitt.
1534 2843 1560 2874 c)
1577 2843 1714 2874 Sequitur
1728 2842 1820 2870 darsi.
1833 2843 1923 2867 oblitt.

289 2937 295 2955 ¹
324 2935 456 2969 Canisii
487 2937 849 2978 ,Commentariorum
885 2939 928 2972 de
954 2937 1063 2971 Verbi
1091 2937 1156 2971 Dei
1192 2936 1423 2981 corruptelis‘
1456 2935 1630 2969 adversus
1658 2935 1924 2970 Centuriatores

166 2987 496 3030 Magdeburgenses
521 2989 610 3023 liber
636 2991 791 3034 primus:
820 3003 854 3025 v.
882 3002 992 3035 supra
1019 3003 1051 3035 p.
1071 2991 1152 3024 436.

286 3041 298 3060 ²
325 3039 410 3074 Otto
436 3040 654 3081 Truchsess;
682 3054 714 3076 V.
740 3054 848 3087 supra
874 3055 906 3087 p.
926 3044 1007 3077 459.

287 3094 300 3111 ³
326 3093 537 3127 Franciscus
564 3094 714 3137 Borgias
741 3096 966 3139 praepositus
993 3095 1183 3139 generalis.
