2044 3335
130 156 182 194 14
639 153 740 186 1481.
770 152 933 187 Canisius
961 152 1206 186 S.F1·ancisc0
1233 153 1396 197 Borgiae.

124 271 204 313 hoc
235 272 346 313 bono
379 271 593 321 Ministro,
628 271 693 312 cui
727 271 836 312 alius
869 270 1073 324 substituj
1106 285 1191 312 non
1225 274 1372 325 potest
1404 286 1430 314 a
1461 272 1597 323 nobis,
1634 272 1791 316 misere
1823 274 1896 316 de-

123 336 333 379 stituitur.
398 336 495 378 Fiat
539 339 682 378 autem
727 336 995 389 superiorum
1039 336 1257 379 voluntas,
1322 337 1379 379 Et
1422 337 1474 379 de
1509 338 1691 391 collegio
1725 338 1894 392 quidem

123 401 427 455 Herbipolensi
461 402 513 442 ad
538 401 585 443 P.
609 400 894 443 Visitatorem
928 400 1051 442 uaria
1083 400 1250 455 scripsi,
1286 404 1335 444 ut
1366 402 1403 444 is
1436 416 1581 444 coram
1615 403 1667 444 de
1699 403 1766 445 his
1801 418 1897 446 cum

122 466 379 508 Prouintiali
402 465 620 507 Rhenensi
655 466 894 509 conferret:
929 466 1116 507 scribam
1150 466 1279 508 etiam
1315 467 1369 509 ad
1392 467 1438 510 P.
1463 468 1512 510 T.
1541 467 1786 521 aliquando,
1821 469 1896 511 sed

123 545 219 572 cum
252 531 348 584 plns
382 531 466 573 erit
489 531 579 585 otij,
615 534 659 573 et
680 533 780 585 post
803 533 1029 585 acceptum
1052 531 1098 573 P.
1123 531 1298 573 Natalis
1331 546 1584 586 responsum
1619 533 1895 584 commodius,

123 599 171 638 ut
204 596 405 638 arbitror.

240 661 364 702 Alias
404 675 515 713 quae
556 661 743 715 Principi
777 661 1005 711 Bauariae,
1052 662 1103 703 D.
1139 661 1454 715 Eiseingreinio
1497 665 1541 704 et
1573 662 1618 705 P.
1654 663 1790 704 Paulo
1831 663 1896 704 in-

121 725 407 776 scribuntur1‚
440 739 535 767 cum
560 726 657 767 hinc
680 726 931 777 discessero,
956 740 1123 768 mecum
1146 726 1188 768 in
1213 727 1445 769 Bauariam
1469 727 1619 770 ferani.
1664 727 1894 770 Discedam

121 804 223 832 uero
265 791 514 845 propediem
556 791 725 833 Christo
768 792 888 842 duce,
936 791 1018 832 nisi
1059 792 1172 844 quod
1205 791 1459 833 Archidux2
1499 806 1642 834 meum
1683 793 1896 835 hactenus

122 855 358 897 discessum
400 856 594 910 impedit,
639 870 734 897 cum
776 856 862 898 alia
904 858 948 898 et
987 856 1074 898 alia
1105 856 1244 911 inijcit
1276 856 1557 899 deliberanda
1590 860 1633 899 et
1664 857 1895 900 iudicanda

121 920 257 970 nobis,
291 923 340 962 ut
366 921 418 962 de
449 921 618 975 collegij
642 922 768 963 huius
791 925 836 964 et
858 922 1033 963 scholae
1055 921 1357 972 translatione,
1393 922 1445 964 de
1468 922 1593 964 domo
1617 922 1892 973 nouitiorum,

124 985 175 1026 de
208 985 477 1028 habitatione
508 1000 621 1028 noua
653 1001 848 1029 sororum
882 987 1099 1030 etceteriS.
1164 987 1325 1037 Quibus
1358 987 1409 1029 de
1441 988 1570 1029 rebus
1604 1001 1698 1029 cum
1733 987 1893 1041 aliquid

126 1050 287 1092 certius
319 1050 402 1092 erit
435 1051 488 1092 ab
521 1051 593 1093 illo
627 1065 895 1106 responsum,
940 1052 984 1094 P.
1020 1052 1068 1094 T.
1104 1052 1332 1095 certiorem
1365 1053 1409 1094 in
1440 1056 1638 1106 tempore
1670 1052 1892 1103 faciemus,

126 1129 203 1156 nec
235 1115 350 1156 illius
382 1116 643 1158 sententiam
678 1120 1019 1161 anteuertemuS.

246 1181 380 1222 Heri3
420 1183 524 1223 uota
565 1185 832 1225 renouarunt
872 1182 1034 1224 fratres
1076 1196 1143 1224 me
1185 1182 1472 1232 sacrificante,
1515 1185 1560 1225 et
1601 1182 1894 1225 confessiones

125 1246 312 1286 omnium
361 1246 524 1300 excepi,
572 1261 754 1300 cumque
801 1247 1046 1302 praecipuis
1094 1248 1146 1289 de
1191 1248 1360 1301 collegij
1405 1247 1532 1290 huius
1574 1249 1894 1301 tranquillitate

124 1311 296 1364 saepius
319 1311 468 1352 diebus
491 1311 556 1352 his
582 1314 635 1353 14
659 1312 907 1355 deliberaui.
953 1313 1016 1355 Ac
1038 1313 1224 1367 primum
1246 1313 1351 1354 illud
1374 1313 1505 1356 fateri
1528 1327 1673 1367 cogor,
1707 1313 1893 1355 maiores

122 1376 274 1417 turbas
314 1376 358 1417 in
400 1376 484 1417 alio
526 1377 651 1418 huius
693 1378 938 1431 prouintiae
982 1378 1178 1431 collegio,
1222 1378 1453 1432 pluresque
1496 1378 1775 1420 difficultates
1807 1392 1892 1420 non

121 1441 299 1495 reperiri
313 1443 341 1483 4.
386 1442 450 1482 De
482 1442 549 1483 his
571 1442 762 1485 Rector5
793 1457 924 1497 saepe
956 1443 1130 1497 scripsit
1163 1443 1217 1486 ad
1244 1444 1290 1486 P.
1315 1443 1363 1485 T.
1397 1445 1446 1485 ut
1478 1457 1552 1484 eas
1585 1447 1784 1497 repetere
1816 1457 1891 1485 ne-

123 1520 242 1548 cesse
285 1521 368 1548 non
409 1507 466 1548 sit
480 1508 508 1550 6.
574 1508 729 1549 Grauis
769 1512 837 1551 est
869 1523 919 1550 ac
951 1509 1216 1562 permolesta
1249 1509 1426 1551 Rectori
1459 1509 1565 1550 haec
1597 1508 1776 1558 functio,
1820 1509 1891 1561 qui

122 1585 226 1613 sane
264 1572 306 1613 in
339 1572 420 1614 hac
453 1576 599 1615 aetate
632 1573 799 1626 (statim
833 1574 946 1615 enim
980 1574 1063 1616 erit
1095 1573 1428 1627 sexagenarius)
1461 1573 1668 1615 maiorem
1702 1573 1890 1626 quietem

123 1637 269 1679 multis
313 1638 449 1679 modis
494 1639 754 1681 merebatur.
820 1640 914 1692 Ego
956 1653 1003 1680 re
1044 1641 1140 1682 tota
1181 1653 1312 1693 saepe
1344 1653 1579 1693 perpensa,
1627 1639 1891 1680 commodius

122 1702 380 1755 praesidium
430 1703 678 1756 firmiusque
726 1704 963 1746 remedium
1012 1704 1078 1746 his
1125 1704 1370 1758 praesentis
1419 1704 1589 1757 collegij
1637 1703 1798 1745 morbis
1846 1706 1890 1746 et

120 1768 455 1820 tempestatibus
497 1769 590 1810 dari
631 1783 717 1810 non
758 1775 910 1824 possea
954 1770 1076 1821 duco,
1124 1784 1253 1822 quam
1295 1773 1343 1811 ut
1375 1769 1603 1811 Rectorem
1646 1769 1778 1810 alium
1820 1769 1888 1810 hic

120 1832 412 1883 instituamus,
454 1837 498 1875 et
537 1834 581 1876 P.
616 1834 826 1876 Lanoium
863 1834 924 1876 illi
966 1835 1424 1889 superintendentem?
1466 1834 1764 1887 adiungamus
1828 1834 1889 1876 Vt

121 1897 233 1938 enim
255 1897 417 1940 Rector
439 1899 485 1941 P.
509 1900 697 1941 Lanoius
728 1900 841 1941 idem
874 1903 1063 1950 maneat,
1102 1901 1240 1941 multa
1272 1900 1501 1954 prohibere
1534 1899 1747 1949 uidentur,
1781 1913 1887 1952 quo-

120 1977 214 2003 rum
248 1963 356 2004 alias
388 1963 473 2005 feci
506 1965 780 2008 mentionem.
824 1965 1044 2008 Abhorret
1073 1965 1164 2007 eius
1188 1966 1368 2016 animus,
1403 1965 1458 2006 ad
1479 1964 1666 2017 quietem
1691 1964 1887 2018 adspirat

120 2041 276 2076 senex;
320 2042 517 2070 coercere
558 2043 642 2071 non
684 2034 830 2084 potest
870 2031 1060 2072 acriores
1102 2033 1286 2072 naturae
1324 2030 1525 2083 impetus,
1568 2030 1699 2072 toties
1737 2029 1887 2071 oblata

121 2092 201 2134 sibi
244 2094 468 2136 occasione
508 2095 680 2136 rixandi
722 2099 765 2138 et
807 2096 963 2149 agendi
1007 2097 1214 2146 seuerius,
1256 2096 1300 2137 in
1333 2096 1414 2137 hac
1447 2098 1570 2137 tanta
1602 2094 1788 2136 fratrum
1821 2093 1886 2135 in-

122 2158 253 2208 curia,
279 2159 558 2212 negligentia,
592 2161 859 2203 morositate.
905 2161 1038 2203 Pauci
1059 2162 1174 2203 ferre
1196 2163 1378 2215 possunt
1400 2160 1480 2202 hoc
1503 2160 1617 2201 illius
1645 2159 1883 2213 imperium,

120 2223 292 2276 plurimi
326 2225 377 2265 de
402 2225 517 2266 illius
540 2225 695 2278 rigore,
730 2226 916 2275 cholera,
950 2227 1189 2268 tenacitate
1212 2229 1255 2268 et
1279 2226 1526 2268 rusticitate
1549 2226 1884 2277 conqueruntur,

120 2289 290 2341 alioque
322 2293 554 2343 propterea
586 2291 816 2333 transferri
849 2292 1027 2333 vellent.
1071 2291 1171 2333 Non
1203 2291 1349 2333 ferunt
1381 2290 1521 2340 facile,
1557 2290 1670 2342 quod
1700 2289 1744 2330 in
1766 2288 1885 2330 uictu

120 2355 164 2395 et
196 2354 370 2404 uestitu,
414 2359 461 2397 ut
493 2355 653 2407 dicunt,
696 2356 759 2398 ita
792 2356 1043 2399 mortificari
1076 2357 1274 2398 debeant.
1337 2355 1497 2396 Durior
1529 2355 1659 2397 etiam
1693 2353 1884 2406 aegrotis

119 2419 302 2469 uidetur,
338 2423 381 2462 et
414 2420 456 2461 in
489 2421 615 2462 horto
650 2421 828 2463 colendo
861 2422 957 2475 plus
990 2435 1127 2474 aequo
1151 2423 1329 2462 exercet
1351 2434 1458 2470 sese,
1493 2420 1650 2461 Nullus
1671 2418 1734 2459 illi
1755 2418 1884 2459 facile

117 2484 347 2533 satisfacit,
391 2486 495 2526 nulli
529 2486 662 2527 fidere
695 2486 866 2536 dicitur,
911 2489 954 2528 et
987 2487 1088 2528 dum
1121 2486 1303 2528 aliorum
1337 2486 1469 2528 etiarn
1501 2486 1766 2526 infirmorum
1803 2483 1882 2524 mi-

118 2548 309 2602 nisterijs
341 2563 418 2603 per
450 2564 495 2591 se
528 2551 651 2604 fungi
684 2551 790 2602 vult,
826 2551 1055 2605 perturbat
1088 2551 1225 2604 magis
1253 2565 1380 2604 quam
1403 2551 1525 2592 iuuat
1548 2548 1839 2591 oeconomiam
1853 2549 1881 2590 8.

118 2613 253 2654 Credo
286 2615 535 2656 memoriam
571 2616 680 2657 bono
714 2619 758 2658 et
790 2619 941 2659 sancto
975 2616 1067 2658 seni
1101 2630 1185 2657 non
1217 2617 1387 2657 fidelem
1421 2628 1529 2665 esse,
1563 2614 1763 2666 uiresque
1788 2618 1879 2655 tum

236 2714 263 2736 a)
285 2712 422 2743 Sequitur
442 2711 551 2743 sentio,
572 2721 589 2737 (ι
611 2714 639 2736 Γ.
661 2713 749 2737 ablitt.

241 2828 248 2847 ¹
276 2828 423 2862 Alberto
448 2829 490 2863 V.
519 2830 610 2870 duci,
648 2830 803 2863 Mai-tino
830 2830 1043 2874 Eisengrein
1071 2830 1320 2864 universitatis
1356 2828 1648 2873 ingolstadiensis
1674 2827 1878 2872 professori,

117 2880 154 2913 P.
185 2880 295 2914 Paulo
322 2880 469 2915 Hoffaeo
497 2882 637 2924 collegii
665 2883 889 2917 monacensis
916 2883 1163 2918 contionatori.
1308 2882 1321 2903 ²
1348 2882 1594 2916 Ferdinandus
1620 2881 1664 2915 II.

237 2935 248 2953 ³
275 2934 339 2967 Die
366 2935 614 2979 Assumptioni
642 2935 776 2969 Beatae
802 2936 939 2970 Mariae
959 2936 1122 2979 Virginis
1148 2948 1261 2971 sacro,

236 2989 247 3006 ⁴
274 2986 326 3020 De
352 2987 408 3022 his
434 2988 516 3020 vide
543 2989 650 3021 etiam
679 2988 782 3029 infra,
810 3000 903 3022 mon.
932 3001 1007 3023 oen.
1039 2989 1214 3033 (3)—(5).
1363 2990 1374 3009 ⁵
1400 2989 1439 3023 P.
1466 2987 1636 3021 Nicolaus
1663 2987 1828 3021 Lanoius.

236 3040 248 3058 ⁶
275 3040 327 3074 Cf.
358 3042 444 3074 Can.
464 3041 495 3073 V
517 3041 583 3075 773
612 3041 810 3075 775-779.

237 3094 248 3113 ⁷
275 3093 325 3127 De
352 3093 418 3127 hoc
444 3094 562 3127 officio
590 3106 622 3127 v.
656 3095 741 3127 Can.
771 3094 819 3127 lIl
846 3095 931 3128 260ι
958 3098 993 3128 et
1019 3096 1175 3129 maxime
1202 3095 1290 3139 Epp.
1318 3095 1441 3128 Nadal
1467 3094 1516 3127 IV
1534 3093 1733 3128 425—433.

236 3148 247 3165 ⁸
274 3146 325 3180 De
352 3146 407 3180 his
434 3146 589 3190 querelis
616 3147 698 3180 vide
724 3148 830 3180 etiam
859 3147 964 3187 infra,
992 3160 1083 3181 mon.
1111 3160 1188 3181 oen.
1216 3148 1270 3191 (3)
1301 3147 1366 3190 (8).
