2044 3335
148 94 232 134 342
693 93 794 127 1676.
822 91 987 126 Canisius
1014 91 1176 126 Materno
1204 91 1363 127 Cholino.

147 209 312 251 animos
344 209 681 261 Magistratuum
716 209 769 250 ad
802 208 912 250 hanc
945 208 1265 250 diuexationem
1296 207 1543 250 Catholicae
1575 208 1735 262 partis:
1769 221 1908 261 neque

147 274 283 315 solum
316 273 410 315 iura
443 272 599 323 diuina,
634 273 914 326 negliguntur
946 273 1021 314 sed
1043 287 1182 326 neque
1205 273 1377 327 Imperij
1402 273 1589 324 decreta,
1623 286 1762 327 neque
1785 273 1906 315 Caes.

146 338 247 380 Mai.
281 339 482 379 uoluntas
524 341 567 380 et
600 338 843 380 authoritas
885 338 998 391 apud
1039 338 1147 380 istos
1189 338 1301 391 quod
1335 352 1518 390 aequum
1557 340 1600 380 et
1628 339 1791 392 justum
1826 339 1905 387 est,

146 403 354 445 obtinent.
419 402 537 452 Quod
583 402 618 444 si
663 402 956 444 dissimuletur
999 403 1155 456 magis,
1203 407 1247 445 et
1290 403 1472 445 istorum
1516 416 1600 444 non
1645 402 1908 457 reprimatur

145 467 340 517 audacia,
375 467 596 509 audebunt
629 471 673 510 et
696 468 808 510 aliae
831 467 1045 517 civitates,
1080 481 1191 520 quae
1224 482 1307 509 non
1339 467 1487 522 procul
1521 468 1691 517 absunt,
1726 467 1906 509 eandem

144 532 330 586 experiri
363 532 637 586 tyrannidem
671 535 715 574 et
747 533 981 575 Catholicis
1012 533 1099 574 uim
1132 533 1305 583 inferre,
1346 535 1390 574 et
1423 546 1548 574 sacra
1580 536 1731 576 nostra
1763 532 1906 574 omnia

144 598 411 640 conculcare.
475 598 523 639 Id
557 611 660 639 vero
692 612 746 640 ne
778 599 867 648 fiat,
902 597 1259 651 quemadmodum
1295 598 1458 640 Sathan
1500 611 1578 651 per
1610 612 1712 640 suos
1744 598 1905 639 electos

144 662 363 704 ministros
395 663 534 716 magis
567 663 791 716 magisque
825 665 1018 713 conatur,
1062 663 1118 705 sit
1159 663 1330 704 domino
1363 662 1533 717 parenti
1567 677 1696 705 curae
1728 665 1907 716 propter

144 741 240 769 eum
272 727 424 777 zelum,
468 741 593 780 quem
634 728 820 770 libenter
852 728 1003 770 tribuit
1035 727 1251 781 Religioni
1293 730 1337 770 et
1369 727 1497 770 matri
1531 726 1746 769 communi
1778 727 1906 768 debet

144 793 380 835 Ecclesiae.

261 858 378 899 Bene
411 858 508 900 uale
533 858 576 900 in
599 857 781 908 Christo,
816 861 860 901 et
882 858 996 900 inter
1018 858 1266 912 scorpiones
1298 857 1368 899 fac
1400 858 1533 911 probe
1556 860 1751 900 armatus
1774 859 1905 909 atque

143 922 332 965 munitus
364 922 539 964 incedas
557 925 581 973 1,
617 922 778 977 optime
810 923 1120 966 Maximiliane.
1185 924 1424 976 Augustae.
1461 923 1482 964 7
1517 922 1621 975 Julij
1659 923 1784 964 1569.

1069 1000 1185 1041 Tuus
1217 999 1261 1041 in
1294 999 1461 1041 Christo
1495 999 1541 1041 P.
1576 998 1784 1041 Canisius.

259 1083 286 1134 †
319 1082 464 1124 Nobili
498 1082 765 1125 adolescenti
787 1083 970 1124 Domino
994 1082 1291 1124 Maximiliano
1322 1081 1491 1135 Jlsingo
1524 1081 1664 1123 amico
1697 1081 1903 1136 majorem

140 1148 184 1190 in
217 1148 389 1189 modum
423 1147 708 1192 observando,
1762 1182 1769 1189 .

1304 1183 1361 1224 Jn
1394 1182 1494 1225 aula
1526 1182 1648 1225 Caes.
1681 1182 1783 1235 MaJ.

141 1325 291 1362 1676.
353 1325 570 1360 CANISIUS
590 1323 923 1361 MATERNO
945 1324 1246 1361 CHOLINO
1268 1326 1426 1360 senatori
1445 1326 1662 1371 reipublicae
1681 1325 1903 1367 coloniensis,

329 1379 544 1424 bibliopolae
570 1379 882 1424 typographoque.
1083 1381 1250 1423 Augusta
1275 1379 1543 1413 Vindelicorum
1571 1380 1626 1413 12.
1646 1379 1724 1413 Iulii
1755 1379 1854 1413 1569.

258 1449 314 1484 Ex
341 1450 548 1495 apographo
579 1450 655 1494 (2⁰;
682 1450 703 1484 2
730 1451 818 1495 pp.)‚
846 1450 939 1494 quod
965 1449 1108 1484 saeculo
1126 1449 1221 1484 XVI.
1241 1449 1300 1484 vel
1317 1450 1432 1484 XVII.
1458 1450 1630 1494 scriptum
1650 1461 1729 1483 esse
1748 1448 1902 1483 videtur.

140 1503 224 1538 Can.
252 1504 297 1537 56
324 1504 348 1537 f.
375 1515 444 1537 non
471 1504 563 1547 sign.

260 1568 408 1601 Cholvino
431 1569 571 1611 qratias
597 1569 679 1612 ayit.
723 1570 767 1602 In
799 1570 1071 1602 Transsilvam'a
1097 1569 1330 1601 Arianismus
1355 1569 1593 1601 instauratur.
1645 1568 1735 1601 Novi
1765 1569 1801 1600 in
1830 1568 1903 1601 dies

138 1632 278 1654 errores
304 1626 514 1655 nascuntur.
565 1622 800 1655 Protestantes
834 1623 901 1655 alia·
935 1623 1025 1655 alios
1044 1625 1318 1665 persequuntur.
1371 1622 1545 1664 Populum
1584 1622 1813 1664 maqistratus
1840 1623 1903 1654 im-

136 1676 297 1718 pedium,
324 1676 512 1718 quominus
538 1676 586 1708 ad
612 1676 787 1709 ecclesicmz
813 1677 943 1709 redeat.
989 1676 1210 1709 Colom'enses
1235 1679 1347 1707 tamen
1376 1675 1412 1707 {n
1441 1674 1508 1716 fide
1534 1678 1729 1708 constantes
1753 1679 1846 1707 sunt.

341 1752 435 1794 Pax
468 1753 625 1795 Christi
657 1752 779 1794 nobis
812 1755 992 1794 aeterna
1024 1752 1257 1794 humaniss.
1292 1751 1462 1793 domine
1494 1752 1691 1794 Materne
1711 1752 1738 1791 2.

258 1823 407 1865 Habeo
449 1824 636 1877 gratiam
676 1824 789 1877 quod
821 1838 898 1878 pro
931 1823 1071 1866 veteri
1103 1822 1405 1864 beneuolentia
1438 1824 1483 1864 et
1515 1822 1728 1864 charitate
1760 1822 1803 1863 in
1835 1836 1902 1863 me

138 1890 215 1929 tua
236 1889 545 1930 numerandam
571 1889 737 1931 curaris
768 1889 1008 1943 pecuniam,
1042 1902 1170 1942 quam
1192 1888 1350 1942 partim
1375 1887 1571 1929 dominus
1604 1888 1904 1940 suffraganeus

140 1953 506 2006 Herbipolensis3,
555 1955 713 2008 partim
762 1956 1032 2007 augustanus
1073 1953 1306 2006 bibliopola
1352 1952 1438 1994 iam
1486 1952 1734 1994 extinctus4
1782 1952 1904 1994 nobis

140 2017 339 2067 reddidit,
373 2018 505 2072 Cupio
538 2019 617 2061 tibi
649 2019 838 2060 vicissim
871 2032 1126 2072 quacunque
1157 2018 1201 2060 in
1233 2031 1280 2059 re
1312 2017 1472 2071 possim
1500 2016 1751 2070 gratificari,
1786 2016 1903 2059 Nihil

140 2082 207 2123 hic
248 2083 348 2124 noui
395 2085 462 2125 est
503 2084 747 2126 admodum.
809 2083 1215 2136 Wittenbergenses
1257 2082 1467 2135 Theologi
1508 2096 1603 2123 cum
1645 2081 1904 2124 Jenensibus

141 2148 370 2189 conuenire
402 2161 487 2189 non
519 2151 712 2202 possunt,
747 2151 963 2200 augentur
995 2162 1142 2190 eorum
1166 2148 1410 2190 simultates
1432 2147 1635 2199 vtrinque
1648 2148 1676 2197 5,
1712 2147 1904 2200 Surgunt

265 2277 274 2296 ¹
300 2276 352 2310 Cf.
380 2276 429 2310 ΕΖ
456 2277 487 2318 2,
515 2278 554 2312 6:
583 2276 631 2310 Lc
662 2277 713 2318 10,
743 2276 796 2310 19.

261 2330 273 2349 ²
298 2330 486 2364 Maternus
512 2329 683 2364 Cholinus
710 2341 740 2364 a.
761 2330 995 2364 1562—1586
1022 2329 1064 2363 de
1090 2331 1218 2363 senatu
1245 2329 1462 2374 reipublicae
1489 2328 1701 2363 coloniensis
1728 2330 1814 2362 erat.
1851 2328 1902 2361 De

143 2394 183 2416 eo
209 2383 255 2417 cf.
275 2384 428 2417 Schrb'rs
453 2383 475 2417 1.
492 2395 522 2417 c.
539 2384 736 2424 151—161,
764 2386 800 2417 et
817 2385 882 2417 Fr.
898 2384 1038 2426 Hipler,
1065 2382 1130 2416 Die
1157 2383 1353 2416 deutschen
1372 2382 1566 2425 Predigten
1585 2381 1656 2415 und
1676 2380 1902 2415 Katechesen

143 2436 205 2469 der
231 2436 517 2470 erml‘andischen
544 2436 712 2471 Bischofe
740 2436 872 2471 Hosius
898 2437 969 2470 und
996 2436 1158 2477 Kromer,
1185 2436 1278 2470 Koln
1306 2435 1408 2477 1885,
1438 2435 1544 2469 137—
1556 2435 1621 2469 140
1650 2434 1847 2468 163—177.

262 2490 275 2509 ⁸
301 2490 478 2524 Antonius
505 2489 680 2524 Reschius
707 2490 747 2524 Ο.
768 2489 846 2529 Pr.;
875 2502 908 2523 v.
927 2501 1037 2534 supra
1063 2501 1095 2534 p.
1117 2490 1193 2523 186.

262 2544 274 2562 ⁴
300 2543 452 2577 Ioannes
477 2543 735 2578 Burtenbach‘?
778 2543 1013 2577 Sebastianus
1039 2542 1281 2577 Rosenblatt‘?
1319 2541 1409 2576 Vide
1435 2552 1544 2585 supra
1570 2552 1603 2584 p.
1623 2540 1717 2574 330³.

263 2596 276 2614 ⁵
302 2596 399 2629 Inter
424 2596 610 2640 theologos
636 2596 886 2631 universitatis
912 2595 1225 2639 vitembergensis,
1261 2595 1332 2639 qui,
1368 2593 1656 2628 Melanchthonis
1689 2592 1822 2637 placita
1848 2605 1901 2627 se-

145 2650 306 2691 quentes,
342 2650 563 2683 moderatum
591 2650 768 2694 quendam
799 2649 1110 2683 Lutheranismum
1137 2649 1337 2689 tradebant,
1373 2649 1409 2681 et
1442 2646 1630 2689 theologos
1656 2646 1902 2680 universitatis

145 2700 311 2742 ienensis,
348 2703 406 2744 qui
441 2703 596 2746 rigidum
632 2703 733 2737 illum
760 2703 872 2737 Flacii
907 2702 1041 2748 Illyrici
1069 2701 1384 2736 Lutheranismum
1411 2699 1660 2739 defendebant,
1696 2700 1795 2744 pacis
1822 2711 1903 2733 con-

147 2753 321 2787 ciliandae
347 2756 463 2796 gratia
490 2757 696 2790 auctoribus
723 2758 888 2799 Augusto
916 2756 1092 2790 Saxoniae
1119 2755 1278 2800 principe
1306 2754 1458 2787 electore
1494 2756 1529 2786 et
1556 2753 1685 2786 Ioanne
1712 2751 1902 2786 Guilielmo

147 2805 323 2840 Saxoniae
349 2808 437 2841 duce
466 2809 676 2852 Altenburgi
713 2822 759 2843 m.
787 2809 933 2844 Octobri
962 2810 1051 2843 1568
1079 2808 1294 2852 colloquium
1331 2807 1372 2840 de
1398 2806 1569 2848 religione
1595 2805 1801 2840 incohatum
1827 2807 1900 2845 est,

147 2859 251 2902 quod,
287 2871 365 2893 cum
397 2862 437 2893 14
464 2861 705 2896 hebdomadas
741 2863 783 2896 de
810 2862 1063 2896 iustificatione
1090 2862 1263 2895 acerrime
1289 2860 1544 2904 disputassent,
1580 2870 1626 2892 m.
1653 2857 1782 2892 Martio
1811 2857 1900 2892 1569

148 2912 337 2956 abruptum
374 2916 429 2946 est
464 2914 524 2953 ita,
560 2917 599 2947 ut
626 2935 668 2937 —
696 2917 846 2949 Ioannis
881 2917 1064 2949 Domina-1:
1097 2915 1273 2948 Haberzin
1310 2912 1471 2946 historici
1509 2912 1744 2956 protestantis
1781 2910 1901 2944 verbis

147 2966 228 2998 utor
253 2984 298 2989 ——
330 2966 404 3007 „die
431 2966 646 3001 Zwietracht
672 2968 742 3001 und
770 2969 833 3001 das
859 2968 1020 3008 Lastern,
1047 2967 1139 3001 nach
1167 2966 1384 3005 demselben,
1411 2965 1496 2998 weit
1521 2969 1664 3008 grosser
1689 2964 1820 3005 wurde,
1848 2963 1901 2997 als

148 3017 295 3052 vorher“
330 3019 367 3058 (l.
395 3030 425 3052 c.
452 3019 517 3052 VII
545 3020 631 3060 5873
658 3020 823 3053 similiter
848 3023 1004 3054 Janssen
1030 3021 1052 3055 l.
1081 3033 1108 3055 c.
1135 3020 1185 3054 IV
1210 3019 1295 3039 ¹⁵‘¹⁶·
1322 3017 1518 3058 361—362,
1550 3019 1585 3051 et
1610 3019 1656 3051 K.
1684 3019 1727 3050 A.
1755 3017 1901 3059 Menzel,

148 3071 287 3105 Neuere
315 3070 528 3105 Geschichte
556 3072 617 3106 der
643 3072 847 3106 Deutschen
873 3075 943 3108 seit
969 3074 1030 3107 der
1057 3073 1300 3107 Reformation
1327 3071 1368 3112 ll,
1397 3070 1545 3104 Breslau
1574 3070 1674 3111 1854,
1701 3070 1800 3113 439).
