2044 3335
177 112 262 153 454
754 109 855 143 1742.
882 108 1046 143 canisius
1072 108 1295 143 Ferdinando
1322 109 1366 144 ΙΙ.

176 230 273 281 post
315 227 537 268 Lectorem
584 225 777 279 pluribus
822 224 1166 275 admonebimus,
1213 238 1433 279 quousque
1477 226 1657 268 istorum
1702 239 1935 280 progressa

176 292 233 334 sit
277 291 488 345 impietas,
532 290 602 343 qui
645 303 700 330 ex
733 290 813 331 Dei
846 290 993 339 verbo,
1039 303 1124 331 non
1165 304 1287 331 suum
1330 291 1469 340 modo,
1512 291 1587 331 sed
1621 294 1678 341 et,
1724 291 1758 332 si
1801 291 1934 332 libere

176 356 399 398 dicendum
434 358 512 403 est,
547 355 766 396 Sathanae
798 355 977 396 verbum
1011 354 1185 396 efficere
1217 368 1303 396 non
1334 355 1655 399 reformidanffl.

293 421 386 473 Ego
418 434 523 461 vero
555 419 633 461 has
667 419 808 473 operis
841 419 978 462 nostri
1011 418 1238 473 primitias,
1280 420 1599 472 qualescunque
1632 420 1801 462 demum
1833 420 1935 463 illae

174 485 489 533 iudicabuntur,
533 484 639 526 nulli
681 499 786 526 sane
827 484 1045 534 libentius,
1089 498 1215 537 quam
1259 484 1350 534 tibi,
1395 484 1677 527 Serenissime
1717 485 1933 539 Princeps,

175 550 416 591 offerendas
449 550 794 602 dedicandasque
826 549 999 604 putaui:
1042 551 1172 601 teque
1214 549 1344 591 etiam
1388 552 1519 602 atque
1561 549 1692 592 etiam
1733 564 1853 602 rogo,
1887 553 1936 592 vt

172 629 240 656 me
272 615 517 665 Catholicis,
552 615 632 656 hoc
665 618 744 665 est,
780 613 1033 668 legittimisb
1065 613 1197 655 armis
1231 628 1325 656 cum
1359 614 1594 656 coniuratis
1616 615 1934 656 Catholicorum

172 680 368 722 hostibus
401 680 692 734 depugnante,
736 695 819 721 non
861 679 987 721 modo
1031 680 1255 732 spectator
1294 678 1502 729 intentus,
1544 679 1619 721 sed
1660 680 1770 721 fidus
1803 679 1935 722 etiam

172 747 381 798 patronus
414 745 567 786 adesse
600 759 683 786 non
717 744 927 798 graneris.
977 744 1163 785 Tantum
1188 743 1299 784 enim
1333 746 1401 785 est
1433 758 1587 786 nomen
1620 746 1755 794 tuum,
1787 747 1935 787 tanta-

172 824 254 863 que
295 809 551 860 authoritas,
596 813 645 852 vt
686 810 799 863 quod
840 808 1083 863 patrocinio
1115 811 1190 850 tuo
1225 809 1571 850 commendatum
1604 812 1683 859 est,
1726 809 1935 851 aduersus

172 876 437 917 aemulorum
478 875 667 917 latratus
709 878 752 917 et
794 874 979 916 insultus
1025 887 1121 915 sese
1162 873 1290 915 facile
1331 876 1520 916 tueatur.
1585 874 1699 915 Nam
1740 876 1936 928 praeter⁰

170 940 332 994 ingenij
365 940 430 982 tui
462 940 548 981 vim
582 954 633 982 ac
665 939 981 994 praestantiam
1008 938 1285 991 singularem,
1321 945 1470 991 quam⁰
1491 938 1533 979 in
1558 938 1935 981 administratione

170 1005 292 1059 Reip.
316 1020 400 1047 non
417 1005 614 1047 obscure
641 1006 927 1054 demonstras,
963 1005 1007 1045 et
1031 1007 1206 1057 praeter
1227 1004 1443 1046 heroicam
1467 1004 1597 1046 animi
1621 1004 1933 1053 fortitudinem,

171 1084 255 1122 qua
297 1084 368 1112 res
412 1073 456 1112 et
500 1070 698 1112 labentes
741 1069 896 1122 erigis,
944 1070 988 1110 et
1029 1069 1188 1110 arduas
1231 1068 1512 1123 difficilesque
1556 1069 1834 1119 moderarisd,
1885 1083 1934 1110 eo

169 1135 341 1187 generis
374 1136 505 1177 etiam
539 1137 583 1177 et
614 1135 823 1177 natalium
859 1134 1087 1187 splendore
1121 1133 1429 1176 cohonestatus
1462 1140 1543 1184 ese,
1578 1133 1673 1176 vtf1
1704 1134 1936 1176 nobiliores

170 1202 214 1242 et
244 1199 503 1241 illustriores
536 1199 579 1240 in
610 1199 816 1253 imperiog
847 1198 1071 1252 Principes
1104 1198 1243 1240 nullos
1276 1199 1526 1241 habeamus.
1580 1199 1684 1241 Noti
1717 1202 1818 1241 sunt
1851 1198 1934 1247 aui,

168 1264 260 1306 noti
292 1265 443 1318 proaui
475 1264 539 1306 tui
573 1279 627 1306 ex
660 1264 896 1306 Austriaca
928 1263 1064 1317 stirpe
1102 1263 1329 1317 progeniti,
1374 1277 1481 1316 quos
1522 1263 1682 1318 partim
1714 1264 1935 1306 Catholica

168 1329 334 1382 religio,
380 1329 540 1382 partim
585 1330 769 1382 probata
817 1329 933 1370 vitae
978 1342 1230 1381 morumque
1275 1328 1529 1382 integritas,
1577 1329 1735 1382 partim
1781 1328 1935 1370 bellica

168 1394 335 1437 virtush
378 1394 421 1435 in
466 1397 636 1437 tantum
679 1394 846 1436 culmen
890 1393 1059 1443 euexit,
1107 1396 1155 1435 Vt
1196 1407 1478 1447 permagnam
1520 1394 1722 1447 Europae
1766 1397 1934 1447 partem

168 1459 249 1501 sibi
280 1459 556 1510 subiecerint,
592 1462 636 1502 et
668 1459 834 1512 aliquot
865 1459 951 1501 iam
983 1459 1140 1500 seculis
1173 1473 1343 1501 sacrum
1366 1458 1490 1501 Rom.
1515 1458 1745 1513 Imperium
1769 1473 1935 1500 summa

170 1539 263 1566 cum
297 1524 425 1566 laude
457 1524 755 1578 gubernarint.
806 1524 925 1566 Nihil
959 1524 1098 1565 dicam
1133 1524 1185 1565 de
1218 1523 1379 1577 optimo
1413 1526 1457 1566 et
1490 1523 1751 1576 aequissimo
1784 1523 1934 1565 lauda-

168 1589 420 1642 tissimoque
444 1589 641 1643 Principe
675 1592 720 1632 et
741 1590 1010 1644 Imperatore
1034 1589 1084 1631 D.
1104 1588 1491 1630 FERDINANDO
1516 1591 1641 1643 patre
1673 1592 1780 1639 tu0¹,
1811 1589 1932 1630 cuius

169 1658 352 1698 mortem
395 1655 516 1697 velut
558 1655 773 1697 communi
817 1657 1000 1709 parente
1046 1654 1199 1696 orbata
1232 1654 1465 1696 Germania
1507 1654 1620 1696 luxit
1662 1653 1820 1706 atquek
1861 1654 1934 1695 de-

169 1720 358 1773 plorauit
371 1720 399 1762 2.
464 1722 528 1762 Ac
570 1720 654 1763 suit
694 1720 767 1762 ille
809 1720 979 1773 quidem
1013 1719 1133 1769 felix,
1177 1719 1212 1760 si
1244 1719 1323 1760 hoc
1357 1732 1511 1760 nomen
1545 1719 1801 1761 mortalibus
1833 1733 1935 1760 vere

169 1788 315 1838 potest
347 1786 612 1838 contingere,
646 1785 754 1827 felix
786 1785 975 1838 inquam,
1010 1798 1095 1826 non
1118 1798 1143 1826 a
1166 1784 1409 1837 subiugatis
1432 1784 1641 1834 hostibus,
1675 1798 1781 1837 quos
1804 1784 1934 1825 etiam

169 1850 342 1903 tyranni
382 1850 640 1892 ferocissimi
671 1863 984 1904 saepenumero
1018 1849 1098 1891 sibi
1140 1848 1462 1891 subiecerunt¹z
1505 1863 1590 1890 non
1631 1863 1656 1890 a
1698 1849 1934 1903 reportatis

170 1915 325 1968 amplis
366 1915 528 1969 spolijs,
573 1929 682 1968 quae
724 1915 1025 1969 cupidissimos
1067 1917 1111 1957 et
1143 1913 1448 1968 rapacissimos
1490 1913 1682 1955 homines
1716 1914 1934 1957 delectare

171 1979 342 2032 quidem
373 1983 567 2034 possunt,
603 1981 779 2034 explere
811 1983 956 2022 autem
991 1982 1035 2021 et
1067 1979 1230 2021 satiare
1264 1979 1381 2020 nullo
1404 1979 1552 2020 modo:
1587 1979 1663 2020 sed
1695 1993 1721 2020 a
1753 1993 1858 2020 vera
1891 1982 1934 2021 et

171 2044 414 2087 orthodoxa
445 2045 666 2099 religione.
711 2059 820 2098 quae
862 2046 915 2086 ad
958 2045 1066 2086 bene
1099 2045 1312 2097 beateque
1345 2044 1577 2086 viuendum
1609 2043 1804 2097 inprimis
1836 2058 1934 2097 per-

169 2109 292 2160 tinet,
326 2124 497 2164 semper
527 2110 698 2163 integre
726 2113 997 2160 censeruata,
1032 2112 1077 2152 et
1100 2110 1152 2152 ab
1177 2123 1228 2151 ea
1251 2109 1493 2163 prudentia,
1528 2123 1612 2161 qua
1636 2108 1933 2150 difficillimum

170 2175 336 2216 ruentis
367 2175 535 2229 imperij
569 2178 732 2217 statum
765 2175 943 2216 mirifice
976 2174 1254 2224 sustentauit,
1296 2178 1340 2217 et
1372 2175 1425 2216 ob
1458 2174 1575 2216 vitae
1608 2173 1932 2227 synceritatem,

172 2254 299 2292 quam
323 2243 367 2282 et
389 2240 576 2294 optimus
599 2241 707 2291 Rex,
743 2244 785 2282 et
819 2240 1084 2282 clarissimus
1107 2240 1350 2293 Imperator
1381 2240 1444 2282 ita
1465 2244 1676 2294 perpetuo
1699 2239 1933 2292 praestitit,

171 2307 221 2346 vt
261 2319 345 2347 non
387 2306 526 2347 solum
568 2305 682 2359 apud
723 2305 900 2355 vicinos,
948 2305 1101 2358 quibus
1145 2305 1362 2346 maximae
1403 2304 1487 2347 fuit
1529 2303 1812 2354 venerationi,
1858 2304 1935 2345 sed

172 2369 301 2412 etiam
335 2370 450 2424 apud
482 2374 657 2413 exteros
690 2373 734 2412 et
765 2370 976 2412 immanes
998 2370 1163 2411 'Furcas
1185 2370 1356 2411 laudem
1390 2372 1434 2412 et
1465 2369 1650 2423 gloriam
1683 2369 1762 2410 sibi
1795 2369 1934 2410 maxi-

172 2449 284 2476 mam
330 2435 582 2478 conciliarit.
647 2435 786 2477 Huius
832 2438 881 2477 tu
928 2448 1084 2476 nomen
1129 2434 1476 2488 auspicatissime
1522 2433 1643 2475 nobis
1689 2433 1841 2483 refers,
1891 2437 1935 2475 et

291 2510 317 2537 a)
331 2509 542 2539 reformidant,
562 2516 695 2542 sequens
710 2516 782 2534 mox
797 2508 834 2534 ad
848 2508 1007 2534 Lectorem
1020 2508 1222 2542 praemonitio
1239 2507 1463 2534 demonstrabit
1476 2510 1500 2532 3.
1552 2506 1580 2539 b)
1595 2506 1740 2539 legitimis
1755 2509 1778 2532 4.
1834 2509 1859 2537 c)
1875 2508 1935 2532 Hoc

175 2558 196 2573 ι».
218 2558 271 2574 non
293 2555 334 2575 est
356 2552 383 2575 in
405 2553 421 2575 3
435 2553 459 2577 4.
528 2551 557 2582 dJ
579 2551 706 2576 obscure
727 2550 844 2576 cunctis
865 2549 1012 2579 ostendis,
1039 2550 1070 2575 et
1089 2550 1182 2575 animi
1201 2549 1325 2575 heroica
1344 2548 1526 2574 fortitudine
1546 2556 1596 2574 res
1617 2547 1756 2573 labentes
1776 2548 1878 2580 erigis.
1903 2548 1934 2573 et

173 2590 282 2616 arduas
308 2599 380 2624 pace
408 2591 550 2625 belloque
569 2591 740 2618 moderaris
759 2594 776 2617 3
790 2594 813 2617 4.
889 2593 915 2623 e)
937 2593 996 2616 Hoc
1016 2600 1040 2617 v.
1062 2600 1115 2616 non
1137 2595 1178 2616 est
1198 2592 1229 2616 in
1248 2593 1265 2616 3
1278 2593 1303 2616 4.
1377 2590 1404 2621 f)
1425 2591 1495 2615 Vide
1517 2591 1608 2621 infra,
1629 2591 1696 2615 adn.
1713 2593 1735 2615 1.
1809 2592 1838 2621 g)
1860 2589 1933 2615 Ger-

174 2632 271 2657 mania
291 2636 307 2657 3
321 2635 344 2657 4.
414 2633 444 2664 h)
466 2635 499 2658 In
520 2636 536 2659 3
551 2636 564 2658 2(
585 2634 690 2658 addita
708 2637 776 2658 sunt
797 2642 856 2658 vr..-
876 2633 906 2658 et
926 2632 1089 2664 singularis
1110 2633 1139 2657 in
1161 2632 1337 2665 imperando
1359 2631 1538 2657 dexteritas.
1611 2631 1630 2662 i)
1651 2630 1860 2663 gubernarint.
1880 2630 1934 2656 His

174 2672 316 2699 heroibus
331 2673 453 2705 adiungi
465 2675 607 2703 meretur.
623 2682 712 2707 quem
726 2674 852 2699 honoris
866 2674 965 2706 gratia
979 2674 1111 2702 nomino,
1124 2674 1327 2706 aequissimus
1341 2672 1630 2704 laudatissimusque
1642 2672 1709 2697 Rex
1723 2672 1754 2697 et
1766 2672 1936 2704 Imperator

174 2712 207 2739 D.
222 2713 508 2744 FERDlNANDVS,
528 2723 638 2748 parens
659 2716 729 2741 tuus
749 2718 766 2740 3
781 2718 805 2741 4.
879 2715 909 2746 k)
932 2723 966 2740 ac
986 2715 1094 2740 merito
1115 2718 1132 2739 3
1145 2717 1169 2740 4.
1290 2714 1310 2745 1)
1333 2713 1522 2746 subegerunt
1541 2716 1557 2738 3
1570 2716 1595 2738 4.

173 2818 384 2864 inscriptum
411 2823 475 2861 est,
501 2834 616 2865 neque
643 2823 678 2856 in
705 2823 870 2856 versione
897 2822 1002 2862 LXX,
1030 2833 1147 2865 neque
1173 2822 1209 2855 in
1235 2821 1396 2865 vulgata,
1430 2832 1545 2864 neque
1571 2821 1607 2854 in
1634 2819 1821 2860 Masorah;
1858 2831 1934 2859 nec,

175 2872 254 2914 quis
281 2884 359 2905 eum
387 2876 635 2918 composuerit,
663 2875 805 2909 aliunde
832 2876 999 2918 cognosci
1026 2878 1155 2920 potest.

296 2925 305 2944 ¹
332 2925 495 2959 Canisius
522 2928 556 2960 in
584 2928 840 2971 posterioribus
866 2928 1081 2962 editionibus
1109 2928 1228 2970 (1572,
1251 2927 1351 2968 1583,
1374 2927 1479 2969 1584)
1509 2926 1598 2960 haec
1624 2926 1734 2959 verba
1761 2925 1931 2959 inseruit:

179 2979 340 3021 „praeter
374 2981 409 3011 te
436 2979 636 3023 fratresque
662 2982 777 3014 tuos“.
829 2981 1042 3014 Ferdinandi
1078 2981 1211 3014 fratres
1247 2982 1349 3013 erant
1373 2979 1643 3013 Maximilianus
1670 2978 1714 3012 ΙΙ.
1740 2978 1934 3023 imperator

174 3034 210 3064 et
236 3029 384 3064 Carolus
410 3031 583 3065 archidux
609 3032 772 3076 idemque
799 3034 938 3075 Stiriae,
966 3033 1181 3074 Carinthiae,
1211 3033 1396 3067 Car-niolae
1424 3035 1490 3066 etc.
1518 3032 1693 3077 princeps.

293 3083 306 3103 ‘-'
332 3083 577 3117 Ferdinandus
604 3085 628 3118 Ι.
657 3085 848 3129 imperator
874 3087 930 3120 25.
958 3086 1038 3120 Iulii
1067 3087 1158 3121 1564
1183 3088 1344 3120 mortuus
1371 3088 1436 3120 est.
