<?xml version="1.0" encoding="UTF-8"?>
<!DOCTYPE html PUBLIC "-//W3C//DTD XHTML 1.0 Transitional//EN"
    "http://www.w3.org/TR/xhtml1/DTD/xhtml1-transitional.dtd">
<html xmlns="http://www.w3.org/1999/xhtml" xml:lang="en" lang="en">
 <head>
  <title>
</title>
<meta http-equiv="Content-Type" content="text/html;charset=utf-8" />
  <meta name='ocr-system' content='tesseract 3.04.00' />
  <meta name='ocr-capabilities' content='ocr_page ocr_carea ocr_par ocr_line ocrx_word'/>
</head>
<body>
  <div class='ocr_page' id='page_1' title='image "beatipetricanisi06cani_0223.png"; bbox 0 0 2044 3335; ppageno 0'>
   <div class='ocr_carea' id='block_1_1' title="bbox 491 83 1831 137">
    <p class='ocr_par' dir='ltr' id='par_1_1' title="bbox 491 83 1831 137">
     <span class='ocr_line' id='line_1_1' title="bbox 491 83 1831 137; baseline 0 -11"><span class='ocrx_word' id='word_1_1' title='bbox 491 92 692 137; x_wconf 80' lang='lat' dir='ltr'><em>Oeniponte</em></span> <span class='ocrx_word' id='word_1_2' title='bbox 718 92 812 127; x_wconf 80' lang='lat' dir='ltr'><em>inter</em></span> <span class='ocrx_word' id='word_1_3' title='bbox 839 93 894 128; x_wconf 87' lang='grc'><em>18.</em></span> <span class='ocrx_word' id='word_1_4' title='bbox 922 95 958 127; x_wconf 69' lang='lat' dir='ltr'><em>ei:</em></span> <span class='ocrx_word' id='word_1_5' title='bbox 983 93 1039 128; x_wconf 82' lang='lat'><em>21.</em></span> <span class='ocrx_word' id='word_1_6' title='bbox 1067 92 1277 127; x_wconf 81' lang='lat' dir='ltr'><strong>Decembris</strong></span> <span class='ocrx_word' id='word_1_7' title='bbox 1305 83 1407 126; x_wconf 74' lang='lat'><em>1&#39;567.</em></span> <span class='ocrx_word' id='word_1_8' title='bbox 1751 95 1831 136; x_wconf 83' lang='lat'><em>149</em></span> 
     </span>
    </p>
   </div>
   <div class='ocr_carea' id='block_1_2' title="bbox 63 209 1847 2175">
    <p class='ocr_par' dir='ltr' id='par_1_2' title="bbox 63 209 1840 998">
     <span class='ocr_line' id='line_1_2' title="bbox 64 209 1835 254; baseline -0.001 -9"><span class='ocrx_word' id='word_1_9' title='bbox 64 213 199 246; x_wconf 81' lang='lat' dir='ltr'><em>oblatas</em></span> <span class='ocrx_word' id='word_1_10' title='bbox 221 211 261 245; x_wconf 92' lang='lat' dir='ltr'><em>P.</em></span> <span class='ocrx_word' id='word_1_11' title='bbox 279 212 422 244; x_wconf 81' lang='lat' dir='ltr'><em>Vestrae</em></span> <span class='ocrx_word' id='word_1_12' title='bbox 448 210 631 253; x_wconf 74' lang='lat' dir='ltr'><em>literas²²¹,</em></span> <span class='ocrx_word' id='word_1_13' title='bbox 657 211 829 253; x_wconf 84' lang='lat' dir='ltr'><em>scriptum</em></span> <span class='ocrx_word' id='word_1_14' title='bbox 855 221 1102 254; x_wconf 70' lang='lat' dir='ltr'><em>proponerem,</em></span> <span class='ocrx_word' id='word_1_15' title='bbox 1129 210 1184 242; x_wconf 85' lang='lat' dir='ltr'><em>etb</em></span> <span class='ocrx_word' id='word_1_16' title='bbox 1210 211 1249 242; x_wconf 88' lang='lat' dir='ltr'><em>in</em></span> <span class='ocrx_word' id='word_1_17' title='bbox 1276 220 1313 242; x_wconf 86' lang='lat' dir='ltr'><em>eo</em></span> <span class='ocrx_word' id='word_1_18' title='bbox 1340 219 1486 242; x_wconf 81' lang='lat' dir='ltr'><em>causam</em></span> <span class='ocrx_word' id='word_1_19' title='bbox 1512 213 1619 241; x_wconf 82' lang='lat' dir='ltr'><em>totam</em></span> <span class='ocrx_word' id='word_1_20' title='bbox 1645 209 1720 241; x_wconf 82' lang='lat' dir='ltr'><em>illis</em></span> <span class='ocrx_word' id='word_1_21' title='bbox 1745 221 1835 243; x_wconf 88' lang='lat' dir='ltr'><em>com-</em></span> 
     </span>
     <span class='ocr_line' id='line_1_3' title="bbox 65 263 1836 307; baseline -0.001 -9"><span class='ocrx_word' id='word_1_22' title='bbox 65 266 204 298; x_wconf 79' lang='lat' dir='ltr'><em>modius</em></span> <span class='ocrx_word' id='word_1_23' title='bbox 228 265 453 307; x_wconf 74' lang='lat' dir='ltr'><em>explicarem.</em></span> <span class='ocrx_word' id='word_1_24' title='bbox 497 264 548 297; x_wconf 86' lang='lat' dir='ltr'><em>Jd</em></span> <span class='ocrx_word' id='word_1_25' title='bbox 574 274 632 306; x_wconf 66' lang='lat' dir='ltr'><em>eqo</em></span> <span class='ocrx_word' id='word_1_26' title='bbox 656 264 728 305; x_wconf 80' lang='lat' dir='ltr'><em>feci</em></span> <span class='ocrx_word' id='word_1_27' title='bbox 752 275 822 297; x_wconf 91' lang='lat' dir='ltr'><em>non</em></span> <span class='ocrx_word' id='word_1_28' title='bbox 849 265 925 296; x_wconf 79' lang='lat' dir='ltr'><em>sine</em></span> <span class='ocrx_word' id='word_1_29' title='bbox 950 264 1097 297; x_wconf 81' lang='lat' dir='ltr'><em>consilio</em></span> <span class='ocrx_word' id='word_1_30' title='bbox 1124 268 1153 296; x_wconf 85' lang='lat' dir='ltr'><em>et</em></span> <span class='ocrx_word' id='word_1_31' title='bbox 1178 263 1314 295; x_wconf 85' lang='lat' dir='ltr'><em>iudicio</em></span> <span class='ocrx_word' id='word_1_32' title='bbox 1341 263 1379 296; x_wconf 88' lang='lat' dir='ltr'><em>P.</em></span> <span class='ocrx_word' id='word_1_33' title='bbox 1401 263 1558 295; x_wconf 61' lang='lat' dir='ltr'><em>Reum-is</em></span> <span class='ocrx_word' id='word_1_34' title='bbox 1583 266 1613 295; x_wconf 90' lang='lat' dir='ltr'><em>et</em></span> <span class='ocrx_word' id='word_1_35' title='bbox 1636 263 1800 296; x_wconf 83' lang='lat' dir='ltr'><em>Ministri</em></span> <span class='ocrx_word' id='word_1_36' title='bbox 1811 263 1836 307; x_wconf 76' lang='lat'><em>²,</em></span> 
     </span>
     <span class='ocr_line' id='line_1_4' title="bbox 64 315 1834 362; baseline -0.002 -11"><span class='ocrx_word' id='word_1_37' title='bbox 64 319 127 362; x_wconf 77' lang='lat' dir='ltr'><em>qui</em></span> <span class='ocrx_word' id='word_1_38' title='bbox 150 318 322 360; x_wconf 86' lang='lat' dir='ltr'><em>scriptum</em></span> <span class='ocrx_word' id='word_1_39' title='bbox 341 317 452 359; x_wconf 83' lang='lat' dir='ltr'><em>prius</em></span> <span class='ocrx_word' id='word_1_40' title='bbox 478 317 602 350; x_wconf 86' lang='lat' dir='ltr'><em>lectum</em></span> <span class='ocrx_word' id='word_1_41' title='bbox 628 317 930 359; x_wconf 78' lang='lat' dir='ltr'><em>approbauerunt.</em></span> <span class='ocrx_word' id='word_1_42' title='bbox 971 317 1162 359; x_wconf 81' lang='lat' dir='ltr'><em>Praefatus</em></span> <span class='ocrx_word' id='word_1_43' title='bbox 1185 326 1264 348; x_wconf 86' lang='lat' dir='ltr'><em>sum</em></span> <span class='ocrx_word' id='word_1_44' title='bbox 1290 319 1417 357; x_wconf 84' lang='lat' dir='ltr'><em>autem,</em></span> <span class='ocrx_word' id='word_1_45' title='bbox 1445 315 1582 347; x_wconf 84' lang='lat' dir='ltr'><em>utboni</em></span> <span class='ocrx_word' id='word_1_46' title='bbox 1605 316 1834 359; x_wconf 71' lang='lat' dir='ltr'><em>consulerent,</em></span> 
     </span>
     <span class='ocr_line' id='line_1_5' title="bbox 65 369 1837 413; baseline -0.002 -9"><span class='ocrx_word' id='word_1_47' title='bbox 65 383 86 404; x_wconf 78' lang='lat' dir='ltr'><em>a</em></span> <span class='ocrx_word' id='word_1_48' title='bbox 112 371 212 404; x_wconf 86' lang='lat' dir='ltr'><em>nobis</em></span> <span class='ocrx_word' id='word_1_49' title='bbox 238 381 279 403; x_wconf 90' lang='lat' dir='ltr'><em>ea</em></span> <span class='ocrx_word' id='word_1_50' title='bbox 299 370 470 413; x_wconf 84' lang='lat' dir='ltr'><em>proponi,</em></span> <span class='ocrx_word' id='word_1_51' title='bbox 497 380 587 412; x_wconf 82' lang='lat' dir='ltr'><em>quae</em></span> <span class='ocrx_word' id='word_1_52' title='bbox 613 369 661 401; x_wconf 90' lang='lat' dir='ltr'><em>ad</em></span> <span class='ocrx_word' id='word_1_53' title='bbox 687 370 849 411; x_wconf 82' lang='lat' dir='ltr'><em>ipsarum</em></span> <span class='ocrx_word' id='word_1_54' title='bbox 870 370 1072 413; x_wconf 83' lang='lat' dir='ltr'><em>profectum</em></span> <span class='ocrx_word' id='word_1_55' title='bbox 1099 373 1129 402; x_wconf 91' lang='lat' dir='ltr'><em>et</em></span> <span class='ocrx_word' id='word_1_56' title='bbox 1155 369 1311 401; x_wconf 83' lang='lat' dir='ltr'><em>instituti</em></span> <span class='ocrx_word' id='word_1_57' title='bbox 1337 369 1452 401; x_wconf 80' lang='lat' dir='ltr'><em>nostri</em></span> <span class='ocrx_word' id='word_1_58' title='bbox 1478 369 1663 411; x_wconf 84' lang='lat' dir='ltr'><em>rationem,</em></span> <span class='ocrx_word' id='word_1_59' title='bbox 1690 372 1763 401; x_wconf 87' lang='lat' dir='ltr'><em>tum</em></span> <span class='ocrx_word' id='word_1_60' title='bbox 1789 369 1837 401; x_wconf 89' lang='lat' dir='ltr'><em>ad</em></span> 
     </span>
     <span class='ocr_line' id='line_1_6' title="bbox 63 422 1837 467; baseline -0.002 -10"><span class='ocrx_word' id='word_1_61' title='bbox 63 424 250 467; x_wconf 80' lang='lat' dir='ltr'><em>utriusque</em></span> <span class='ocrx_word' id='word_1_62' title='bbox 282 424 402 466; x_wconf 84' lang='lat' dir='ltr'><em>partis</em></span> <span class='ocrx_word' id='word_1_63' title='bbox 435 423 473 455; x_wconf 87' lang='lat' dir='ltr'><em>in</em></span> <span class='ocrx_word' id='word_1_64' title='bbox 511 423 638 455; x_wconf 84' lang='lat' dir='ltr'><em>diuino</em></span> <span class='ocrx_word' id='word_1_65' title='bbox 673 424 834 465; x_wconf 81' lang='lat' dir='ltr'><em>seruitio,</em></span> <span class='ocrx_word' id='word_1_66' title='bbox 869 423 982 455; x_wconf 86' lang='lat' dir='ltr'><em>salute</em></span> <span class='ocrx_word' id='word_1_67' title='bbox 1008 423 1216 455; x_wconf 82' lang='lat' dir='ltr'><em>animarum</em></span> <span class='ocrx_word' id='word_1_68' title='bbox 1243 426 1272 454; x_wconf 82' lang='lat' dir='ltr'><em>et</em></span> <span class='ocrx_word' id='word_1_69' title='bbox 1298 422 1543 463; x_wconf 83' lang='lat' dir='ltr'><em>aedificatione</em></span> <span class='ocrx_word' id='word_1_70' title='bbox 1565 422 1728 464; x_wconf 70' lang='lat' dir='ltr'><em>proximi</em></span> <span class='ocrx_word' id='word_1_71' title='bbox 1747 432 1837 464; x_wconf 85' lang='lat' dir='ltr'><em>pro-</em></span> 
     </span>
     <span class='ocr_line' id='line_1_7' title="bbox 64 474 1838 518; baseline -0.001 -9"><span class='ocrx_word' id='word_1_72' title='bbox 64 478 250 511; x_wconf 77' lang='lat' dir='ltr'><em>motionem</em></span> <span class='ocrx_word' id='word_1_73' title='bbox 285 487 356 509; x_wconf 82' lang='lat' dir='ltr'><em>non</em></span> <span class='ocrx_word' id='word_1_74' title='bbox 386 486 523 518; x_wconf 85' lang='lat' dir='ltr'><em>parum</em></span> <span class='ocrx_word' id='word_1_75' title='bbox 559 479 762 518; x_wconf 80' lang='lat' dir='ltr'><em>opportuna</em></span> <span class='ocrx_word' id='word_1_76' title='bbox 799 480 828 508; x_wconf 83' lang='lat' dir='ltr'><em>et</em></span> <span class='ocrx_word' id='word_1_77' title='bbox 861 476 1100 509; x_wconf 77' lang='lat' dir='ltr'><em>conducibilia</em></span> <span class='ocrx_word' id='word_1_78' title='bbox 1125 475 1348 508; x_wconf 86' lang='lat' dir='ltr'><em>uiderentur.</em></span> <span class='ocrx_word' id='word_1_79' title='bbox 1404 474 1682 507; x_wconf 77' lang='lat' dir='ltr'><em>considerarent</em></span> <span class='ocrx_word' id='word_1_80' title='bbox 1707 476 1744 507; x_wconf 80' lang='lat' dir='ltr'><em>in</em></span> <span class='ocrx_word' id='word_1_81' title='bbox 1771 474 1838 508; x_wconf 82' lang='lat' dir='ltr'><em>hac</em></span> 
     </span>
     <span class='ocr_line' id='line_1_8' title="bbox 64 528 1838 573; baseline -0.003 -9"><span class='ocrx_word' id='word_1_82' title='bbox 64 542 104 564; x_wconf 87' lang='lat' dir='ltr'><em>re</em></span> <span class='ocrx_word' id='word_1_83' title='bbox 127 531 245 573; x_wconf 82' lang='lat' dir='ltr'><em>potius</em></span> <span class='ocrx_word' id='word_1_84' title='bbox 269 541 342 562; x_wconf 85' lang='lat' dir='ltr'><em>rem</em></span> <span class='ocrx_word' id='word_1_85' title='bbox 371 529 485 572; x_wconf 87' lang='lat' dir='ltr'><em>ipsam</em></span> <span class='ocrx_word' id='word_1_86' title='bbox 504 532 534 561; x_wconf 86' lang='lat' dir='ltr'><em>et</em></span> <span class='ocrx_word' id='word_1_87' title='bbox 545 530 650 571; x_wconf 74' lang='lat' dir='ltr'><em>piam</em></span> <span class='ocrx_word' id='word_1_88' title='bbox 668 533 827 561; x_wconf 80' lang='lat' dir='ltr'><em>nostram</em></span> <span class='ocrx_word' id='word_1_89' title='bbox 845 530 1085 571; x_wconf 85' lang='lat' dir='ltr'><em>intentionem,</em></span> <span class='ocrx_word' id='word_1_90' title='bbox 1112 539 1220 571; x_wconf 77' lang='lat' dir='ltr'><em>quam</em></span> <span class='ocrx_word' id='word_1_91' title='bbox 1238 528 1425 561; x_wconf 74' lang='lat' dir='ltr'><em>naturales</em></span> <span class='ocrx_word' id='word_1_92' title='bbox 1443 528 1601 570; x_wconf 77' lang='lat' dir='ltr'><em>affectus,</em></span> <span class='ocrx_word' id='word_1_93' title='bbox 1627 529 1660 560; x_wconf 78' lang='lat' dir='ltr'><em>si</em></span> <span class='ocrx_word' id='word_1_94' title='bbox 1684 528 1838 569; x_wconf 82' lang='lat' dir='ltr'><em>fortasse</em></span> 
     </span>
     <span class='ocr_line' id='line_1_9' title="bbox 65 581 1839 624; baseline -0.002 -8"><span class='ocrx_word' id='word_1_95' title='bbox 65 584 198 617; x_wconf 88' lang='lat' dir='ltr'><em>alicubi</em></span> <span class='ocrx_word' id='word_1_96' title='bbox 222 584 261 616; x_wconf 82' lang='lat' dir='ltr'><em>in</em></span> <span class='ocrx_word' id='word_1_97' title='bbox 288 582 479 616; x_wconf 85' lang='lat' dir='ltr'><em>narrando</em></span> <span class='ocrx_word' id='word_1_98' title='bbox 506 592 655 615; x_wconf 81' lang='lat' dir='ltr'><em>essemus</em></span> <span class='ocrx_word' id='word_1_99' title='bbox 681 583 818 624; x_wconf 42' lang='lat' dir='ltr'><em>&#39;in-arati</em></span> <span class='ocrx_word' id='word_1_100' title='bbox 842 585 902 615; x_wconf 87' lang='lat' dir='ltr'><em>uel</em></span> <span class='ocrx_word' id='word_1_101' title='bbox 930 582 1085 615; x_wconf 88' lang='lat' dir='ltr'><em>molesti:</em></span> <span class='ocrx_word' id='word_1_102' title='bbox 1119 592 1244 624; x_wconf 81' lang='lat' dir='ltr'><em>cupere</em></span> <span class='ocrx_word' id='word_1_103' title='bbox 1277 591 1340 614; x_wconf 83' lang='lat' dir='ltr'><em>nos</em></span> <span class='ocrx_word' id='word_1_104' title='bbox 1365 582 1509 613; x_wconf 81' lang='lat' dir='ltr'><em>interim</em></span> <span class='ocrx_word' id='word_1_105' title='bbox 1535 581 1598 613; x_wconf 77' lang='lat' dir='ltr'><em>leoc</em></span> <span class='ocrx_word' id='word_1_106' title='bbox 1623 581 1839 614; x_wconf 85' lang='lat' dir='ltr'><em>admonendi</em></span> 
     </span>
     <span class='ocr_line' id='line_1_10' title="bbox 65 634 1836 680; baseline -0.002 -10"><span class='ocrx_word' id='word_1_107' title='bbox 65 637 183 679; x_wconf 81' lang='lat' dir='ltr'><em>officio</em></span> <span class='ocrx_word' id='word_1_108' title='bbox 214 636 472 680; x_wconf 70' lang='lat' dir='ltr'><em>yratitudinem</em></span> <span class='ocrx_word' id='word_1_109' title='bbox 508 635 591 677; x_wconf 85' lang='lat' dir='ltr'><em>illis,</em></span> <span class='ocrx_word' id='word_1_110' title='bbox 628 635 723 667; x_wconf 83' lang='lat' dir='ltr'><em>uelut</em></span> <span class='ocrx_word' id='word_1_111' title='bbox 757 636 932 668; x_wconf 85' lang='lat' dir='ltr'><em>matribus</em></span> <span class='ocrx_word' id='word_1_112' title='bbox 957 636 999 668; x_wconf 89' lang='lat' dir='ltr'><em>de</em></span> <span class='ocrx_word' id='word_1_113' title='bbox 1024 635 1125 668; x_wconf 82' lang='lat' dir='ltr'><em>nobis</em></span> <span class='ocrx_word' id='word_1_114' title='bbox 1151 635 1278 677; x_wconf 82' lang='lat' dir='ltr'><em>optime</em></span> <span class='ocrx_word' id='word_1_115' title='bbox 1303 644 1437 676; x_wconf 79' lang='lat' dir='ltr'><em>semper</em></span> <span class='ocrx_word' id='word_1_116' title='bbox 1463 634 1676 667; x_wconf 82' lang='lat' dir='ltr'><em>merentibus</em></span> <span class='ocrx_word' id='word_1_117' title='bbox 1687 634 1710 674; x_wconf 81' lang='lat'><em>³,</em></span> <span class='ocrx_word' id='word_1_118' title='bbox 1746 635 1836 667; x_wconf 84' lang='lat' dir='ltr'><em>testi-</em></span> 
     </span>
     <span class='ocr_line' id='line_1_11' title="bbox 64 687 1837 732; baseline -0.002 -9"><span class='ocrx_word' id='word_1_119' title='bbox 64 691 179 732; x_wconf 78' lang='lat' dir='ltr'><em>ficari,</em></span> <span class='ocrx_word' id='word_1_120' title='bbox 213 689 389 732; x_wconf 80' lang='lat' dir='ltr'><em>simulque</em></span> <span class='ocrx_word' id='word_1_121' title='bbox 415 688 489 721; x_wconf 88' lang='lat' dir='ltr'><em>Deo</em></span> <span class='ocrx_word' id='word_1_122' title='bbox 524 691 555 720; x_wconf 89' lang='lat' dir='ltr'><em>et</em></span> <span class='ocrx_word' id='word_1_123' title='bbox 587 688 767 730; x_wconf 71' lang='lat' dir='ltr'><em>proximo,</em></span> <span class='ocrx_word' id='word_1_124' title='bbox 796 689 1012 731; x_wconf 84' lang='lat' dir='ltr'><em>praesertim</em></span> <span class='ocrx_word' id='word_1_125' title='bbox 1042 698 1130 721; x_wconf 84' lang='lat' dir='ltr'><em>uero</em></span> <span class='ocrx_word' id='word_1_126' title='bbox 1156 688 1240 728; x_wconf 81' lang='lat' dir='ltr'><em>illis,</em></span> <span class='ocrx_word' id='word_1_127' title='bbox 1277 688 1339 730; x_wconf 79' lang='lat' dir='ltr'><em>qui</em></span> <span class='ocrx_word' id='word_1_128' title='bbox 1364 691 1507 719; x_wconf 82' lang='lat' dir='ltr'><em>nostrae</em></span> <span class='ocrx_word' id='word_1_129' title='bbox 1531 691 1613 720; x_wconf 79' lang='lat' dir='ltr'><em>sunt</em></span> <span class='ocrx_word' id='word_1_130' title='bbox 1642 687 1837 729; x_wconf 83' lang='lat' dir='ltr'><em>Societatis,</em></span> 
     </span>
     <span class='ocr_line' id='line_1_12' title="bbox 65 740 1838 783; baseline -0.002 -7"><span class='ocrx_word' id='word_1_131' title='bbox 65 747 95 776; x_wconf 85' lang='lat' dir='ltr'><em>et</em></span> <span class='ocrx_word' id='word_1_132' title='bbox 119 743 312 776; x_wconf 86' lang='lat' dir='ltr'><em>secundum</em></span> <span class='ocrx_word' id='word_1_133' title='bbox 343 743 419 774; x_wconf 83' lang='lat' dir='ltr'><em>eius</em></span> <span class='ocrx_word' id='word_1_134' title='bbox 444 741 657 774; x_wconf 84' lang='lat' dir='ltr'><em>Jnstitutum</em></span> <span class='ocrx_word' id='word_1_135' title='bbox 685 741 1013 783; x_wconf 72' lang='lat' dir='ltr'><em>irreprehensibiles</em></span> <span class='ocrx_word' id='word_1_136' title='bbox 1038 742 1163 773; x_wconf 81' lang='lat' dir='ltr'><em>uiuere</em></span> <span class='ocrx_word' id='word_1_137' title='bbox 1189 740 1320 783; x_wconf 85' lang='lat' dir='ltr'><em>debent,</em></span> <span class='ocrx_word' id='word_1_138' title='bbox 1346 741 1564 782; x_wconf 74' lang='lat' dir='ltr'><em>satisfacere.</em></span> <span class='ocrx_word' id='word_1_139' title='bbox 1613 740 1724 773; x_wconf 83' lang='lat' dir='ltr'><em>Nulla</em></span> <span class='ocrx_word' id='word_1_140' title='bbox 1751 751 1838 773; x_wconf 87' lang='lat' dir='ltr'><em>uero</em></span> 
     </span>
     <span class='ocr_line' id='line_1_13' title="bbox 66 794 1840 838; baseline -0.002 -9"><span class='ocrx_word' id='word_1_141' title='bbox 66 797 205 830; x_wconf 82' lang='lat' dir='ltr'><em>ratione</em></span> <span class='ocrx_word' id='word_1_142' title='bbox 229 795 343 838; x_wconf 70' lang='lat' dir='ltr'><em>mayis</em></span> <span class='ocrx_word' id='word_1_143' title='bbox 372 799 402 827; x_wconf 86' lang='lat' dir='ltr'><em>et</em></span> <span class='ocrx_word' id='word_1_144' title='bbox 427 795 562 836; x_wconf 86' lang='lat' dir='ltr'><em>melius,</em></span> <span class='ocrx_word' id='word_1_145' title='bbox 594 799 679 826; x_wconf 80' lang='lat' dir='ltr'><em>nos⁰</em></span> <span class='ocrx_word' id='word_1_146' title='bbox 705 794 779 827; x_wconf 90' lang='lat' dir='ltr'><em>Deo</em></span> <span class='ocrx_word' id='word_1_147' title='bbox 806 799 835 827; x_wconf 81' lang='lat' dir='ltr'><em>et</em></span> <span class='ocrx_word' id='word_1_148' title='bbox 859 796 1026 837; x_wconf 76' lang='lat' dir='ltr'><em>proximo</em></span> <span class='ocrx_word' id='word_1_149' title='bbox 1052 795 1232 827; x_wconf 86' lang='lat' dir='ltr'><em>inseruire</em></span> <span class='ocrx_word' id='word_1_150' title='bbox 1251 804 1363 836; x_wconf 74' lang='lat' dir='ltr'><em>posse,</em></span> <span class='ocrx_word' id='word_1_151' title='bbox 1400 804 1506 836; x_wconf 79' lang='lat' dir='ltr'><em>quam</em></span> <span class='ocrx_word' id='word_1_152' title='bbox 1531 794 1564 825; x_wconf 82' lang='lat' dir='ltr'><em>si</em></span> <span class='ocrx_word' id='word_1_153' title='bbox 1582 794 1840 835; x_wconf 87' lang='lat' dir='ltr'><em>permittamur</em></span> 
     </span>
     <span class='ocr_line' id='line_1_14' title="bbox 64 846 1837 890; baseline -0.003 -7"><span class='ocrx_word' id='word_1_154' title='bbox 64 849 255 883; x_wconf 85' lang='lat' dir='ltr'><em>secundum</em></span> <span class='ocrx_word' id='word_1_155' title='bbox 290 851 433 881; x_wconf 86' lang='lat' dir='ltr'><em>nostras</em></span> <span class='ocrx_word' id='word_1_156' title='bbox 463 846 736 880; x_wconf 76' lang='lat' dir='ltr'><em>Constitutiones</em></span> <span class='ocrx_word' id='word_1_157' title='bbox 770 848 906 881; x_wconf 85' lang='lat' dir='ltr'><em>sincere</em></span> <span class='ocrx_word' id='word_1_158' title='bbox 941 852 971 880; x_wconf 90' lang='lat' dir='ltr'><em>et</em></span> <span class='ocrx_word' id='word_1_159' title='bbox 1004 852 1148 880; x_wconf 83' lang='lat' dir='ltr'><em>strenue</em></span> <span class='ocrx_word' id='word_1_160' title='bbox 1177 847 1379 890; x_wconf 79' lang='lat' dir='ltr'><em>procedere,</em></span> <span class='ocrx_word' id='word_1_161' title='bbox 1414 856 1545 889; x_wconf 77' lang='lat' dir='ltr'><em>nosque</em></span> <span class='ocrx_word' id='word_1_162' title='bbox 1570 846 1634 879; x_wconf 76' lang='lat' dir='ltr'><em>hoc</em></span> <span class='ocrx_word' id='word_1_163' title='bbox 1661 846 1735 879; x_wconf 90' lang='lat' dir='ltr'><em>loco</em></span> <span class='ocrx_word' id='word_1_164' title='bbox 1760 857 1837 879; x_wconf 87' lang='lat' dir='ltr'><em>cum</em></span> 
     </span>
     <span class='ocr_line' id='line_1_15' title="bbox 66 900 1839 944; baseline -0.002 -9"><span class='ocrx_word' id='word_1_165' title='bbox 66 903 149 944; x_wconf 68' lang='lat' dir='ltr'><em>aliis</em></span> <span class='ocrx_word' id='word_1_166' title='bbox 178 902 340 944; x_wconf 69' lang='lat' dir='ltr'><em>Colleyijs</em></span> <span class='ocrx_word' id='word_1_167' title='bbox 365 901 598 943; x_wconf 79' lang='lat' dir='ltr'><em>conformiter</em></span> <span class='ocrx_word' id='word_1_168' title='bbox 619 911 743 943; x_wconf 74' lang='lat' dir='ltr'><em>yerere</em></span> <span class='ocrx_word' id='word_1_169' title='bbox 753 901 779 943; x_wconf 74' lang='lat'><em>¹¹,</em></span> <span class='ocrx_word' id='word_1_170' title='bbox 812 912 874 933; x_wconf 81' lang='lat' dir='ltr'><em>nec</em></span> <span class='ocrx_word' id='word_1_171' title='bbox 899 901 938 933; x_wconf 90' lang='lat' dir='ltr'><em>in</em></span> <span class='ocrx_word' id='word_1_172' title='bbox 964 901 1030 941; x_wconf 77' lang='lat' dir='ltr'><em>liis,</em></span> <span class='ocrx_word' id='word_1_173' title='bbox 1059 911 1149 944; x_wconf 77' lang='lat' dir='ltr'><em>quae</em></span> <span class='ocrx_word' id='word_1_174' title='bbox 1174 900 1373 933; x_wconf 86' lang='lat' dir='ltr'><em>uocationis</em></span> <span class='ocrx_word' id='word_1_175' title='bbox 1398 904 1541 932; x_wconf 87' lang='lat' dir='ltr'><em>nostrae</em></span> <span class='ocrx_word' id='word_1_176' title='bbox 1566 904 1649 932; x_wconf 87' lang='lat' dir='ltr'><em>sunt</em></span> <span class='ocrx_word' id='word_1_177' title='bbox 1669 901 1839 942; x_wconf 85' lang='lat' dir='ltr'><em>propria,</em></span> 
     </span>
     <span class='ocr_line' id='line_1_16' title="bbox 64 953 1575 998; baseline -0.003 -9"><span class='ocrx_word' id='word_1_178' title='bbox 64 956 172 998; x_wconf 80' lang='lat' dir='ltr'><em>facile</em></span> <span class='ocrx_word' id='word_1_179' title='bbox 197 956 417 998; x_wconf 84' lang='lat' dir='ltr'><em>dispensare,</em></span> <span class='ocrx_word' id='word_1_180' title='bbox 441 954 533 986; x_wconf 85' lang='lat' dir='ltr'><em>sicut</em></span> <span class='ocrx_word' id='word_1_181' title='bbox 558 953 728 986; x_wconf 76' lang='lat' dir='ltr'><em>hactenus</em></span> <span class='ocrx_word' id='word_1_182' title='bbox 753 957 894 986; x_wconf 77' lang='lat' dir='ltr'><em>tamene</em></span> <span class='ocrx_word' id='word_1_183' title='bbox 920 955 958 986; x_wconf 87' lang='lat' dir='ltr'><em>in</em></span> <span class='ocrx_word' id='word_1_184' title='bbox 986 954 1196 998; x_wconf 78' lang='lat' dir='ltr'><em>quibusdam</em></span> <span class='ocrx_word' id='word_1_185' title='bbox 1224 954 1296 994; x_wconf 81' lang='lat' dir='ltr'><em>fuit</em></span> <span class='ocrx_word' id='word_1_186' title='bbox 1322 953 1575 995; x_wconf 83' lang='lat' dir='ltr'><em>dispensatum.</em></span> 
     </span>
    </p>

    <p class='ocr_par' dir='ltr' id='par_1_3' title="bbox 65 1005 1843 1524">
     <span class='ocr_line' id='line_1_17' title="bbox 187 1005 1840 1053; baseline -0.002 -12"><span class='ocrx_word' id='word_1_187' title='bbox 187 1008 378 1053; x_wconf 77' lang='lat' dir='ltr'><em>„Adiunxi</em></span> <span class='ocrx_word' id='word_1_188' title='bbox 400 1007 564 1050; x_wconf 80' lang='lat' dir='ltr'><em>primurn</em></span> <span class='ocrx_word' id='word_1_189' title='bbox 592 1008 742 1050; x_wconf 62' lang='lat' dir='ltr'><em>exempli</em></span> <span class='ocrx_word' id='word_1_190' title='bbox 767 1007 862 1040; x_wconf 81' lang='lat' dir='ltr'><em>locof</em></span> <span class='ocrx_word' id='word_1_191' title='bbox 886 1008 927 1040; x_wconf 89' lang='lat' dir='ltr'><em>de</em></span> <span class='ocrx_word' id='word_1_192' title='bbox 950 1007 1189 1049; x_wconf 68' lang='lat' dir='ltr'><em>Confessariys</em></span> <span class='ocrx_word' id='word_1_193' title='bbox 1215 1007 1351 1039; x_wconf 80' lang='lat' dir='ltr'><em>duobus</em></span> <span class='ocrx_word' id='word_1_194' title='bbox 1375 1006 1555 1049; x_wconf 81' lang='lat' dir='ltr'><em>hucusque</em></span> <span class='ocrx_word' id='word_1_195' title='bbox 1577 1005 1743 1039; x_wconf 79' lang='lat' dir='ltr'><em>donatis4</em></span> <span class='ocrx_word' id='word_1_196' title='bbox 1769 1015 1840 1038; x_wconf 83' lang='lat' dir='ltr'><em>non</em></span> 
     </span>
     <span class='ocr_line' id='line_1_18' title="bbox 65 1059 1842 1105; baseline -0.003 -9"><span class='ocrx_word' id='word_1_197' title='bbox 65 1064 142 1096; x_wconf 84' lang='lat' dir='ltr'><em>sine</em></span> <span class='ocrx_word' id='word_1_198' title='bbox 170 1062 408 1105; x_wconf 84' lang='lat' dir='ltr'><em>prudentium</em></span> <span class='ocrx_word' id='word_1_199' title='bbox 443 1061 694 1103; x_wconf 84' lang='lat' dir='ltr'><em>admiratione,</em></span> <span class='ocrx_word' id='word_1_200' title='bbox 731 1064 761 1093; x_wconf 86' lang='lat' dir='ltr'><em>et</em></span> <span class='ocrx_word' id='word_1_201' title='bbox 797 1062 1025 1103; x_wconf 76' lang='lat' dir='ltr'><em>quorundam</em></span> <span class='ocrx_word' id='word_1_202' title='bbox 1051 1062 1257 1093; x_wconf 84' lang='lat' dir='ltr'><em>animorum</em></span> <span class='ocrx_word' id='word_1_203' title='bbox 1278 1060 1559 1102; x_wconf 79' lang='lat' dir='ltr'><em>perturbatione.</em></span> <span class='ocrx_word' id='word_1_204' title='bbox 1610 1059 1752 1101; x_wconf 68' lang='lat' dir='ltr'><em>Roqare</em></span> <span class='ocrx_word' id='word_1_205' title='bbox 1778 1068 1842 1091; x_wconf 88' lang='lat' dir='ltr'><em>nos</em></span> 
     </span>
     <span class='ocr_line' id='line_1_19' title="bbox 67 1113 1842 1160; baseline -0.002 -11"><span class='ocrx_word' id='word_1_206' title='bbox 67 1116 190 1160; x_wconf 60' lang='lat' dir='ltr'><em>icitur,</em></span> <span class='ocrx_word' id='word_1_207' title='bbox 221 1119 261 1148; x_wconf 85' lang='lat' dir='ltr'><em>ut</em></span> <span class='ocrx_word' id='word_1_208' title='bbox 285 1116 446 1158; x_wconf 76' lang='lat' dir='ltr'><em>sepositis</em></span> <span class='ocrx_word' id='word_1_209' title='bbox 471 1114 655 1157; x_wconf 84' lang='lat' dir='ltr'><em>affectibus</em></span> <span class='ocrx_word' id='word_1_210' title='bbox 679 1115 778 1156; x_wconf 81' lang='lat' dir='ltr'><em>ipsae</em></span> <span class='ocrx_word' id='word_1_211' title='bbox 804 1115 978 1147; x_wconf 82' lang='lat' dir='ltr'><em>iudicium</em></span> <span class='ocrx_word' id='word_1_212' title='bbox 1008 1118 1038 1147; x_wconf 89' lang='lat' dir='ltr'><em>et</em></span> <span class='ocrx_word' id='word_1_213' title='bbox 1064 1114 1258 1147; x_wconf 82' lang='lat' dir='ltr'><em>libertatem</em></span> <span class='ocrx_word' id='word_1_214' title='bbox 1283 1114 1489 1146; x_wconf 77' lang='lat' dir='ltr'><em>huiusmodi</em></span> <span class='ocrx_word' id='word_1_215' title='bbox 1517 1113 1762 1154; x_wconf 83' lang='lat' dir='ltr'><em>Confessarios</em></span> <span class='ocrx_word' id='word_1_216' title='bbox 1786 1113 1842 1144; x_wconf 87' lang='lat' dir='ltr'><em>in-</em></span> 
     </span>
     <span class='ocr_line' id='line_1_20' title="bbox 65 1167 1842 1210; baseline -0.003 -7"><span class='ocrx_word' id='word_1_217' title='bbox 65 1170 237 1203; x_wconf 85' lang='lat' dir='ltr'><em>stituendi</em></span> <span class='ocrx_word' id='word_1_218' title='bbox 269 1172 299 1201; x_wconf 86' lang='lat' dir='ltr'><em>et</em></span> <span class='ocrx_word' id='word_1_219' title='bbox 332 1168 498 1200; x_wconf 78' lang='lat' dir='ltr'><em>mutandi</em></span> <span class='ocrx_word' id='word_1_220' title='bbox 530 1169 767 1210; x_wconf 70' lang='lat' dir='ltr'><em>permittantg</em></span> <span class='ocrx_word' id='word_1_221' title='bbox 803 1172 946 1201; x_wconf 76' lang='lat' dir='ltr'><em>nostrae</em></span> <span class='ocrx_word' id='word_1_222' title='bbox 982 1168 1160 1210; x_wconf 85' lang='lat' dir='ltr'><em>Societati,</em></span> <span class='ocrx_word' id='word_1_223' title='bbox 1197 1169 1298 1200; x_wconf 84' lang='lat' dir='ltr'><em>cuius</em></span> <span class='ocrx_word' id='word_1_224' title='bbox 1337 1167 1476 1210; x_wconf 78' lang='lat' dir='ltr'><em>quidem</em></span> <span class='ocrx_word' id='word_1_225' title='bbox 1511 1167 1677 1209; x_wconf 81' lang='lat' dir='ltr'><em>superior</em></span> <span class='ocrx_word' id='word_1_226' title='bbox 1710 1167 1842 1198; x_wconf 86' lang='lat' dir='ltr'><em>rectius</em></span> 
     </span>
     <span class='ocr_line' id='line_1_21' title="bbox 67 1220 1843 1265; baseline -0.003 -9"><span class='ocrx_word' id='word_1_227' title='bbox 67 1224 178 1265; x_wconf 87' lang='lat' dir='ltr'><em>nouit,</em></span> <span class='ocrx_word' id='word_1_228' title='bbox 213 1223 300 1265; x_wconf 80' lang='lat' dir='ltr'><em>quid</em></span> <span class='ocrx_word' id='word_1_229' title='bbox 328 1222 568 1263; x_wconf 74' lang='lat' dir='ltr'><em>Confessarijs</em></span> <span class='ocrx_word' id='word_1_230' title='bbox 602 1222 701 1264; x_wconf 84' lang='lat' dir='ltr'><em>ipsis,</em></span> <span class='ocrx_word' id='word_1_231' title='bbox 737 1222 771 1253; x_wconf 84' lang='lat' dir='ltr'><em>si</em></span> <span class='ocrx_word' id='word_1_232' title='bbox 799 1221 997 1265; x_wconf 80' lang='lat' dir='ltr'><em>aliquando</em></span> <span class='ocrx_word' id='word_1_233' title='bbox 1023 1221 1269 1263; x_wconf 80' lang='lat' dir='ltr'><em>transferendi</em></span> <span class='ocrx_word' id='word_1_234' title='bbox 1295 1224 1415 1263; x_wconf 85' lang='lat' dir='ltr'><em>essent,</em></span> <span class='ocrx_word' id='word_1_235' title='bbox 1452 1220 1617 1262; x_wconf 67' lang='lat' dir='ltr'><em>expediat</em></span> <span class='ocrx_word' id='word_1_236' title='bbox 1650 1220 1774 1262; x_wconf 72' lang='lat' dir='ltr'><em>mayis,</em></span> <span class='ocrx_word' id='word_1_237' title='bbox 1812 1222 1843 1251; x_wconf 90' lang='lat' dir='ltr'><em>et</em></span> 
     </span>
     <span class='ocr_line' id='line_1_22' title="bbox 66 1273 1842 1320; baseline -0.002 -11"><span class='ocrx_word' id='word_1_238' title='bbox 66 1278 130 1320; x_wconf 81' lang='lat' dir='ltr'><em>qui</em></span> <span class='ocrx_word' id='word_1_239' title='bbox 154 1275 374 1318; x_wconf 66' lang='lat' dir='ltr'><em>conscientiis</em></span> <span class='ocrx_word' id='word_1_240' title='bbox 398 1276 564 1318; x_wconf 80' lang='lat' dir='ltr'><em>ipsarum</em></span> <span class='ocrx_word' id='word_1_241' title='bbox 589 1275 675 1307; x_wconf 85' lang='lat' dir='ltr'><em>uelit</em></span> <span class='ocrx_word' id='word_1_242' title='bbox 701 1279 731 1307; x_wconf 85' lang='lat' dir='ltr'><em>et</em></span> <span class='ocrx_word' id='word_1_243' title='bbox 755 1277 877 1317; x_wconf 81' lang='lat' dir='ltr'><em>possit,</em></span> <span class='ocrx_word' id='word_1_244' title='bbox 903 1276 1064 1308; x_wconf 82' lang='lat' dir='ltr'><em>instituto</em></span> <span class='ocrx_word' id='word_1_245' title='bbox 1091 1275 1180 1308; x_wconf 88' lang='lat' dir='ltr'><em>bono</em></span> <span class='ocrx_word' id='word_1_246' title='bbox 1207 1278 1237 1307; x_wconf 92' lang='lat' dir='ltr'><em>et</em></span> <span class='ocrx_word' id='word_1_247' title='bbox 1263 1275 1388 1306; x_wconf 86' lang='lat' dir='ltr'><em>idoneo</em></span> <span class='ocrx_word' id='word_1_248' title='bbox 1411 1273 1649 1316; x_wconf 81' lang='lat' dir='ltr'><em>Confessario,</em></span> <span class='ocrx_word' id='word_1_249' title='bbox 1675 1273 1744 1306; x_wconf 87' lang='lat' dir='ltr'><em>rite</em></span> <span class='ocrx_word' id='word_1_250' title='bbox 1756 1282 1842 1315; x_wconf 86' lang='lat' dir='ltr'><em>pro-</em></span> 
     </span>
     <span class='ocr_line' id='line_1_23' title="bbox 68 1326 1842 1371; baseline -0.003 -8"><span class='ocrx_word' id='word_1_251' title='bbox 68 1330 198 1363; x_wconf 85' lang='lat' dir='ltr'><em>uidere.</em></span> <span class='ocrx_word' id='word_1_252' title='bbox 250 1329 314 1361; x_wconf 85' lang='lat' dir='ltr'><em>Vbi</em></span> <span class='ocrx_word' id='word_1_253' title='bbox 347 1329 475 1371; x_wconf 81' lang='lat' dir='ltr'><em>repetij</em></span> <span class='ocrx_word' id='word_1_254' title='bbox 498 1328 537 1362; x_wconf 91' lang='lat' dir='ltr'><em>P.</em></span> <span class='ocrx_word' id='word_1_255' title='bbox 566 1328 708 1361; x_wconf 85' lang='lat' dir='ltr'><em>Vestrae</em></span> <span class='ocrx_word' id='word_1_256' title='bbox 743 1329 932 1361; x_wconf 80' lang='lat' dir='ltr'><em>consilium</em></span> <span class='ocrx_word' id='word_1_257' title='bbox 967 1329 1009 1361; x_wconf 87' lang='lat' dir='ltr'><em>de</em></span> <span class='ocrx_word' id='word_1_258' title='bbox 1043 1328 1082 1362; x_wconf 87' lang='lat' dir='ltr'><em>P.</em></span> <span class='ocrx_word' id='word_1_259' title='bbox 1112 1328 1261 1370; x_wconf 79' lang='lat' dir='ltr'><em>Lanoyo</em></span> <span class='ocrx_word' id='word_1_260' title='bbox 1295 1327 1364 1360; x_wconf 78' lang='lat' dir='ltr'><em>lzuc</em></span> <span class='ocrx_word' id='word_1_261' title='bbox 1399 1338 1441 1360; x_wconf 75' lang='lat' dir='ltr'><em>ex</em></span> <span class='ocrx_word' id='word_1_262' title='bbox 1466 1328 1621 1360; x_wconf 87' lang='lat' dir='ltr'><em>Austria</em></span> <span class='ocrx_word' id='word_1_263' title='bbox 1656 1326 1842 1368; x_wconf 80' lang='lat' dir='ltr'><em>destinato,</em></span> 
     </span>
     <span class='ocr_line' id='line_1_24' title="bbox 66 1379 1842 1427; baseline -0.003 -11"><span class='ocrx_word' id='word_1_264' title='bbox 66 1384 128 1427; x_wconf 79' lang='lat' dir='ltr'><em>qui</em></span> <span class='ocrx_word' id='word_1_265' title='bbox 161 1383 367 1425; x_wconf 83' lang='lat' dir='ltr'><em>spiritualis</em></span> <span class='ocrx_word' id='word_1_266' title='bbox 393 1386 423 1415; x_wconf 85' lang='lat' dir='ltr'><em>et</em></span> <span class='ocrx_word' id='word_1_267' title='bbox 445 1383 584 1425; x_wconf 86' lang='lat' dir='ltr'><em>peritus</em></span> <span class='ocrx_word' id='word_1_268' title='bbox 610 1382 761 1414; x_wconf 84' lang='lat' dir='ltr'><em>illarum</em></span> <span class='ocrx_word' id='word_1_269' title='bbox 780 1386 891 1424; x_wconf 85' lang='lat' dir='ltr'><em>pater</em></span> <span class='ocrx_word' id='word_1_270' title='bbox 916 1392 985 1414; x_wconf 87' lang='lat' dir='ltr'><em>esse</em></span> <span class='ocrx_word' id='word_1_271' title='bbox 1005 1385 1124 1424; x_wconf 86' lang='lat' dir='ltr'><em>posset</em></span> <span class='ocrx_word' id='word_1_272' title='bbox 1134 1393 1146 1421; x_wconf 91' lang='lat'><em>,·</em></span> <span class='ocrx_word' id='word_1_273' title='bbox 1185 1382 1409 1423; x_wconf 81' lang='lat' dir='ltr'><em>Confirmaui</em></span> <span class='ocrx_word' id='word_1_274' title='bbox 1434 1382 1550 1423; x_wconf 81' lang='lat' dir='ltr'><em>etiam,</em></span> <span class='ocrx_word' id='word_1_275' title='bbox 1587 1390 1676 1423; x_wconf 75' lang='lat' dir='ltr'><em>quae</em></span> <span class='ocrx_word' id='word_1_276' title='bbox 1702 1379 1740 1413; x_wconf 90' lang='lat' dir='ltr'><em>P.</em></span> <span class='ocrx_word' id='word_1_277' title='bbox 1769 1379 1842 1411; x_wconf 90' lang='lat' dir='ltr'><em>Na-</em></span> 
     </span>
     <span class='ocr_line' id='line_1_25' title="bbox 66 1433 1843 1479; baseline -0.003 -9"><span class='ocrx_word' id='word_1_278' title='bbox 66 1438 150 1470; x_wconf 80' lang='lat' dir='ltr'><em>talis</em></span> <span class='ocrx_word' id='word_1_279' title='bbox 175 1437 217 1469; x_wconf 84' lang='lat' dir='ltr'><em>de</em></span> <span class='ocrx_word' id='word_1_280' title='bbox 241 1436 306 1469; x_wconf 83' lang='lat' dir='ltr'><em>hoc</em></span> <span class='ocrx_word' id='word_1_281' title='bbox 330 1437 408 1479; x_wconf 85' lang='lat' dir='ltr'><em>ipso</em></span> <span class='ocrx_word' id='word_1_282' title='bbox 434 1435 572 1478; x_wconf 77' lang='lat' dir='ltr'><em>neyotio</em></span> <span class='ocrx_word' id='word_1_283' title='bbox 597 1439 671 1468; x_wconf 85' lang='lat' dir='ltr'><em>tum</em></span> <span class='ocrx_word' id='word_1_284' title='bbox 697 1445 761 1468; x_wconf 86' lang='lat' dir='ltr'><em>suo</em></span> <span class='ocrx_word' id='word_1_285' title='bbox 786 1439 860 1468; x_wconf 81' lang='lat' dir='ltr'><em>tum</em></span> <span class='ocrx_word' id='word_1_286' title='bbox 888 1435 925 1469; x_wconf 92' lang='lat' dir='ltr'><em>P.</em></span> <span class='ocrx_word' id='word_1_287' title='bbox 945 1436 1088 1468; x_wconf 86' lang='lat' dir='ltr'><em>Vestrae</em></span> <span class='ocrx_word' id='word_1_288' title='bbox 1114 1435 1255 1468; x_wconf 85' lang='lat' dir='ltr'><em>nomine</em></span> <span class='ocrx_word' id='word_1_289' title='bbox 1281 1438 1362 1467; x_wconf 74' lang='lat' dir='ltr'><em>cente</em></span> <span class='ocrx_word' id='word_1_290' title='bbox 1388 1444 1525 1466; x_wconf 85' lang='lat' dir='ltr'><em>annum</em></span> <span class='ocrx_word' id='word_1_291' title='bbox 1551 1444 1628 1466; x_wconf 79' lang='lat' dir='ltr'><em>cum</em></span> <span class='ocrx_word' id='word_1_292' title='bbox 1655 1433 1730 1465; x_wconf 84' lang='lat' dir='ltr'><em>illis</em></span> <span class='ocrx_word' id='word_1_293' title='bbox 1754 1433 1843 1474; x_wconf 87' lang='lat' dir='ltr'><em>ipsis</em></span> 
     </span>
     <span class='ocr_line' id='line_1_26' title="bbox 67 1490 324 1524; baseline -0.008 0"><span class='ocrx_word' id='word_1_294' title='bbox 67 1493 289 1524; x_wconf 86' lang='lat' dir='ltr'><em>tractauerat</em></span> <span class='ocrx_word' id='word_1_295' title='bbox 300 1490 324 1522; x_wconf 66' lang='grc' dir='ltr'><em>ὅ.</em></span> 
     </span>
    </p>

    <p class='ocr_par' dir='ltr' id='par_1_4' title="bbox 66 1539 1846 1907">
     <span class='ocr_line' id='line_1_27' title="bbox 191 1539 1843 1588; baseline -0.003 -12"><span class='ocrx_word' id='word_1_296' title='bbox 191 1543 317 1588; x_wconf 75' lang='lat' dir='ltr'><em>„Quod</em></span> <span class='ocrx_word' id='word_1_297' title='bbox 351 1543 384 1576; x_wconf 88' lang='lat' dir='ltr'><em>si</em></span> <span class='ocrx_word' id='word_1_298' title='bbox 409 1542 473 1575; x_wconf 81' lang='lat' dir='ltr'><em>hoc</em></span> <span class='ocrx_word' id='word_1_299' title='bbox 498 1543 617 1585; x_wconf 84' lang='lat' dir='ltr'><em>ipsum</em></span> <span class='ocrx_word' id='word_1_300' title='bbox 640 1546 790 1585; x_wconf 85' lang='lat' dir='ltr'><em>propter</em></span> <span class='ocrx_word' id='word_1_301' title='bbox 820 1542 950 1575; x_wconf 83' lang='lat' dir='ltr'><em>multas</em></span> <span class='ocrx_word' id='word_1_302' title='bbox 976 1545 1005 1574; x_wconf 89' lang='lat' dir='ltr'><em>et</em></span> <span class='ocrx_word' id='word_1_303' title='bbox 1029 1552 1161 1584; x_wconf 76' lang='lat' dir='ltr'><em>yraues</em></span> <span class='ocrx_word' id='word_1_304' title='bbox 1187 1552 1315 1574; x_wconf 79' lang='lat' dir='ltr'><em>causas</em></span> <span class='ocrx_word' id='word_1_305' title='bbox 1341 1541 1384 1574; x_wconf 87' lang='lat' dir='ltr'><em>ab</em></span> <span class='ocrx_word' id='word_1_306' title='bbox 1412 1541 1498 1583; x_wconf 85' lang='lat' dir='ltr'><em>ipsis</em></span> <span class='ocrx_word' id='word_1_307' title='bbox 1524 1544 1688 1582; x_wconf 59' lang='lat' dir='ltr'><em>rogantes</em></span> <span class='ocrx_word' id='word_1_308' title='bbox 1713 1539 1843 1572; x_wconf 83' lang='lat' dir='ltr'><em>obtine-</em></span> 
     </span>
     <span class='ocr_line' id='line_1_28' title="bbox 71 1594 1842 1641; baseline -0.004 -10"><span class='ocrx_word' id='word_1_309' title='bbox 71 1608 199 1641; x_wconf 83' lang='lat' dir='ltr'><em>remus,</em></span> <span class='ocrx_word' id='word_1_310' title='bbox 228 1597 341 1630; x_wconf 86' lang='lat' dir='ltr'><em>multa</em></span> <span class='ocrx_word' id='word_1_311' title='bbox 366 1596 518 1639; x_wconf 77' lang='lat' dir='ltr'><em>quidem,</em></span> <span class='ocrx_word' id='word_1_312' title='bbox 544 1606 635 1639; x_wconf 79' lang='lat' dir='ltr'><em>quae</em></span> <span class='ocrx_word' id='word_1_313' title='bbox 662 1606 768 1638; x_wconf 88' lang='lat' dir='ltr'><em>nunc,</em></span> <span class='ocrx_word' id='word_1_314' title='bbox 795 1596 878 1628; x_wconf 86' lang='lat' dir='ltr'><em>dum</em></span> <span class='ocrx_word' id='word_1_315' title='bbox 905 1596 976 1628; x_wconf 87' lang='lat' dir='ltr'><em>duo</em></span> <span class='ocrx_word' id='word_1_316' title='bbox 1001 1599 1145 1628; x_wconf 80' lang='lat' dir='ltr'><em>manent</em></span> <span class='ocrx_word' id='word_1_317' title='bbox 1173 1595 1406 1638; x_wconf 77' lang='lat' dir='ltr'><em>Confessarii,</em></span> <span class='ocrx_word' id='word_1_318' title='bbox 1443 1594 1608 1637; x_wconf 77' lang='lat' dir='ltr'><em>consequi</em></span> <span class='ocrx_word' id='word_1_319' title='bbox 1634 1596 1842 1634; x_wconf 82' lang='lat' dir='ltr'><em>cernuntur,</em></span> 
     </span>
     <span class='ocr_line' id='line_1_29' title="bbox 70 1647 1842 1691; baseline -0.003 -8"><span class='ocrx_word' id='word_1_320' title='bbox 70 1651 291 1684; x_wconf 75' lang='lat' dir='ltr'><em>incommoda</em></span> <span class='ocrx_word' id='word_1_321' title='bbox 317 1650 554 1683; x_wconf 83' lang='lat' dir='ltr'><em>euitarentur.</em></span> <span class='ocrx_word' id='word_1_322' title='bbox 591 1649 658 1682; x_wconf 86' lang='lat' dir='ltr'><em>Sin</em></span> <span class='ocrx_word' id='word_1_323' title='bbox 684 1650 805 1682; x_wconf 88' lang='lat' dir='ltr'><em>minus</em></span> <span class='ocrx_word' id='word_1_324' title='bbox 829 1649 894 1682; x_wconf 85' lang='lat' dir='ltr'><em>hoc</em></span> <span class='ocrx_word' id='word_1_325' title='bbox 918 1649 1020 1682; x_wconf 85' lang='lat' dir='ltr'><em>nobis</em></span> <span class='ocrx_word' id='word_1_326' title='bbox 1045 1649 1281 1691; x_wconf 85' lang='lat' dir='ltr'><em>concederent,</em></span> <span class='ocrx_word' id='word_1_327' title='bbox 1308 1652 1382 1680; x_wconf 85' lang='lat' dir='ltr'><em>tum</em></span> <span class='ocrx_word' id='word_1_328' title='bbox 1408 1658 1471 1680; x_wconf 89' lang='lat' dir='ltr'><em>nos</em></span> <span class='ocrx_word' id='word_1_329' title='bbox 1489 1647 1706 1680; x_wconf 75' lang='lat' dir='ltr'><em>uehementer</em></span> <span class='ocrx_word' id='word_1_330' title='bbox 1724 1656 1842 1688; x_wconf 85' lang='lat' dir='ltr'><em>orare,</em></span> 
     </span>
     <span class='ocr_line' id='line_1_30' title="bbox 66 1699 1843 1748; baseline -0.004 -10"><span class='ocrx_word' id='word_1_331' title='bbox 66 1709 107 1738; x_wconf 89' lang='lat' dir='ltr'><em>ut</em></span> <span class='ocrx_word' id='word_1_332' title='bbox 132 1705 296 1748; x_wconf 78' lang='lat' dir='ltr'><em>quandiu</em></span> <span class='ocrx_word' id='word_1_333' title='bbox 321 1703 360 1738; x_wconf 90' lang='lat' dir='ltr'><em>P.</em></span> <span class='ocrx_word' id='word_1_334' title='bbox 389 1704 532 1736; x_wconf 72' lang='lat' dir='ltr'><em>Vestrae</em></span> <span class='ocrx_word' id='word_1_335' title='bbox 557 1704 663 1736; x_wconf 82' lang='lat' dir='ltr'><em>aliter</em></span> <span class='ocrx_word' id='word_1_336' title='bbox 689 1704 808 1736; x_wconf 81' lang='lat' dir='ltr'><em>uisum</em></span> <span class='ocrx_word' id='word_1_337' title='bbox 835 1713 905 1736; x_wconf 82' lang='lat' dir='ltr'><em>non</em></span> <span class='ocrx_word' id='word_1_338' title='bbox 932 1704 1012 1746; x_wconf 84' lang='lat' dir='ltr'><em>erit,</em></span> <span class='ocrx_word' id='word_1_339' title='bbox 1048 1703 1156 1743; x_wconf 68' lang='lat' dir='ltr'><em>iidem</em></span> <span class='ocrx_word' id='word_1_340' title='bbox 1186 1700 1433 1744; x_wconf 72' lang='lat' dir='ltr'><em>Confessariy&#39;h</em></span> <span class='ocrx_word' id='word_1_341' title='bbox 1470 1712 1540 1734; x_wconf 81' lang='lat' dir='ltr'><em>non</em></span> <span class='ocrx_word' id='word_1_342' title='bbox 1566 1702 1666 1733; x_wconf 85' lang='lat' dir='ltr'><em>toties</em></span> <span class='ocrx_word' id='word_1_343' title='bbox 1691 1701 1731 1732; x_wconf 86' lang='lat' dir='ltr'><em>in</em></span> <span class='ocrx_word' id='word_1_344' title='bbox 1756 1699 1843 1731; x_wconf 86' lang='lat' dir='ltr'><em>aula</em></span> 
     </span>
     <span class='ocr_line' id='line_1_31' title="bbox 67 1755 1845 1801; baseline -0.003 -10"><span class='ocrx_word' id='word_1_345' title='bbox 67 1761 314 1801; x_wconf 80' lang='lat' dir='ltr'><em>uersarentur,</em></span> <span class='ocrx_word' id='word_1_346' title='bbox 342 1768 451 1800; x_wconf 79' lang='lat' dir='ltr'><em>neque</em></span> <span class='ocrx_word' id='word_1_347' title='bbox 476 1757 520 1790; x_wconf 87' lang='lat' dir='ltr'><em>ab</em></span> <span class='ocrx_word' id='word_1_348' title='bbox 546 1757 678 1790; x_wconf 81' lang='lat' dir='ltr'><em>aulicis</em></span> <span class='ocrx_word' id='word_1_349' title='bbox 702 1757 869 1799; x_wconf 82' lang='lat' dir='ltr'><em>foeminis</em></span> <span class='ocrx_word' id='word_1_350' title='bbox 894 1761 1126 1797; x_wconf 85' lang='lat' dir='ltr'><em>uocarentur,</em></span> <span class='ocrx_word' id='word_1_351' title='bbox 1156 1760 1186 1789; x_wconf 84' lang='lat' dir='ltr'><em>et</em></span> <span class='ocrx_word' id='word_1_352' title='bbox 1212 1756 1360 1798; x_wconf 68' lang='lat' dir='ltr'><em>neyotijs</em></span> <span class='ocrx_word' id='word_1_353' title='bbox 1377 1755 1425 1788; x_wconf 91' lang='lat' dir='ltr'><em>ad</em></span> <span class='ocrx_word' id='word_1_354' title='bbox 1444 1756 1659 1788; x_wconf 85' lang='lat' dir='ltr'><em>Jnstitutum</em></span> <span class='ocrx_word' id='word_1_355' title='bbox 1683 1756 1845 1786; x_wconf 83' lang='lat' dir='ltr'><em>nostrum</em></span> 
     </span>
     <span class='ocr_line' id='line_1_32' title="bbox 69 1809 1846 1855; baseline -0.003 -11"><span class='ocrx_word' id='word_1_356' title='bbox 69 1823 140 1845; x_wconf 85' lang='lat' dir='ltr'><em>non</em></span> <span class='ocrx_word' id='word_1_357' title='bbox 169 1811 433 1855; x_wconf 83' lang='lat' dir='ltr'><em>pertinentibus</em></span> <span class='ocrx_word' id='word_1_358' title='bbox 468 1821 540 1843; x_wconf 83' lang='lat' dir='ltr'><em>non</em></span> <span class='ocrx_word' id='word_1_359' title='bbox 574 1814 758 1853; x_wconf 83' lang='lat' dir='ltr'><em>tantopere</em></span> <span class='ocrx_word' id='word_1_360' title='bbox 793 1813 1075 1852; x_wconf 83' lang='lat' dir='ltr'><em>occuparentur:</em></span> <span class='ocrx_word' id='word_1_361' title='bbox 1109 1810 1169 1842; x_wconf 88' lang='lat' dir='ltr'><em>sed</em></span> <span class='ocrx_word' id='word_1_362' title='bbox 1194 1810 1242 1842; x_wconf 91' lang='lat' dir='ltr'><em>ad</em></span> <span class='ocrx_word' id='word_1_363' title='bbox 1262 1810 1502 1852; x_wconf 82' lang='lat' dir='ltr'><em>poenitentiae</em></span> <span class='ocrx_word' id='word_1_364' title='bbox 1526 1810 1788 1841; x_wconf 87' lang='lat' dir='ltr'><em>sacramentum</em></span> <span class='ocrx_word' id='word_1_365' title='bbox 1814 1809 1846 1838; x_wconf 84' lang='lat' dir='ltr'><em>et</em></span> 
     </span>
     <span class='ocr_line' id='line_1_33' title="bbox 69 1862 1673 1907; baseline -0.004 -8"><span class='ocrx_word' id='word_1_366' title='bbox 69 1866 110 1899; x_wconf 88' lang='lat' dir='ltr'><em>ob</em></span> <span class='ocrx_word' id='word_1_367' title='bbox 134 1876 191 1899; x_wconf 85' lang='lat' dir='ltr'><em>res</em></span> <span class='ocrx_word' id='word_1_368' title='bbox 213 1865 343 1907; x_wconf 76' lang='lat' dir='ltr'><em>yrauis</em></span> <span class='ocrx_word' id='word_1_369' title='bbox 368 1868 506 1897; x_wconf 85' lang='lat' dir='ltr'><em>tantum</em></span> <span class='ocrx_word' id='word_1_370' title='bbox 532 1865 699 1897; x_wconf 79' lang='lat' dir='ltr'><em>momenti</em></span> <span class='ocrx_word' id='word_1_371' title='bbox 724 1864 773 1896; x_wconf 87' lang='lat' dir='ltr'><em>ad</em></span> <span class='ocrx_word' id='word_1_372' title='bbox 799 1863 1013 1906; x_wconf 80' lang='lat' dir='ltr'><em>colloquium</em></span> <span class='ocrx_word' id='word_1_373' title='bbox 1039 1866 1287 1905; x_wconf 68' lang='lat' dir='ltr'><em>expetet-entur</em></span> <span class='ocrx_word' id='word_1_374' title='bbox 1313 1863 1429 1895; x_wconf 83' lang='lat' dir='ltr'><em>nostri</em></span> <span class='ocrx_word' id='word_1_375' title='bbox 1457 1862 1673 1895; x_wconf 83' lang='lat' dir='ltr'><em>Sacerdotes.</em></span> 
     </span>
    </p>

    <p class='ocr_par' dir='ltr' id='par_1_5' title="bbox 68 1913 1847 2175">
     <span class='ocr_line' id='line_1_34' title="bbox 190 1913 1847 1963; baseline -0.004 -12"><span class='ocrx_word' id='word_1_376' title='bbox 190 1919 356 1963; x_wconf 73' lang='lat' dir='ltr'><em>„Royaui</em></span> <span class='ocrx_word' id='word_1_377' title='bbox 384 1922 586 1961; x_wconf 84' lang='lat' dir='ltr'><em>praeterea,</em></span> <span class='ocrx_word' id='word_1_378' title='bbox 623 1928 666 1950; x_wconf 88' lang='lat' dir='ltr'><em>ne</em></span> <span class='ocrx_word' id='word_1_379' title='bbox 700 1918 787 1950; x_wconf 86' lang='lat' dir='ltr'><em>adeo</em></span> <span class='ocrx_word' id='word_1_380' title='bbox 812 1917 985 1950; x_wconf 82' lang='lat' dir='ltr'><em>sollicitae</em></span> <span class='ocrx_word' id='word_1_381' title='bbox 1011 1921 1120 1950; x_wconf 84' lang='lat' dir='ltr'><em>essent</em></span> <span class='ocrx_word' id='word_1_382' title='bbox 1145 1917 1185 1949; x_wconf 82' lang='lat' dir='ltr'><em>in</em></span> <span class='ocrx_word' id='word_1_383' title='bbox 1209 1916 1390 1959; x_wconf 86' lang='lat' dir='ltr'><em>parandis</em></span> <span class='ocrx_word' id='word_1_384' title='bbox 1416 1919 1446 1948; x_wconf 84' lang='lat' dir='ltr'><em>et</em></span> <span class='ocrx_word' id='word_1_385' title='bbox 1472 1915 1628 1957; x_wconf 78' lang='lat' dir='ltr'><em>quotidie</em></span> <span class='ocrx_word' id='word_1_386' title='bbox 1654 1913 1847 1956; x_wconf 84' lang='lat' dir='ltr'><em>offerendis</em></span> 
     </span>
     <span class='ocr_line' id='line_1_35' title="bbox 69 1966 1847 2014; baseline -0.004 -9"><span class='ocrx_word' id='word_1_387' title='bbox 69 1972 155 2006; x_wconf 81' lang='lat' dir='ltr'><em>cibis</em></span> <span class='ocrx_word' id='word_1_388' title='bbox 189 1972 416 2014; x_wconf 84' lang='lat' dir='ltr'><em>lautioribus,</em></span> <span class='ocrx_word' id='word_1_389' title='bbox 452 1982 559 2014; x_wconf 68' lang='lat' dir='ltr'><em>qotam</em></span> <span class='ocrx_word' id='word_1_390' title='bbox 592 1970 701 2014; x_wconf 67' lang='lat' dir='ltr'><em>quaei</em></span> <span class='ocrx_word' id='word_1_391' title='bbox 719 1970 781 2012; x_wconf 67' lang='grc' dir='ltr'><em>[ἓ]</em></span> <span class='ocrx_word' id='word_1_392' title='bbox 805 1971 1015 2014; x_wconf 86' lang='lat' dir='ltr'><em>paupertati</em></span> <span class='ocrx_word' id='word_1_393' title='bbox 1040 1975 1248 2003; x_wconf 84' lang='lat' dir='ltr'><em>nostrorum</em></span> <span class='ocrx_word' id='word_1_394' title='bbox 1274 1973 1496 2012; x_wconf 76' lang='lat' dir='ltr'><em>conyruant:</em></span> <span class='ocrx_word' id='word_1_395' title='bbox 1530 1968 1659 2001; x_wconf 86' lang='lat' dir='ltr'><em>rectius</em></span> <span class='ocrx_word' id='word_1_396' title='bbox 1684 1968 1780 2009; x_wconf 84' lang='lat' dir='ltr'><em>ipsas</em></span> <span class='ocrx_word' id='word_1_397' title='bbox 1806 1966 1847 1998; x_wconf 81' lang='lat' dir='ltr'><em>de</em></span> 
     </span>
     <span class='ocr_line' id='line_1_36' title="bbox 70 2020 1846 2068; baseline -0.004 -9"><span class='ocrx_word' id='word_1_398' title='bbox 70 2026 203 2059; x_wconf 88' lang='lat' dir='ltr'><em>nostris</em></span> <span class='ocrx_word' id='word_1_399' title='bbox 236 2026 441 2068; x_wconf 71' lang='lat' dir='ltr'><em>mei-ituras,</em></span> <span class='ocrx_word' id='word_1_400' title='bbox 479 2025 512 2057; x_wconf 84' lang='lat' dir='ltr'><em>si</em></span> <span class='ocrx_word' id='word_1_401' title='bbox 546 2035 664 2057; x_wconf 85' lang='lat' dir='ltr'><em>omnes</em></span> <span class='ocrx_word' id='word_1_402' title='bbox 697 2025 761 2057; x_wconf 88' lang='lat' dir='ltr'><em>sub</em></span> <span class='ocrx_word' id='word_1_403' title='bbox 795 2035 871 2057; x_wconf 86' lang='lat' dir='ltr'><em>una</em></span> <span class='ocrx_word' id='word_1_404' title='bbox 906 2029 936 2057; x_wconf 88' lang='lat' dir='ltr'><em>et</em></span> <span class='ocrx_word' id='word_1_405' title='bbox 971 2024 1091 2056; x_wconf 87' lang='lat' dir='ltr'><em>eadem</em></span> <span class='ocrx_word' id='word_1_406' title='bbox 1126 2023 1320 2066; x_wconf 77' lang='lat' dir='ltr'><em>disciplina</em></span> <span class='ocrx_word' id='word_1_407' title='bbox 1354 2023 1512 2055; x_wconf 81' lang='lat' dir='ltr'><em>instituti</em></span> <span class='ocrx_word' id='word_1_408' title='bbox 1547 2021 1663 2054; x_wconf 83' lang='lat' dir='ltr'><em>nostri</em></span> <span class='ocrx_word' id='word_1_409' title='bbox 1691 2020 1846 2063; x_wconf 83' lang='lat' dir='ltr'><em>propria</em></span> 
     </span>
     <span class='ocr_line' id='line_1_37' title="bbox 68 2074 1847 2122; baseline -0.004 -10"><span class='ocrx_word' id='word_1_410' title='bbox 68 2081 225 2113; x_wconf 87' lang='lat' dir='ltr'><em>sinerent</em></span> <span class='ocrx_word' id='word_1_411' title='bbox 261 2079 466 2121; x_wconf 79' lang='lat' dir='ltr'><em>sustentari,</em></span> <span class='ocrx_word' id='word_1_412' title='bbox 505 2089 616 2122; x_wconf 80' lang='lat' dir='ltr'><em>neque</em></span> <span class='ocrx_word' id='word_1_413' title='bbox 647 2089 891 2120; x_wconf 83' lang='lat' dir='ltr'><em>personarum</em></span> <span class='ocrx_word' id='word_1_414' title='bbox 928 2078 1096 2110; x_wconf 82' lang='lat' dir='ltr'><em>delectum</em></span> <span class='ocrx_word' id='word_1_415' title='bbox 1131 2078 1291 2119; x_wconf 79' lang='lat' dir='ltr'><em>facerent</em></span> <span class='ocrx_word' id='word_1_416' title='bbox 1326 2078 1365 2109; x_wconf 86' lang='lat' dir='ltr'><em>in</em></span> <span class='ocrx_word' id='word_1_417' title='bbox 1399 2076 1466 2119; x_wconf 77' lang='lat' dir='ltr'><em>his,</em></span> <span class='ocrx_word' id='word_1_418' title='bbox 1507 2085 1596 2118; x_wconf 78' lang='lat' dir='ltr'><em>quae</em></span> <span class='ocrx_word' id='word_1_419' title='bbox 1633 2074 1680 2107; x_wconf 90' lang='lat' dir='ltr'><em>ad</em></span> <span class='ocrx_word' id='word_1_420' title='bbox 1718 2082 1847 2115; x_wconf 79' lang='lat' dir='ltr'><em>corpus</em></span> 
     </span>
     <span class='ocr_line' id='line_1_38' title="bbox 69 2126 1847 2175; baseline -0.004 -9"><span class='ocrx_word' id='word_1_421' title='bbox 69 2133 272 2166; x_wconf 85' lang='lat' dir='ltr'><em>curandum</em></span> <span class='ocrx_word' id='word_1_422' title='bbox 308 2131 499 2175; x_wconf 78' lang='lat' dir='ltr'><em>spectant⁶.</em></span> <span class='ocrx_word' id='word_1_423' title='bbox 558 2132 617 2165; x_wconf 80' lang='lat' dir='ltr'><em>Ad</em></span> <span class='ocrx_word' id='word_1_424' title='bbox 654 2132 740 2164; x_wconf 72' lang='lat' dir='ltr'><em>ham</em></span> <span class='ocrx_word' id='word_1_425' title='bbox 777 2133 913 2174; x_wconf 87' lang='lat' dir='ltr'><em>monui,</em></span> <span class='ocrx_word' id='word_1_426' title='bbox 952 2143 994 2164; x_wconf 85' lang='lat' dir='ltr'><em>ne</em></span> <span class='ocrx_word' id='word_1_427' title='bbox 1032 2131 1160 2164; x_wconf 81' lang='lat' dir='ltr'><em>uellent</em></span> <span class='ocrx_word' id='word_1_428' title='bbox 1200 2130 1410 2164; x_wconf 85' lang='lat' dir='ltr'><em>Sacerdotes</em></span> <span class='ocrx_word' id='word_1_429' title='bbox 1448 2128 1613 2162; x_wconf 73' lang='lat' dir='ltr'><em>nostrosk</em></span> <span class='ocrx_word' id='word_1_430' title='bbox 1651 2129 1691 2160; x_wconf 89' lang='lat' dir='ltr'><em>in</em></span> <span class='ocrx_word' id='word_1_431' title='bbox 1726 2126 1847 2168; x_wconf 71' lang='lat' dir='ltr'><em>uariJs</em></span> 
     </span>
    </p>
   </div>
   <div class='ocr_carea' id='block_1_3' title="bbox 69 2214 1848 2418">
    <p class='ocr_par' dir='ltr' id='par_1_6' title="bbox 69 2214 1848 2418">
     <span class='ocr_line' id='line_1_39' title="bbox 190 2214 1844 2251; baseline -0.004 -7"><span class='ocrx_word' id='word_1_432' title='bbox 190 2219 218 2251; x_wconf 84' lang='lat' dir='ltr'><em>a)</em></span> <span class='ocrx_word' id='word_1_433' title='bbox 239 2220 276 2244; x_wconf 88' lang='lat' dir='ltr'><em>In</em></span> <span class='ocrx_word' id='word_1_434' title='bbox 295 2220 376 2244; x_wconf 85' lang='lat' dir='ltr'><em>arch.</em></span> <span class='ocrx_word' id='word_1_435' title='bbox 389 2219 524 2250; x_wconf 78' lang='lat' dir='ltr'><em>sequitur</em></span> <span class='ocrx_word' id='word_1_436' title='bbox 543 2218 615 2251; x_wconf 73' lang='lat' dir='ltr'><em>post</em></span> <span class='ocrx_word' id='word_1_437' title='bbox 635 2219 679 2243; x_wconf 80' lang='lat' dir='ltr'><em>vel</em></span> <span class='ocrx_word' id='word_1_438' title='bbox 698 2219 796 2243; x_wconf 79' lang='lat' dir='ltr'><em>simile</em></span> <span class='ocrx_word' id='word_1_439' title='bbox 816 2226 851 2249; x_wconf 86' lang='lat' dir='ltr'><em>v.,</em></span> <span class='ocrx_word' id='word_1_440' title='bbox 871 2219 961 2243; x_wconf 84' lang='lat' dir='ltr'><em>oblitt.</em></span> <span class='ocrx_word' id='word_1_441' title='bbox 1036 2216 1067 2248; x_wconf 84' lang='lat' dir='ltr'><em>b)</em></span> <span class='ocrx_word' id='word_1_442' title='bbox 1089 2218 1155 2242; x_wconf 77' lang='lat' dir='ltr'><em>Duo</em></span> <span class='ocrx_word' id='word_1_443' title='bbox 1176 2225 1217 2242; x_wconf 79' lang='lat' dir='ltr'><em>vv.</em></span> <span class='ocrx_word' id='word_1_444' title='bbox 1238 2225 1297 2248; x_wconf 76' lang='lat' dir='ltr'><em>sqq.</em></span> <span class='ocrx_word' id='word_1_445' title='bbox 1313 2224 1330 2241; x_wconf 86' lang='grc' dir='ltr'><em>α</em></span> <span class='ocrx_word' id='word_1_446' title='bbox 1345 2217 1374 2241; x_wconf 83' lang='lat' dir='ltr'><em>C.</em></span> <span class='ocrx_word' id='word_1_447' title='bbox 1388 2224 1482 2247; x_wconf 80' lang='lat' dir='ltr'><em>supra</em></span> <span class='ocrx_word' id='word_1_448' title='bbox 1504 2223 1618 2240; x_wconf 75' lang='lat' dir='ltr'><em>versum</em></span> <span class='ocrx_word' id='word_1_449' title='bbox 1637 2214 1749 2246; x_wconf 79' lang='lat' dir='ltr'><em>scripta</em></span> <span class='ocrx_word' id='word_1_450' title='bbox 1768 2216 1844 2238; x_wconf 85' lang='lat' dir='ltr'><em>sunt.</em></span> 
     </span>
     <span class='ocr_line' id='line_1_40' title="bbox 69 2255 1845 2293; baseline -0.004 -7"><span class='ocrx_word' id='word_1_451' title='bbox 69 2261 97 2293; x_wconf 79' lang='lat' dir='ltr'><em>c)</em></span> <span class='ocrx_word' id='word_1_452' title='bbox 118 2262 179 2286; x_wconf 84' lang='lat' dir='ltr'><em>Hoc</em></span> <span class='ocrx_word' id='word_1_453' title='bbox 197 2269 222 2287; x_wconf 85' lang='lat' dir='ltr'><em>v.</em></span> <span class='ocrx_word' id='word_1_454' title='bbox 242 2269 261 2286; x_wconf 87' lang='lat' dir='ltr'><em>a</em></span> <span class='ocrx_word' id='word_1_455' title='bbox 281 2262 310 2287; x_wconf 80' lang='lat' dir='ltr'><em>C.</em></span> <span class='ocrx_word' id='word_1_456' title='bbox 330 2268 425 2292; x_wconf 79' lang='lat' dir='ltr'><em>supra</em></span> <span class='ocrx_word' id='word_1_457' title='bbox 444 2268 562 2285; x_wconf 80' lang='lat' dir='ltr'><em>versum</em></span> <span class='ocrx_word' id='word_1_458' title='bbox 580 2261 724 2292; x_wconf 83' lang='lat' dir='ltr'><em>scriptum</em></span> <span class='ocrx_word' id='word_1_459' title='bbox 744 2263 794 2286; x_wconf 83' lang='lat' dir='ltr'><em>est.</em></span> <span class='ocrx_word' id='word_1_460' title='bbox 864 2258 894 2291; x_wconf 85' lang='lat' dir='ltr'><em>d)</em></span> <span class='ocrx_word' id='word_1_461' title='bbox 915 2261 963 2285; x_wconf 86' lang='lat' dir='ltr'><em>Ita</em></span> <span class='ocrx_word' id='word_1_462' title='bbox 985 2261 1012 2285; x_wconf 78' lang='lat' dir='ltr'><em>C.</em></span> <span class='ocrx_word' id='word_1_463' title='bbox 1034 2260 1096 2291; x_wconf 81' lang='lat' dir='ltr'><em>ipse</em></span> <span class='ocrx_word' id='word_1_464' title='bbox 1116 2259 1245 2284; x_wconf 59' lang='lat' dir='ltr'><em>cor-remit</em></span> <span class='ocrx_word' id='word_1_465' title='bbox 1266 2266 1302 2283; x_wconf 78' lang='lat' dir='ltr'><em>ex</em></span> <span class='ocrx_word' id='word_1_466' title='bbox 1322 2257 1435 2284; x_wconf 84' lang='lat' dir='ltr'><em>uiuere.</em></span> <span class='ocrx_word' id='word_1_467' title='bbox 1503 2257 1530 2287; x_wconf 83' lang='lat' dir='ltr'><em>e)</em></span> <span class='ocrx_word' id='word_1_468' title='bbox 1551 2258 1616 2282; x_wconf 83' lang='lat' dir='ltr'><em>Duo</em></span> <span class='ocrx_word' id='word_1_469' title='bbox 1636 2264 1678 2281; x_wconf 82' lang='lat' dir='ltr'><em>vv.</em></span> <span class='ocrx_word' id='word_1_470' title='bbox 1699 2263 1758 2287; x_wconf 74' lang='lat' dir='ltr'><em>sqq.</em></span> <span class='ocrx_word' id='word_1_471' title='bbox 1778 2262 1796 2280; x_wconf 85' lang='grc' dir='ltr'><em>α</em></span> <span class='ocrx_word' id='word_1_472' title='bbox 1816 2255 1845 2280; x_wconf 78' lang='grc' dir='ltr'><em>Ο.</em></span> 
     </span>
     <span class='ocr_line' id='line_1_41' title="bbox 69 2294 1848 2335; baseline -0.003 -7"><span class='ocrx_word' id='word_1_473' title='bbox 69 2311 163 2335; x_wconf 80' lang='lat' dir='ltr'><em>supra</em></span> <span class='ocrx_word' id='word_1_474' title='bbox 191 2310 307 2328; x_wconf 85' lang='lat' dir='ltr'><em>versum</em></span> <span class='ocrx_word' id='word_1_475' title='bbox 335 2303 449 2334; x_wconf 79' lang='lat' dir='ltr'><em>scripta</em></span> <span class='ocrx_word' id='word_1_476' title='bbox 476 2305 553 2327; x_wconf 88' lang='lat' dir='ltr'><em>sunt.</em></span> <span class='ocrx_word' id='word_1_477' title='bbox 646 2301 675 2333; x_wconf 81' lang='lat' dir='ltr'><em>f)</em></span> <span class='ocrx_word' id='word_1_478' title='bbox 705 2303 742 2327; x_wconf 84' lang='lat' dir='ltr'><em>In</em></span> <span class='ocrx_word' id='word_1_479' title='bbox 770 2302 850 2327; x_wconf 80' lang='lat' dir='ltr'><em>arch.</em></span> <span class='ocrx_word' id='word_1_480' title='bbox 880 2309 955 2326; x_wconf 89' lang='lat' dir='ltr'><em>corr.</em></span> <span class='ocrx_word' id='word_1_481' title='bbox 986 2309 1022 2326; x_wconf 69' lang='lat' dir='ltr'><em>ex</em></span> <span class='ocrx_word' id='word_1_482' title='bbox 1050 2300 1126 2327; x_wconf 81' lang='lat' dir='ltr'><em>loca.</em></span> <span class='ocrx_word' id='word_1_483' title='bbox 1228 2302 1258 2331; x_wconf 84' lang='lat' dir='ltr'><em>g)</em></span> <span class='ocrx_word' id='word_1_484' title='bbox 1289 2301 1325 2325; x_wconf 88' lang='lat' dir='ltr'><em>In</em></span> <span class='ocrx_word' id='word_1_485' title='bbox 1351 2299 1430 2324; x_wconf 75' lang='lat' dir='ltr'><em>arch.</em></span> <span class='ocrx_word' id='word_1_486' title='bbox 1456 2306 1531 2323; x_wconf 79' lang='lat' dir='ltr'><em>corr.</em></span> <span class='ocrx_word' id='word_1_487' title='bbox 1559 2306 1596 2323; x_wconf 72' lang='lat' dir='ltr'><em>ex</em></span> <span class='ocrx_word' id='word_1_488' title='bbox 1622 2294 1848 2330; x_wconf 66' lang='lat' dir='ltr'><em>permitterent.</em></span> 
     </span>
     <span class='ocr_line' id='line_1_42' title="bbox 70 2336 1848 2376; baseline -0.003 -7"><span class='ocrx_word' id='word_1_489' title='bbox 70 2343 102 2376; x_wconf 87' lang='lat' dir='ltr'><em>h)</em></span> <span class='ocrx_word' id='word_1_490' title='bbox 129 2345 299 2376; x_wconf 76' lang='lat' dir='ltr'><em>Sequuntur</em></span> <span class='ocrx_word' id='word_1_491' title='bbox 325 2352 368 2369; x_wconf 80' lang='lat' dir='ltr'><em>vo.</em></span> <span class='ocrx_word' id='word_1_492' title='bbox 390 2350 451 2368; x_wconf 90' lang='lat' dir='ltr'><em>non</em></span> <span class='ocrx_word' id='word_1_493' title='bbox 472 2343 537 2369; x_wconf 87' lang='lat' dir='ltr'><em>sine</em></span> <span class='ocrx_word' id='word_1_494' title='bbox 558 2342 752 2375; x_wconf 83' lang='lat' dir='ltr'><em>quorundam</em></span> <span class='ocrx_word' id='word_1_495' title='bbox 772 2342 952 2374; x_wconf 85' lang='lat' dir='ltr'><em>offensione,</em></span> <span class='ocrx_word' id='word_1_496' title='bbox 979 2343 1069 2368; x_wconf 78' lang='lat' dir='ltr'><em>oblitt.</em></span> <span class='ocrx_word' id='word_1_497' title='bbox 1163 2341 1182 2373; x_wconf 90' lang='lat' dir='ltr'><em>i)</em></span> <span class='ocrx_word' id='word_1_498' title='bbox 1212 2343 1277 2373; x_wconf 50' lang='grc' dir='ltr'><em>δέρῃ·</em></span> <span class='ocrx_word' id='word_1_499' title='bbox 1303 2340 1489 2366; x_wconf 77' lang='lat' dir='ltr'><em>scribendum</em></span> <span class='ocrx_word' id='word_1_500' title='bbox 1514 2340 1609 2371; x_wconf 76' lang='lat' dir='ltr'><em>fuisse</em></span> <span class='ocrx_word' id='word_1_501' title='bbox 1631 2339 1761 2364; x_wconf 76' lang='lat' dir='ltr'><em>videtur:</em></span> <span class='ocrx_word' id='word_1_502' title='bbox 1788 2336 1848 2370; x_wconf 87' lang='lat' dir='ltr'><em>qui.</em></span> 
     </span>
     <span class='ocr_line' id='line_1_43' title="bbox 72 2384 443 2418; baseline -0.003 -7"><span class='ocrx_word' id='word_1_503' title='bbox 72 2385 102 2417; x_wconf 77' lang='lat' dir='ltr'><em>k)</em></span> <span class='ocrx_word' id='word_1_504' title='bbox 123 2387 263 2418; x_wconf 73' lang='lat' dir='ltr'><em>Sequitur</em></span> <span class='ocrx_word' id='word_1_505' title='bbox 281 2384 334 2416; x_wconf 80' lang='lat' dir='ltr'><em>ita,</em></span> <span class='ocrx_word' id='word_1_506' title='bbox 354 2386 443 2410; x_wconf 86' lang='lat' dir='ltr'><em>oblitt.</em></span> 
     </span>
    </p>
   </div>
   <div class='ocr_carea' id='block_1_4' title="bbox 73 2498 1854 3129">
    <p class='ocr_par' dir='ltr' id='par_1_7' title="bbox 195 2498 828 2542">
     <span class='ocr_line' id='line_1_44' title="bbox 195 2498 828 2542; baseline -0.003 -8"><span class='ocrx_word' id='word_1_507' title='bbox 195 2500 204 2520; x_wconf 83' lang='lat'><em>¹</em></span> <span class='ocrx_word' id='word_1_508' title='bbox 235 2499 313 2534; x_wconf 83' lang='lat' dir='ltr'><em>Has</em></span> <span class='ocrx_word' id='word_1_509' title='bbox 339 2511 374 2533; x_wconf 91' lang='lat' dir='ltr'><em>v.</em></span> <span class='ocrx_word' id='word_1_510' title='bbox 401 2499 506 2540; x_wconf 83' lang='lat' dir='ltr'><em>infra,</em></span> <span class='ocrx_word' id='word_1_511' title='bbox 532 2509 626 2533; x_wconf 90' lang='lat' dir='ltr'><em>mon.</em></span> <span class='ocrx_word' id='word_1_512' title='bbox 653 2509 730 2533; x_wconf 91' lang='lat' dir='ltr'><em>oen.</em></span> <span class='ocrx_word' id='word_1_513' title='bbox 760 2498 828 2542; x_wconf 89' lang='grc'><strong>(6).</strong></span> 
     </span>
    </p>

    <p class='ocr_par' dir='ltr' id='par_1_8' title="bbox 192 2549 1012 2595">
     <span class='ocr_line' id='line_1_45' title="bbox 192 2549 1012 2595; baseline -0.004 -8"><span class='ocrx_word' id='word_1_514' title='bbox 192 2553 205 2573; x_wconf 74' lang='lat'><strong>²</strong></span> <span class='ocrx_word' id='word_1_515' title='bbox 231 2552 302 2587; x_wconf 90' lang='grc' dir='ltr'><em>ΡΡ.</em></span> <span class='ocrx_word' id='word_1_516' title='bbox 329 2551 469 2587; x_wconf 80' lang='lat' dir='ltr'><em>Nicolai</em></span> <span class='ocrx_word' id='word_1_517' title='bbox 496 2551 619 2586; x_wconf 83' lang='lat' dir='ltr'><em>Lanoii</em></span> <span class='ocrx_word' id='word_1_518' title='bbox 646 2553 682 2586; x_wconf 81' lang='lat' dir='ltr'><em>et</em></span> <span class='ocrx_word' id='word_1_519' title='bbox 709 2550 855 2595; x_wconf 82' lang='lat' dir='ltr'><em>Georgii</em></span> <span class='ocrx_word' id='word_1_520' title='bbox 883 2549 1012 2595; x_wconf 84' lang='lat' dir='ltr'><em>Crispi.</em></span> 
     </span>
    </p>

    <p class='ocr_par' dir='ltr' id='par_1_9' title="bbox 73 2599 1852 2810">
     <span class='ocr_line' id='line_1_46' title="bbox 193 2599 1850 2650; baseline -0.005 -9"><span class='ocrx_word' id='word_1_521' title='bbox 193 2607 206 2626; x_wconf 75' lang='grc'><strong>3</strong></span> <span class='ocrx_word' id='word_1_522' title='bbox 231 2605 364 2640; x_wconf 87' lang='lat' dir='ltr'><em>Lanoio</em></span> <span class='ocrx_word' id='word_1_523' title='bbox 399 2605 531 2640; x_wconf 77' lang='lat' dir='ltr'><em>rectori</em></span> <span class='ocrx_word' id='word_1_524' title='bbox 567 2605 806 2650; x_wconf 78' lang='lat' dir='ltr'><em>oenipontano</em></span> <span class='ocrx_word' id='word_1_525' title='bbox 832 2605 872 2638; x_wconf 93' lang='lat' dir='ltr'><em>P.</em></span> <span class='ocrx_word' id='word_1_526' title='bbox 899 2605 1062 2638; x_wconf 87' lang='lat' dir='ltr'><em>Joannes</em></span> <span class='ocrx_word' id='word_1_527' title='bbox 1089 2603 1265 2637; x_wconf 85' lang='lat' dir='ltr'><em>Polancus</em></span> <span class='ocrx_word' id='word_1_528' title='bbox 1291 2600 1482 2635; x_wconf 77' lang='lat' dir='ltr'><em>Societatis</em></span> <span class='ocrx_word' id='word_1_529' title='bbox 1509 2599 1727 2635; x_wconf 76' lang='lat' dir='ltr'><em>secretarius</em></span> <span class='ocrx_word' id='word_1_530' title='bbox 1752 2610 1850 2633; x_wconf 81' lang='lat' dir='ltr'><em>man-</em></span> 
     </span>
     <span class='ocr_line' id='line_1_47' title="bbox 73 2652 1851 2703; baseline -0.004 -9"><span class='ocrx_word' id='word_1_531' title='bbox 73 2660 159 2694; x_wconf 82' lang='lat' dir='ltr'><em>datu</em></span> <span class='ocrx_word' id='word_1_532' title='bbox 178 2659 332 2703; x_wconf 85' lang='lat' dir='ltr'><em>Borgiae</em></span> <span class='ocrx_word' id='word_1_533' title='bbox 357 2658 472 2693; x_wconf 86' lang='lat' dir='ltr'><em>Roma</em></span> <span class='ocrx_word' id='word_1_534' title='bbox 498 2659 554 2693; x_wconf 86' lang='lat'><em>20.</em></span> <span class='ocrx_word' id='word_1_535' title='bbox 581 2658 792 2693; x_wconf 81' lang='lat' dir='ltr'><em>Decembris</em></span> <span class='ocrx_word' id='word_1_536' title='bbox 821 2658 910 2692; x_wconf 82' lang='lat'>1567</span> <span class='ocrx_word' id='word_1_537' title='bbox 939 2656 1131 2701; x_wconf 77' lang='lat' dir='ltr'><em>*scripsit:</em></span> <span class='ocrx_word' id='word_1_538' title='bbox 1163 2655 1220 2699; x_wconf 83' lang='lat' dir='ltr'><em>„Si</em></span> <span class='ocrx_word' id='word_1_539' title='bbox 1248 2658 1266 2689; x_wconf 81' lang='lat' dir='ltr'><em>e</em></span> <span class='ocrx_word' id='word_1_540' title='bbox 1292 2655 1408 2689; x_wconf 82' lang='lat' dir='ltr'><em>inteso</em></span> <span class='ocrx_word' id='word_1_541' title='bbox 1436 2654 1470 2688; x_wconf 91' lang='lat' dir='ltr'><em>la</em></span> <span class='ocrx_word' id='word_1_542' title='bbox 1496 2653 1662 2688; x_wconf 82' lang='lat' dir='ltr'><em>limosina</em></span> <span class='ocrx_word' id='word_1_543' title='bbox 1689 2652 1754 2686; x_wconf 87' lang='lat' dir='ltr'><em>che</em></span> <span class='ocrx_word' id='word_1_544' title='bbox 1779 2652 1851 2686; x_wconf 89' lang='lat' dir='ltr'><em>han</em></span> 
     </span>
     <span class='ocr_line' id='line_1_48' title="bbox 73 2705 1852 2756; baseline -0.005 -8"><span class='ocrx_word' id='word_1_545' title='bbox 73 2714 166 2748; x_wconf 65' lang='lat' dir='ltr'><em>faita</em></span> <span class='ocrx_word' id='word_1_546' title='bbox 199 2713 233 2747; x_wconf 88' lang='lat' dir='ltr'><em>le</em></span> <span class='ocrx_word' id='word_1_547' title='bbox 269 2712 505 2747; x_wconf 84' lang='lat' dir='ltr'><em>Serenissime</em></span> <span class='ocrx_word' id='word_1_548' title='bbox 541 2712 680 2756; x_wconf 83' lang='lat' dir='ltr'><em>Regine</em></span> <span class='ocrx_word' id='word_1_549' title='bbox 717 2711 751 2745; x_wconf 92' lang='lat' dir='ltr'><em>di</em></span> <span class='ocrx_word' id='word_1_550' title='bbox 787 2711 988 2745; x_wconf 78' lang='lat' dir='ltr'><em>ornamenti</em></span> <span class='ocrx_word' id='word_1_551' title='bbox 1028 2711 1062 2744; x_wconf 84' lang='lat' dir='ltr'><em>di</em></span> <span class='ocrx_word' id='word_1_552' title='bbox 1090 2709 1231 2750; x_wconf 74' lang='lat' dir='ltr'><em>chiesa,</em></span> <span class='ocrx_word' id='word_1_553' title='bbox 1271 2708 1306 2743; x_wconf 83' lang='lat' dir='ltr'><em>al</em></span> <span class='ocrx_word' id='word_1_554' title='bbox 1342 2707 1494 2752; x_wconf 81' lang='lat' dir='ltr'><em>collegio</em></span> <span class='ocrx_word' id='word_1_555' title='bbox 1530 2707 1564 2741; x_wconf 88' lang='lat' dir='ltr'><em>di</em></span> <span class='ocrx_word' id='word_1_556' title='bbox 1601 2706 1734 2741; x_wconf 82' lang='lat' dir='ltr'><em>Padoa.</em></span> <span class='ocrx_word' id='word_1_557' title='bbox 1784 2705 1852 2740; x_wconf 90' lang='lat' dir='ltr'><em>Dio</em></span> 
     </span>
     <span class='ocr_line' id='line_1_49' title="bbox 73 2761 1571 2810; baseline -0.003 -10"><span class='ocrx_word' id='word_1_558' title='bbox 73 2766 116 2801; x_wconf 88' lang='lat' dir='ltr'><em>N.</em></span> <span class='ocrx_word' id='word_1_559' title='bbox 143 2766 294 2810; x_wconf 85' lang='lat' dir='ltr'><em>Signore</em></span> <span class='ocrx_word' id='word_1_560' title='bbox 320 2766 370 2810; x_wconf 84' lang='lat' dir='ltr'><em>gli</em></span> <span class='ocrx_word' id='word_1_561' title='bbox 395 2766 430 2800; x_wconf 88' lang='lat' dir='ltr'><em>lo</em></span> <span class='ocrx_word' id='word_1_562' title='bbox 456 2766 636 2800; x_wconf 72' lang='lat' dir='ltr'><em>remeriti‘</em></span> <span class='ocrx_word' id='word_1_563' title='bbox 670 2765 732 2809; x_wconf 86' lang='lat' dir='ltr'><em>(ex</em></span> <span class='ocrx_word' id='word_1_564' title='bbox 758 2776 882 2810; x_wconf 83' lang='lat' dir='ltr'><em>apogr.</em></span> <span class='ocrx_word' id='word_1_565' title='bbox 910 2764 1022 2799; x_wconf 86' lang='lat' dir='ltr'><em>eiusd.</em></span> <span class='ocrx_word' id='word_1_566' title='bbox 1049 2766 1179 2808; x_wconf 77' lang='lat' dir='ltr'><em>temp.;</em></span> <span class='ocrx_word' id='word_1_567' title='bbox 1208 2762 1328 2797; x_wconf 84' lang='lat' dir='ltr'><em>Germ.</em></span> <span class='ocrx_word' id='word_1_568' title='bbox 1356 2762 1400 2796; x_wconf 88' lang='lat'><em>67</em></span> <span class='ocrx_word' id='word_1_569' title='bbox 1428 2762 1453 2796; x_wconf 84' lang='lat' dir='ltr'><em>f.</em></span> <span class='ocrx_word' id='word_1_570' title='bbox 1481 2761 1571 2805; x_wconf 73' lang='lat'><em>941&#39;).</em></span> 
     </span>
    </p>

    <p class='ocr_par' dir='ltr' id='par_1_10' title="bbox 75 2812 1853 2908">
     <span class='ocr_line' id='line_1_50' title="bbox 194 2812 1853 2865; baseline -0.004 -11"><span class='ocrx_word' id='word_1_571' title='bbox 194 2822 207 2840; x_wconf 76' lang='lat'>4</span> <span class='ocrx_word' id='word_1_572' title='bbox 233 2819 272 2854; x_wconf 89' lang='lat' dir='ltr'><em>P.</em></span> <span class='ocrx_word' id='word_1_573' title='bbox 300 2820 453 2854; x_wconf 84' lang='lat' dir='ltr'><em>Ioannes</em></span> <span class='ocrx_word' id='word_1_574' title='bbox 478 2819 632 2865; x_wconf 84' lang='lat' dir='ltr'><em>Dyrsius</em></span> <span class='ocrx_word' id='word_1_575' title='bbox 667 2818 918 2862; x_wconf 84' lang='lat' dir='ltr'><em>Magdalenae,</em></span> <span class='ocrx_word' id='word_1_576' title='bbox 954 2818 994 2851; x_wconf 92' lang='lat' dir='ltr'><em>P.</em></span> <span class='ocrx_word' id='word_1_577' title='bbox 1031 2817 1168 2851; x_wconf 83' lang='lat' dir='ltr'><em>Paulus</em></span> <span class='ocrx_word' id='word_1_578' title='bbox 1202 2817 1454 2850; x_wconf 80' lang='lat' dir='ltr'><em>Hetzcovaeus</em></span> <span class='ocrx_word' id='word_1_579' title='bbox 1489 2814 1649 2849; x_wconf 84' lang='lat' dir='ltr'><em>Helenae</em></span> <span class='ocrx_word' id='word_1_580' title='bbox 1685 2825 1706 2848; x_wconf 86' lang='lat' dir='ltr'>a</span> <span class='ocrx_word' id='word_1_581' title='bbox 1738 2812 1853 2848; x_wconf 82' lang='lat' dir='ltr'><em>sacris</em></span> 
     </span>
     <span class='ocr_line' id='line_1_51' title="bbox 75 2872 499 2908; baseline 0 0"><span class='ocrx_word' id='word_1_582' title='bbox 75 2872 361 2908; x_wconf 84' lang='lat' dir='ltr'><em>confessionibus</em></span> <span class='ocrx_word' id='word_1_583' title='bbox 387 2876 499 2908; x_wconf 79' lang='lat' dir='ltr'><em>erant.</em></span> 
     </span>
    </p>

    <p class='ocr_par' dir='ltr' id='par_1_11' title="bbox 76 2919 1854 3024">
     <span class='ocr_line' id='line_1_52' title="bbox 195 2919 1854 2972; baseline -0.004 -12"><span class='ocrx_word' id='word_1_584' title='bbox 195 2927 208 2946; x_wconf 89' lang='lat'><strong>⁵</strong></span> <span class='ocrx_word' id='word_1_585' title='bbox 233 2925 286 2960; x_wconf 93' lang='lat' dir='ltr'><em>De</em></span> <span class='ocrx_word' id='word_1_586' title='bbox 312 2926 380 2960; x_wconf 82' lang='lat' dir='ltr'><em>hae</em></span> <span class='ocrx_word' id='word_1_587' title='bbox 405 2938 444 2960; x_wconf 89' lang='lat' dir='ltr'><em>re</em></span> <span class='ocrx_word' id='word_1_588' title='bbox 470 2927 516 2962; x_wconf 85' lang='lat' dir='ltr'><em>cf.</em></span> <span class='ocrx_word' id='word_1_589' title='bbox 543 2926 634 2972; x_wconf 81' lang='lat' dir='ltr'><em>Epp.</em></span> <span class='ocrx_word' id='word_1_590' title='bbox 660 2926 783 2960; x_wconf 80' lang='lat' dir='ltr'><em>Nadal</em></span> <span class='ocrx_word' id='word_1_591' title='bbox 811 2925 862 2959; x_wconf 90' lang='lat' dir='ltr'><em>III</em></span> <span class='ocrx_word' id='word_1_592' title='bbox 886 2924 1074 2960; x_wconf 81' lang='lat'>270-271</span> <span class='ocrx_word' id='word_1_593' title='bbox 1103 2924 1184 2966; x_wconf 83' lang='lat'><em>276,</em></span> <span class='ocrx_word' id='word_1_594' title='bbox 1222 2925 1259 2958; x_wconf 72' lang='lat' dir='ltr'><em>et</em></span> <span class='ocrx_word' id='word_1_595' title='bbox 1288 2924 1376 2957; x_wconf 88' lang='lat' dir='ltr'><em>Can.</em></span> <span class='ocrx_word' id='word_1_596' title='bbox 1404 2921 1437 2956; x_wconf 92' lang='lat' dir='ltr'><em>V</em></span> <span class='ocrx_word' id='word_1_597' title='bbox 1465 2922 1545 2964; x_wconf 85' lang='lat'><em>775,</em></span> <span class='ocrx_word' id='word_1_598' title='bbox 1579 2922 1615 2954; x_wconf 75' lang='lat' dir='ltr'><em>et</em></span> <span class='ocrx_word' id='word_1_599' title='bbox 1640 2919 1734 2954; x_wconf 80' lang='lat' dir='ltr'><em>infra</em></span> <span class='ocrx_word' id='word_1_600' title='bbox 1760 2931 1854 2967; x_wconf 86' lang='lat' dir='ltr'><em>mon.</em></span> 
     </span>
     <span class='ocr_line' id='line_1_53' title="bbox 76 2979 442 3024; baseline 0.003 -10"><span class='ocrx_word' id='word_1_601' title='bbox 76 2991 152 3015; x_wconf 85' lang='lat' dir='ltr'><em>oen.</em></span> <span class='ocrx_word' id='word_1_602' title='bbox 182 2979 235 3023; x_wconf 89' lang='lat'><em>(7)</em></span> <span class='ocrx_word' id='word_1_603' title='bbox 265 2980 319 3023; x_wconf 90' lang='grc'><em>(9)</em></span> <span class='ocrx_word' id='word_1_604' title='bbox 351 2979 442 3024; x_wconf 86' lang='grc'><strong>(12).</strong></span> 
     </span>
    </p>

    <p class='ocr_par' dir='ltr' id='par_1_12' title="bbox 75 3026 1854 3129">
     <span class='ocr_line' id='line_1_54' title="bbox 196 3026 1854 3077; baseline -0.005 -9"><span class='ocrx_word' id='word_1_605' title='bbox 196 3034 209 3053; x_wconf 76' lang='lat'>⁰</span> <span class='ocrx_word' id='word_1_606' title='bbox 236 3033 396 3077; x_wconf 85' lang='lat' dir='ltr'><em>Singulis</em></span> <span class='ocrx_word' id='word_1_607' title='bbox 422 3033 548 3068; x_wconf 87' lang='lat' dir='ltr'><em>diebus</em></span> <span class='ocrx_word' id='word_1_608' title='bbox 574 3045 685 3067; x_wconf 89' lang='lat' dir='ltr'><em>unum</em></span> <span class='ocrx_word' id='word_1_609' title='bbox 711 3031 890 3066; x_wconf 76' lang='lat' dir='ltr'><em>ferculum</em></span> <span class='ocrx_word' id='word_1_610' title='bbox 909 3043 973 3077; x_wconf 89' lang='lat' dir='ltr'><em>pro</em></span> <span class='ocrx_word' id='word_1_611' title='bbox 993 3031 1163 3066; x_wconf 87' lang='lat' dir='ltr'><em>universo</em></span> <span class='ocrx_word' id='word_1_612' title='bbox 1183 3029 1345 3073; x_wconf 83' lang='lat' dir='ltr'><em>collegio,</em></span> <span class='ocrx_word' id='word_1_613' title='bbox 1371 3028 1465 3063; x_wconf 83' lang='lat'><em>4—5</em></span> <span class='ocrx_word' id='word_1_614' title='bbox 1484 3039 1547 3073; x_wconf 87' lang='lat' dir='ltr'><em>pro</em></span> <span class='ocrx_word' id='word_1_615' title='bbox 1566 3027 1606 3062; x_wconf 91' lang='lat' dir='ltr'><em>P.</em></span> <span class='ocrx_word' id='word_1_616' title='bbox 1625 3026 1854 3061; x_wconf 79' lang='lat' dir='ltr'><em>Hetzeovaeo</em></span> 
     </span>
     <span class='ocr_line' id='line_1_55' title="bbox 75 3086 847 3129; baseline -0.001 -8"><span class='ocrx_word' id='word_1_617' title='bbox 75 3086 313 3121; x_wconf 77' lang='lat' dir='ltr'><em>mittebantur</em></span> <span class='ocrx_word' id='word_1_618' title='bbox 323 3100 330 3128; x_wconf 91' lang='lat'>;</span> <span class='ocrx_word' id='word_1_619' title='bbox 359 3099 393 3121; x_wconf 90' lang='lat' dir='ltr'><em>v.</em></span> <span class='ocrx_word' id='word_1_620' title='bbox 420 3086 524 3129; x_wconf 86' lang='lat' dir='ltr'><em>infra,</em></span> <span class='ocrx_word' id='word_1_621' title='bbox 551 3098 644 3121; x_wconf 89' lang='lat' dir='ltr'><em>mon.</em></span> <span class='ocrx_word' id='word_1_622' title='bbox 672 3098 750 3120; x_wconf 86' lang='lat' dir='ltr'><em>oen.</em></span> <span class='ocrx_word' id='word_1_623' title='bbox 780 3086 847 3129; x_wconf 91' lang='lat'><em>(7).</em></span> 
     </span>
    </p>
   </div>
  </div>
 </body>
</html>
