2044 3335
147 97 230 139 528
297 121 307 133 .
546 94 641 128 Mon.
668 93 736 128 923
762 93 839 127 sive
865 104 946 136 aug.
969 92 1006 136 (b
1018 92 1068 136 5).
1110 92 1166 127 20.
1184 91 1371 127 Februarii
1399 91 1500 127 1569.

145 212 330 246 uultum
357 221 487 245 suum
522 221 666 254 super
699 220 781 243 nos
814 210 859 242 et
893 208 1186 242 misereatur
1219 208 1375 242 nostri
1401 210 1450 242 ut
1484 217 1829 251 cognoscamus
1864 206 1910 240 in

145 267 300 299 terraa
327 264 446 297 viam
482 265 608 296 tuam
643 264 689 296 et
722 262 789 296 inb
824 261 1040 296 omnibus
1067 260 1303 295 Gentibus
1338 261 1558 295 salutare
1593 260 1756 294 tuum&
1807 258 1909 294 Nisi

146 317 258 351 enimc
285 316 497 350 dominus
524 315 874 349 aedificauerit
909 314 1111 348 domumd
1145 314 1188 347 in
1215 325 1384 348 vanum
1418 314 1645 348 laborant
1679 313 1758 357 qui
1789 311 1910 346 aedi·

146 370 303 404 ficant
330 369 461 403 eam2.
512 367 589 402 Nisi
616 368 841 402 Dominus
875 367 1089 402 messis0³
1123 366 1337 408 benedicat&
1374 367 1511 401 frustra
1545 368 1663 401 seretg
1689 364 1907 406 seminator,

146 426 181 457 et
207 426 340 456 terra
374 434 443 456 non
470 421 605 455 dabit
635 422 880 456 fructum‘.
930 420 1091 464 Neque
1126 420 1220 454 enim
1256 421 1333 464 qui
1369 420 1587 465 plantath
1614 421 1687 453 est
1722 417 1911 462 aliquid

145 487 296 519 neque
324 475 399 519 qui
427 475 558 518 rigat
584 475 663 508 sed
700 475 780 518 qui
816 475 1163 508 incrementum
1199 473 1278 507 dat
1304 473 1462 514 Deus⁵‚
1498 473 1591 507 unde
1618 472 1726 507 etiam
1752 471 1911 505 christus

146 528 256 562 Sine
282 540 347 562 me
374 528 497 562 nihil
523 528 735 572 potestis
761 528 972 561 facerem.
1008 525 1108 568 Quod
1127 529 1210 560 cum'
1234 527 1284 560 ita
1310 526 1358 560 sit
1383 529 1420 561 et
1436 538 1501 560 nos
1527 526 1571 560 ad
1598 525 1665 560 hoc
1683 536 1774 570 opus
1792 524 1912 568 gratia

145 584 181 616 et
207 593 272 626 ope
298 581 363 616 Dei
388 581 621 625 singulariter
654 592 835 624 egeamus.
886 580 1069 614 Admoneo
1094 591 1159 614 uos
1193 591 1317 614 omnes
1351 580 1453 621 serio,
1489 579 1584 613 sicut
1617 580 1654 613 et
1679 577 1815 612 Paulus
1850 576 1910 610 ad-

146 634 284 669 monuit
310 634 483 679 Ephesios
508 646 601 676 suos,
629 637 669 668 ut
693 646 757 679 per
781 633 937 668 medium
963 636 1107 667 uestrae
1133 632 1322 667 charitatis
1349 635 1384 666 et
1407 633 1578 666 orationis
1604 630 1805 676 impetretis
1823 628 1911 663 mihi

145 699 166 722 a
192 688 289 722 Deok
315 688 469 732 gratiam
505 691 542 722 et
576 687 747 722 virtutem
781 688 825 721 ad
861 687 1244 721 annunciandum
1276 686 1615 729 Euangelium⁷
1640 685 1717 719 sine
1751 686 1850 718 metu
1876 684 1913 717 et

148 753 229 775 cum
258 741 379 775 fructu
405 746 441 775 et
475 742 570 776 sicut
601 741 703 775 decet
738 741 864 786 ephes:
893 741 947 774 6.8
983 740 1078 775 Jtem
1114 742 1154 774 ut
1188 752 1258 773 non
1290 739 1454 773 obstante
1480 751 1559 773 mea
1585 736 1849 772 imbecillitatel
1876 738 1912 769 et

146 794 372 838 indignitate.
415 795 512 829 Deus
537 806 601 839 pro
627 806 692 829 sua
718 794 876 828 bonitate
901 796 1090 838 acceptare
1115 792 1206 827 velit
1231 804 1348 826 meum
1374 792 1544 834 laborem,
1570 794 1607 826 et
1632 792 1760 826 bonam
1786 789 1910 824 volun-

146 850 260 882 tatem
295 848 331 882 in
366 848 529 883 omnibus
561 848 794 892 sequentibus
827 847 1085 882 concionibuse
1115 850 1165 881 ut
1200 846 1312 881 deus
1347 846 1538 891 aperiat
1571 845 1707 879 nobis
1739 842 1910 878 ostium

147 902 386 936 sermonis
412 902 461 935 ad
493 901 778 945 loquendum
814 900 1097 946 mysterium
1125 900 1311 935 Christi
1348 902 1397 933 ut
1430 899 1763 933 manifestemn
1787 895 1911 930 illud

146 953 214 988 ita
241 957 289 988 ut
316 957 506 999 oportet
531 966 597 988 me
623 954 757 998 loqui
785 954 858 988 Col.
886 955 931 988 4³
958 954 1024 988 wie
1058 953 1116 988 ich
1148 953 1212 987 das
1247 953 1354 987 reden
1381 964 1491 987 muss.
1517 955 1558 986 vt
1594 963 1681 996 pure
1716 950 1834 984 omnia
1859 959 1911 983 re-

147 1007 311 1042 ferantur
329 1009 373 1042 ad
392 1007 559 1042 honorem
578 1007 719 1042 diuinae
738 1008 949 1049 maiestatis,
976 1007 1020 1041 ad
1046 1006 1379 1041 testimonium
1398 1006 1616 1040 christianae
1634 1003 1870 1038 veritatis
1886 1001 1912 1021 ¹⁰

148 1061 191 1096 ad
228 1061 500 1095 instructionem
535 1061 813 1095 consolationem
852 1064 888 1095 et
922 1060 1206 1094 emendationem
1241 1061 1398 1094 omnium
1432 1060 1493 1104 qui
1527 1071 1584 1093 me
1621 1062 1706 1093 sunt
1743 1055 1910 1092 audituri.

148 1113 258 1159 Spero
283 1115 426 1148 interim
453 1117 489 1148 et
514 1117 596 1159 peto
621 1126 686 1149 uos
721 1126 843 1148 omnes
878 1126 972 1148 nunc
1006 1114 1103 1148 etin
1137 1115 1319 1159 posterum
1345 1113 1467 1147 uelitis
1501 1124 1557 1146 me
1593 1112 1771 1156 patienter
1804 1110 1911 1144 ferre.

148 1167 194 1201 Et
220 1168 314 1211 quod
340 1179 361 1202 a
387 1179 442 1202 me
469 1168 607 1202 dicetur
632 1179 678 1201 ex
703 1168 793 1202 bono
818 1168 947 1208 animo,
973 1179 1043 1201 non
1075 1166 1112 1201 in
1138 1167 1270 1201 malam
1297 1169 1436 1211 partem
1462 1165 1679 1211 accipiatis⁰‚
1715 1176 1784 1198 nou
1811 1173 1911 1208 prae-

148 1221 275 1265 cipites
301 1221 345 1255 ad
372 1221 599 1255 iudicandum
625 1233 668 1255 zu
703 1221 825 1255 tadlen
852 1224 887 1255 et
914 1220 1163 1262 damnandum,
1189 1220 1252 1254 sed
1288 1220 1333 1254 ad
1365 1219 1560 1263 rogandum
1588 1218 1814 1252 audiendum.
1864 1215 1912 1249 Et

147 1274 177 1308 si
204 1274 395 1318 aliquando
421 1275 596 1318 quaedam
624 1286 644 1308 a
670 1286 726 1308 me
752 1274 847 1308 dicta
873 1274 1115 1319 displicerent,
1148 1277 1188 1308 ut
1213 1285 1269 1308 me
1304 1273 1414 1307 libere
1440 1272 1657 1316 aloquamini
1692 1273 1727 1305 et
1753 1271 1911 1304 fraterne

148 1326 381 1368 admoneatis,
407 1327 498 1361 Nam
518 1330 557 1361 ut
576 1327 711 1362 Paulus
734 1328 850 1371 inquit
875 1327 1001 1361 alter
1027 1326 1237 1361 alterius
1263 1337 1405 1360 onera
1431 1325 1669 1370 portatisp
1697 1323 1742 1368 [Ῥ]
1772 1326 1816 1357 et
1841 1322 1911 1357 sic

148 1380 483 1426 adimplebitis
517 1380 721 1424 legem11.

150 1501 257 1538 923
286 1503 365 1537 sive
392 1511 515 1546 aug.
535 1501 591 1547 (b
605 1501 679 1547 5).
753 1501 811 1537 20.
829 1500 1023 1537 Februarii
1048 1500 1143 1537 1569.

267 1562 322 1596 Ex
348 1561 522 1596 contionis
548 1562 802 1596 commentario
829 1562 873 1596 ab
899 1562 976 1607 ipso
1004 1561 1145 1596 Canisio
1170 1561 1364 1603 recognito.
1417 1559 1502 1594 Can.
1526 1560 1568 1594 31
1597 1559 1622 1595 f.
1641 1558 1823 1594 Slb—822.

270 1623 346 1664 Qua
373 1623 513 1656 ratione
539 1623 674 1656 licitum
700 1627 729 1655 et
755 1623 977 1656 laudandum
995 1623 1050 1666 sit,
1075 1622 1233 1655 homines
1258 1626 1411 1664 tempore
1428 1620 1709 1654 Bacchanalium
1728 1620 1814 1652 laete
1832 1629 1912 1653 con-

147 1676 272 1709 vivari.
324 1676 502 1720 Pauperes
527 1677 753 1710 commendat.

270 1736 469 1778 Canisius
512 1739 554 1778 in
597 1738 795 1790 contione,
837 1751 963 1792 quam
995 1738 1211 1791 Auyustae
1253 1737 1297 1777 in
1333 1737 1497 1777 ecclesia
1531 1735 1679 1777 Sancti
1709 1734 1912 1776 Mam-itii

151 1816 189 1843 a.
225 1804 340 1844 1569
382 1802 606 1844 Domz'uica
650 1803 1030 1858 Quinquayesimae
1070 1804 1154 1844 sive
1184 1804 1255 1844 20.
1290 1801 1521 1843 Februarii
1561 1799 1750 1852 habebat,
1795 1799 1908 1851 haec,

143 1872 317 1922 praeter
364 1869 474 1918 alia,
527 1869 603 1920 „de
650 1866 997 1910 Bachanalibus“
1048 1872 1177 1923 (quae
1223 1873 1322 1909 tuuc
1363 1866 1649 1918 habebantur)
1693 1865 1910 1906 auditores

147 1934 329 1974 monuit:
381 1932 508 1974 Probi
554 1935 737 1986 possunt
783 1933 863 1975 hoo
910 1936 1081 1987 tempus
1127 1933 1243 1975 laete
1287 1931 1532 1985 transigere
1575 1930 1664 1972 vnd
1705 1928 1910 1972 fasnacht

148 1996 311 2038 halten.
363 1996 478 2039 Nam
511 1998 728 2052 scriptura
754 1998 883 2041 etiam
917 1997 1120 2052 proponit
1142 1997 1342 2052 exempla
1373 2000 1621 2039 sanctorum
1654 2009 1700 2037 se
1733 1998 1777 2037 et
1809 2008 1910 2036 suos

147 2062 328 2104 honeste
350 2062 651 2113 recreantium,
684 2065 733 2104 ut
753 2063 779 2104 J
784 2063 916 2117 oseph
940 2077 1034 2105 cum
1057 2063 1265 2105 fratribus
1289 2061 1468 2104 Genesis
1491 2063 1547 2103 43
1563 2062 1610 2111 12,
1638 2064 1687 2104 ut
1707 2060 1790 2102 Job
1814 2074 1909 2109 curn

146 2127 308 2181 filijs13‚
342 2129 387 2169 et
409 2127 542 2169 Tobie
575 2141 671 2169 cum
704 2127 852 2169 amicis
884 2142 989 2170 suae
1020 2127 1221 2171 tribus14.
1273 2127 1421 2182 Jgitur
1441 2141 1527 2169 non
1549 2126 1686 2168 solum
1710 2126 1811 2168 licet
1833 2124 1910 2167 sed

149 2192 280 2234 etiam
323 2195 390 2235 est
430 2192 647 2240 laudabile
687 2192 754 2234 his
795 2193 965 2244 diebus,
1007 2192 1198 2247 gaudere
1229 2192 1489 2247 specialiter
1520 2191 1657 2247 primo
1698 2190 1741 2232 in
1782 2189 1909 2233 testi-

147 2257 336 2298 monium
368 2257 481 2311 quod
513 2272 597 2300 non
631 2257 763 2300 simus
795 2272 850 2299 ex
871 2257 1022 2300 Judeis
1055 2257 1371 2312 Hipocritis
1404 2257 1474 2311 qui
1507 2260 1610 2300 ante
1640 2270 1720 2299 sua
1750 2254 1909 2298 ieiunia

148 2322 553 2364 exterminantq
584 2322 761 2364 facies
793 2337 921 2365 suas
936 2324 970 2351 15
1002 2325 1046 2365 et
1076 2324 1247 2376 fingunt
1268 2338 1325 2377 >se
1356 2323 1520 2366 tristes.
1574 2321 1768 2364 Christus
1788 2320 1909 2363 iubet

265 2403 294 2434 a)
317 2403 398 2428 Libr.
411 2410 504 2434 supra
523 2403 593 2428 haec
612 2410 654 2428 vv.
673 2402 809 2434 scripsit.-
827 2401 891 2428 auff
908 2402 1012 2429 erden.
1066 2402 1098 2434 b)
1113 2404 1193 2428 Libr.
1207 2412 1300 2435 supra
1319 2404 1370 2429 hoc
1390 2411 1414 2428 v.
1427 2403 1548 2434 scripsit
1566 2401 1673 2429 vnder.
1727 2402 1754 2433 c)
1769 2401 1908 2434 Sequitur

147 2442 222 2475 ipse,
242 2444 332 2469 oblitt.
388 2442 419 2474 d)
440 2444 578 2475 Sequitur
598 2443 724 2475 frustra,
743 2444 831 2469 oblitr.
887 2444 915 2475 e)
936 2443 1028 2469 mosis
1047 2445 1114 2470 libr.
1170 2441 1199 2476 f)
1218 2446 1243 2470 Α
1263 2445 1329 2470 libr.
1343 2453 1418 2470 corr.
1438 2453 1474 2470 ea:
1493 2443 1689 2469 benediceret
1708 2445 1752 2469 vel
1770 2443 1863 2468 simili
1882 2451 1907 2467 v.

147 2485 177 2516 g)
197 2487 224 2510 A
243 2486 310 2512 libr.
329 2493 403 2511 corr.
423 2493 459 2510 ea:
479 2484 607 2511 laborat.
708 2484 740 2516 h)
759 2484 886 2518 plaudat
904 2486 972 2511 libr.
1073 2485 1095 2516 i)
1117 2487 1145 2511 C.
1164 2487 1226 2518 ipse
1244 2486 1366 2518 scripsit
1384 2486 1416 2510 in
1436 2487 1583 2518 margine:
1603 2485 1642 2511 So
1662 2485 1704 2511 ist
1723 2492 1785 2511 nun
1804 2484 1909 2510 weder

147 2526 244 2552 etwas
265 2526 319 2552 der
339 2526 377 2552 do
397 2526 507 2559 pflantz
528 2525 605 2552 noch
626 2525 680 2552 der
699 2526 738 2552 do
758 2526 899 2558 begeuss,
918 2530 945 2552 et
957 2527 1009 2552 sub
1022 2527 1117 2559 ipsum
1131 2528 1206 2553 hunc
1220 2535 1352 2553 versum:
1370 2526 1425 2552 der
1439 2534 1472 2553 es
1485 2526 1628 2561 wachsen
1641 2526 1733 2560 magt.
1786 2525 1818 2559 k)
1837 2527 1909 2552 Tria

148 2576 191 2592 vv.
205 2576 263 2600 sqq.
278 2577 296 2593 a
316 2569 382 2593 libr.
398 2569 427 2593 in
447 2568 580 2600 margine
599 2568 703 2593 addita
721 2572 798 2593 sunt.
853 2567 874 2600 l)
895 2567 1091 2594 imbelicItate
1111 2570 1178 2595 libr.
1232 2570 1273 2600 m)
1295 2570 1323 2594 C.
1338 2569 1400 2600 ipse
1420 2569 1451 2593 in
1470 2569 1604 2600 maryt'ne
1619 2569 1751 2600 primum
1770 2569 1908 2600 scripsit:

149 2608 183 2633 ut
202 2610 295 2635 sciam
315 2609 468 2642 quomodo
489 2609 631 2642 oporteat
650 2609 750 2642 loqui‚·
769 2610 872 2634 deinde
891 2611 961 2635 hacc
979 2610 1156 2635 oblitteravit
1175 2614 1202 2636 et
1220 2619 1254 2636 ea
1267 2611 1397 2642 scripsit,
1416 2618 1488 2641 quae
1501 2614 1665 2642 sequuntur
1684 2610 1732 2639 (ut
1745 2609 1820 2635 deus
1834 2611 1910 2641 eta),

147 2658 235 2681 usque
255 2652 293 2675 ad
313 2650 405 2677 reden
426 2657 510 2677 muss
529 2652 596 2679 incl.
651 2652 681 2681 n)
697 2653 735 2676 A.
750 2652 779 2676 C.
793 2659 867 2676 corr.
882 2659 918 2676 ear
936 2650 1162 2678 manifestetur.
1217 2653 1247 2683 o)
1270 2653 1347 2682 Quae
1366 2654 1537 2683 sequuntur,
1557 2659 1646 2683 usque
1665 2652 1703 2676 ad
1723 2649 1907 2677 audiendum

148 2692 224 2722 incl„
244 2692 280 2716 ab
302 2693 370 2723 ipso
378 2694 406 2717 C.
421 2693 452 2717 in
471 2693 604 2723 margine
622 2692 726 2717 addita
744 2696 821 2717 sunt.
875 2695 906 2726 p)
927 2693 1138 2725 Corriyendum
1151 2700 1212 2718 esse
1226 2693 1343 2718 videtur
1355 2696 1406 2717 aut
1420 2692 1542 2725 portate
1557 2692 1643 2724 (quod
1657 2695 1700 2717 est
1714 2693 1745 2717 in
1758 2693 1908 2724 Ῑίιῐραεα),

147 2736 198 2757 aut
218 2732 390 2766 portabitis.
445 2735 475 2766 q)
496 2733 688 2759 exteminunt
706 2734 774 2759 libr.

272 2862 279 2880 ¹
307 2861 354 2895 ΡΞ
381 2863 435 2902 66,
463 2862 484 2895 2
510 2863 542 2897 3.
688 2862 701 2883 2
725 2862 774 2897 ΡΒ
802 2862 878 2904 126,
908 2863 937 2897 1.
1084 2865 1097 2884 ⁸
1122 2864 1176 2898 Mt
1202 2865 1233 2905 9,
1260 2840 1324 2905 38;
1352 2863 1401 2898 Lo
1429 2864 1482 2906 10,
1509 2864 1541 2899 2.
1570 2838 1573 2839 ⁷

268 2915 280 2933 ⁴
307 2914 354 2947 ps
380 2915 435 2955 84,
464 2915 517 2950 13.
663 2916 677 2935 ⁵
704 2917 720 2950 1
750 2915 818 2950 Cor
844 2915 875 2957 3,
903 2916 935 2951 7.
992 2957 994 2959 ,
1079 2917 1094 2937 ⁶
1118 2917 1165 2951 10·
1184 2918 1236 2959 15,
1262 2918 1295 2951 5.
1442 2917 1454 2937 ⁷
1483 2917 1500 2951 1
1529 2916 1598 2952 eor
1624 2917 1655 2958 9,
1686 2916 1739 2951 14.

269 2967 281 2985 ⁸
308 2966 361 3000 of.
389 2967 466 3011 Eph
492 2968 524 3008 6,
554 2969 594 3002 19
621 2968 678 3003 20.
823 2969 836 2988 ⁹
862 2968 925 3003 001
951 2970 984 3010 4,
1010 2969 1030 3004 3
1056 2970 1090 3004 4.
1239 2971 1266 2991 ¹0
1290 2970 1328 3004 10
1355 2971 1386 3011 5,
1411 2970 1477 3011 33;
1506 2969 1560 3011 18,
1584 2969 1642 3004 37.

253 3019 277 3039 ¹¹
305 3018 372 3052 Gal
398 3021 429 3060 6,
456 3019 492 3063 2.
636 3022 662 3042 ¹²
688 3021 741 3056 Cf.
769 3021 825 3056 Gn
850 3021 906 3063 43,
936 3022 1085 3065 16-34,
1137 3033 1156 3055 k
1233 3024 1261 3044 ¹³
1285 3022 1338 3058 Gf.
1363 3023 1426 3057 Iob
1454 3024 1485 3066 1,
1510 3023 1533 3057 4
1557 3023 1598 3064 5;
1625 3022 1680 3064 42,
1710 3022 1858 3056 11—13.

255 3072 280 3091 ¹⁴
306 3072 360 3106 Cf.
387 3071 461 3106 Tob
488 3071 519 3113 2,
550 3074 565 3107 1
593 3073 626 3108 2.
772 3075 800 3119 {⁵3
825 3074 879 3108 Mt
906 3076 936 3119 6,
967 3076 1022 3110 16.
1445 3104 1448 3105 ⁷
