2044 3335
367 84 468 118 1683.
496 83 580 118 Can.
600 83 634 118 S.
654 83 844 118 Francisco
870 84 1034 128 Borgiae.
1077 84 1224 128 Dilinga
1251 84 1306 119 28.
1326 83 1482 128 Augusti
1511 84 1611 118 1569.
1782 86 1863 127 357

98 200 150 234 ΙΙΙ
177 199 438 242 moa—1404),
475 201 512 233 et
537 211 568 233 a.
589 199 680 234 1589
707 211 786 234 cum
813 212 945 244 magna
971 201 1116 235 virtutis
1151 200 1257 234 laude
1283 201 1360 235 vita
1386 201 1496 235 cessit
1524 200 1763 244 (Reiffenbery
1788 200 1810 234 l.
1838 212 1866 234 c.

98 253 114 286 I
140 252 337 287 286—287.
382 255 418 287 J.
439 253 575 286 Morrz's
601 252 636 288 S.
655 254 699 292 J..
736 253 811 286 The
838 254 1013 288 Troubles
1048 254 1087 288 of
1119 266 1183 287 our
1210 253 1373 288 Catholic
1400 254 1631 288 Forefathers
1656 253 1792 287 related
1820 254 1867 298 by

97 305 316 340 themselves
342 306 386 347 II,
414 305 558 340 London
588 305 688 346 1875,
719 307 886 350 19—21).

215 375 393 410 Polaneus
419 375 526 410 Petro
553 375 696 410 Canisio
722 377 907 421 respondit
933 377 989 411 23.
1009 376 1230 422 Septembris
1260 377 1361 411 1569.

96 512 250 549 1683.
351 514 568 549 CANISIUS
597 513 864 550 SANGTO
893 513 1282 551 FRANGISGO
1312 513 1632 550 BORGIAE
1664 516 1869 561 praeposito

285 568 445 611 generali
473 568 664 602 Societatis
691 568 783 602 lesu.
1285 568 1432 612 Dilinga
1459 569 1514 603 28.
1534 569 1691 612 Augusti
1717 570 1819 604 1569.

214 637 270 672 Ex
288 638 510 683 autographo
539 639 610 681 (20;
641 639 706 682 l¹l3
725 650 804 683 pp.;
832 639 867 672 iu
886 650 919 684 p.
938 642 960 673 4
987 639 1103 679 inser„
1131 638 1203 672 alia
1228 650 1336 672 manu
1362 639 1489 683 posita,
1516 642 1551 673 et
1577 639 1751 683 reliquiae
1770 640 1869 684 sig),

96 691 214 727 Germ.
236 692 302 727 183
329 704 363 726 n.
382 692 451 727 240
480 692 519 735 (f.
542 693 607 726 145
635 695 671 726 et
696 703 749 736 sq.
768 704 838 726 non
864 692 986 736 sign).
1031 692 1247 726 Litterarum
1274 691 1488 736 particulam
1516 692 1721 736 germanice
1748 695 1869 737 posuit

96 747 219 788 Kross,
249 745 334 779 Can.
355 745 433 780 183.

214 817 252 850 P.
271 817 396 850 Bocca.
442 817 481 850 P.
500 817 651 850 Kleselli
676 818 867 859 apostasia.
903 817 1161 850 Fer-amandus
1179 817 1228 850 II.
1256 820 1286 849 et
1313 816 1480 849 Albertus
1498 817 1535 850 V.
1562 817 1638 858 fere
1673 818 1741 850 soli
1764 818 1865 860 prin-

95 872 188 913 cipes
214 870 376 903 catholice?
400 874 492 903 Sunt.
545 870 583 903 P.
605 870 787 912 Hoffaeccs.
841 871 999 912 Παρθενί
1024 871 1066 903 de
1092 870 1383 913 apparitionibus
1405 881 1537 912 parum
1566 871 1715 903 credunt
1741 871 1867 904 Sociis,

99 925 243 967 Georgn'i
261 924 418 967 Fuyyeri
441 924 504 966 pia
530 934 646 965 φησι-3,·
672 925 746 956 eius
770 924 850 965 filli.
885 924 1034 957 Ursulae
1052 924 1239 967 Fuygyerae
1260 924 1507 966 pereyrinatio
1533 924 1734 958 lauretana.
1777 924 1868 957 Con-

94 978 269 1019 fessarins
295 978 601 1019 Auyustanorum.

330 1050 357 1100 †
390 1049 483 1090 Pax
516 1048 675 1090 Christi
707 1048 814 1090 Jesu
846 1048 970 1090 nobis
1003 1051 1196 1091 aeterna.

622 1113 866 1155 Admodum
900 1113 1155 1155 Reuerende
1189 1113 1335 1156 Pater.

211 1184 332 1234 Quod
354 1184 409 1226 ad
432 1184 477 1227 P.
503 1184 779 1227 Franciscum
813 1184 865 1226 de
890 1185 1035 1226 Rocca
1068 1187 1252 1238 spectat,
1289 1184 1492 1237 quoniam
1526 1184 1578 1226 de
1610 1184 1684 1226 illo
1717 1184 1867 1227 iubeor

92 1263 232 1291 meam
265 1249 410 1292 dicere
451 1250 727 1301 sententiam,
771 1250 854 1292 etsi
895 1250 1079 1292 haberet
1118 1250 1191 1291 ille
1233 1250 1342 1291 satis
1375 1249 1589 1303 Dilingae,
1633 1251 1745 1303 quod
1788 1265 1866 1304 pro

93 1316 224 1369 captu
246 1329 323 1357 suo
347 1315 532 1358 disceret
560 1316 612 1357 de
635 1329 813 1357 munere
836 1315 935 1357 boni
959 1314 1236 1369 Confessarij‚
1270 1317 1419 1357 tamen
1442 1315 1504 1357 illi
1526 1315 1866 1369 permittendum

91 1383 211 1434 puto,
254 1383 302 1423 ut
333 1381 569 1423 Lauretum
603 1383 678 1422 aut
711 1380 892 1423 Romam
928 1383 1147 1428 excurrat,
1182 1380 1383 1422 nimirum
1416 1381 1470 1422 ad
1503 1381 1670 1422 maiora
1702 1381 1867 1422 incom-

91 1446 218 1487 moda
251 1445 469 1497 euitanda,
505 1460 615 1499 quae
648 1459 780 1500 saepe
814 1460 908 1488 cum
938 1446 1061 1488 inuiti
1085 1446 1343 1496 retinentur,
1378 1446 1582 1499 consequi
1607 1446 1822 1488 cernimus
1838 1447 1865 1490 1.

91 1511 255 1554 Premit
286 1525 364 1553 nos
395 1511 569 1553 interim
602 1525 686 1553 non
720 1512 829 1553 leuis
871 1512 1064 1566 penuria,
1108 1513 1156 1554 ut
1188 1525 1320 1566 saepe
1352 1511 1564 1566 scriptum
1598 1514 1678 1562 est,
1722 1525 1868 1553 sacer—

91 1577 252 1626 dotum,
284 1585 395 1630 'quos
427 1576 639 1631 paulatim
672 1577 819 1631 plures
851 1577 946 1619 fore
978 1591 1218 1631 speramus.

205 1641 437 1685 ‚Jntellexit
476 1642 521 1685 P.
557 1642 604 1685 Τ.
640 1642 692 1684 de
731 1656 842 1684 nouo
882 1645 1087 1696 apostata
1120 1642 1345 1693 Klesselio,
1391 1656 1516 1695 quem
1559 1642 1633 1696 alij
1676 1641 1864 1684 Caluini-

86 1721 229 1757 anum,
277 1706 349 1760 alij
382 1707 745 1761 Anabaptistama
776 1707 884 1757 fore,
931 1711 1007 1750 aut
1048 1722 1161 1749 nunc
1206 1707 1338 1749 etiam
1385 1722 1493 1757 esse,
1540 1707 1861 1761 suspicantur2.

85 1772 243 1814 Nullus
275 1773 487 1815 hactenus
510 1786 566 1814 ex
588 1773 685 1827 alijs
708 1773 1028 1815 desertoribusb
1059 1772 1249 1815 instituti
1272 1776 1349 1815 aut
1373 1772 1529 1815 cecidit
1560 1772 1752 1826 grauius,
1788 1774 1865 1814 aut

86 1838 338 1880 scandalum
371 1838 598 1881 nocentius
631 1838 854 1881 excitauit.
920 1838 1197 1892 Jgnoscat
1238 1838 1300 1879 illi
1344 1841 1388 1880 et
1419 1837 1543 1879 nobis
1577 1837 1864 1880 clementissi-

85 1917 181 1945 mus
213 1904 398 1946 Deus3.
464 1904 651 1946 Tantum
694 1904 762 1946 hic
805 1904 888 1946 duo
930 1905 1000 1946 uel
1041 1903 1127 1946 tria
1168 1903 1271 1945 mihi
1313 1904 1549 1946 ueniebant
1582 1903 1626 1944 in
1658 1906 1862 1954 mentem,

87 1969 139 2010 de
181 1969 333 2022 quibus
366 1969 412 2012 P.
447 1969 495 2012 Τ.
539 1969 700 2011 iudicet
742 1983 793 2011 ac
836 1972 1019 2011 statuat.
1088 1969 1275 2011 Primum
1318 1969 1387 2011 hic
1428 1969 1583 2023 ingens
1625 1968 1863 2021 foedusque

85 2034 233 2088 lapsus
266 2034 499 2076 admonere
521 2035 706 2085 uidetur,
742 2036 791 2077 vt
813 2049 866 2076 ne
889 2034 1056 2077 tamdiu
1079 2035 1372 2077 sustineamus
1396 2035 1597 2088 aliquem,
1632 2036 1861 2088 postquam

86 2099 221 2141 semel
253 2099 295 2141 in
328 2100 412 2141 fide
444 2104 693 2154 suspectum
727 2115 774 2142 se
806 2100 1027 2143 reddidit.
1052 2101 1129 2142 sed
1162 2103 1210 2142 ut
1242 2103 1414 2143 mature
1446 2100 1710 2142 fermentum
1738 2100 1817 2141 hoc
1841 2112 1863 2140 e

86 2164 225 2206 medio
266 2165 460 2216 tollatur,
505 2167 618 2219 quod
659 2166 806 2220 plures
847 2166 1130 2220 plaerumque
1171 2166 1452 2220 corrumpit4.
1516 2165 1720 2218 Alioquin
1763 2165 1863 2205 dum

85 2230 158 2271 uni
190 2230 420 2284 parcimus,
463 2232 623 2273 multos
655 2231 699 2273 in
731 2245 940 2286 praesens
973 2231 1205 2273 discrimen
1239 2231 1506 2282 adducimus,
1542 2235 1586 2273 et
1619 2229 1864 2272 huiusmodi

84 2299 251 2350 pestem
294 2310 426 2338 uerae
463 2296 562 2338 fidei
595 2297 854 2350 spargimus,
897 2297 1038 2350 magis
1071 2311 1200 2350 quam
1233 2297 1438 2341 tollimus,
1504 2296 1748 2338 Secundum
1781 2297 1862 2345 est,

84 2375 169 2403 non
201 2362 279 2403 abs
311 2376 358 2403 re
390 2362 496 2410 fore,
532 2362 569 2403 si
600 2362 737 2404 maior
769 2363 949 2405 accedat
972 2377 1075 2404 cura
1097 2363 1140 2404 in
1165 2363 1392 2405 Germanis
1414 2362 1576 2405 nostris
1599 2361 1713 2403 circa
1735 2360 1863 2402 fidem

86 2430 130 2469 et
161 2427 414 2480 religionem
447 2427 625 2469 solidius
659 2430 704 2470 et
736 2427 986 2481 diligentius
1017 2428 1312 2471 instituendis.
1373 2428 1441 2469 Ad
1475 2442 1604 2480 quam
1637 2441 1727 2468 rem
1762 2440 1863 2468 con-

85 2492 222 2534 ferret
254 2492 498 2546 plurimum,
543 2492 789 2546 Theologos
821 2493 944 2535 nobis
978 2493 1071 2534 dari
1104 2493 1251 2547 plures
1284 2497 1329 2536 et
1360 2492 1648 2547 probatiores,
1692 2491 1864 2534 etiamsi

86 2571 140 2599 ex
185 2557 396 2612 Hispania
442 2560 743 2602 euocarentur.
820 2559 1012 2611 Egemus
1058 2558 1170 2600 enim
1218 2559 1372 2600 horum
1417 2572 1552 2612 opera
1596 2572 1680 2599 non
1724 2557 1862 2599 solum

85 2625 263 2678 propter
303 2626 490 2674 nostros,
534 2626 583 2665 ut
616 2623 718 2673 dixi,
763 2624 838 2665 sed
873 2623 1003 2665 etiam
1039 2624 1153 2676 quod
1195 2623 1458 2677 prouintiam
1492 2623 1567 2665 uix
1600 2623 1732 2665 ullam
1767 2636 1863 2664 esse

206 2702 233 2726 a)
258 2699 381 2724 Correxci
401 2708 437 2724 ex
457 2698 704 2732 Anapabtistam,
724 2700 798 2731 quod
819 2702 861 2724 est
881 2700 911 2724 in
933 2702 1046 2731 (tzctoyr.
1103 2698 1134 2731 b)
1156 2701 1181 2724 Α
1203 2701 1231 2725 C.
1252 2708 1326 2724 corr.
1347 2708 1383 2724 es·
1404 2698 1589 2725 desortibus.

207 2812 218 2832 ¹
244 2811 296 2845 De
332 2811 397 2846 hoc
433 2824 467 2846 V.
503 2811 660 2847 CamIH
694 2812 764 2846 494
800 2814 836 2846 et
871 2811 976 2856 plura
1010 2811 1123 2851 infra,
1159 2823 1252 2846 111011.
1289 2823 1366 2846 var.
1406 2811 1471 2855 (6).
1522 2813 1679 2856 Boryias
1713 2810 1862 2844 Hoffaeo

86 2864 241 2899 Tusculo
269 2865 301 2899 8.
320 2865 401 2899 Iulii
430 2865 519 2899 1569
547 2865 739 2910 *scripsit:
780 2865 957 2906 „Hauerei
992 2876 1075 2899 caro
1110 2864 1141 2898 d'
1157 2865 1343 2899 intendere
1369 2877 1408 2899 se
1434 2868 1563 2910 reputa
1589 2864 1862 2899 inconueniente

84 2918 109 2952 il
135 2918 174 2952 P.
203 2917 345 2952 Canisio
381 2918 446 2952 che
481 2918 590 2953 escha
625 2919 719 2952 fuori
755 2918 835 2952 dela
861 2918 1054 2952 Prouincia
1088 2918 1276 2963 potendosi
1303 2919 1496 2953 essercitar
1520 2918 1592 2952 neli
1619 2918 1694 2953 0331
1721 2918 1756 2952 (11
1783 2929 1862 2952 con—

84 2971 236 3006 scientia
262 2972 298 3005 in
324 2971 470 3014 Dilinga
496 2972 815 3006 mediocremente“
850 2971 911 3015 (ex
938 2983 1061 3016 apogr.
1089 2972 1201 3006 eiusd.
1228 2975 1359 3017 temp.;
1387 2971 1507 3007 Germ.
1528 2974 1571 3007 67
1599 2972 1623 3007 f.
1644 2972 1757 3016 283‘0).

204 3025 217 3044 2
244 3025 334 3058 Vide
361 3036 431 3069 qua
459 3025 547 3060 01130
574 3026 616 3060 de
643 3026 826 3071 apostasia
852 3026 918 3059 sub
944 3025 1043 3070 ipsas
1069 3025 1135 3059 has
1160 3025 1303 3060 litteras
1329 3027 1504 3061 dicentur.

206 3080 218 3099 3
244 3079 305 3113 1011
333 3079 364 3121 3,
391 3080 423 3114 9.
570 3081 583 3100 4
611 3079 664 3114 Cf.
695 3081 711 3114 1
741 3080 809 3114 Cor
836 3080 868 3121 5,
896 3080 916 3113 6
945 3079 985 3120 7;
1013 3078 1081 3114 Gal
1108 3080 1139 3121 5,
1167 3080 1207 3120 9;
1235 3080 1290 3114 Mt
1318 3081 1372 3121 16,
1401 3081 1516 3115 5—12
1544 3082 1611 3115 etc.
