2044 3335
200 72 285 114 580
578 69 670 102 Mon.
699 69 766 102 954
793 68 869 102 sive
897 69 933 103 it.
955 67 1021 112 (Τ).
1064 68 1178 102 Annis
1207 69 1307 111 1565,
1336 70 1436 110 1568,
1467 70 1568 104 1573.

199 188 402 243 praemiis
436 187 657 234 fruuntur;
691 185 846 227 tertius
872 184 1185 227 Auenionensis
1209 185 1579 241 Archiepiscopus,
1614 188 1706 241 pari
1739 188 1856 229 vitae
1889 187 1953 229 in—

199 253 407 306 tegritate
450 250 624 302 dignam
664 251 788 291 tanto
831 263 1005 291 munere
1039 264 1213 304 operam
1245 265 1349 292 suae
1382 255 1514 294 nauat
1546 252 1768 293 Ecclesiae
1787 253 1812 295 1.
1875 252 1953 293 Vir

198 319 332 371 igitur
364 318 538 357 sanctus
571 328 597 355 a
619 313 723 355 viris
756 314 931 364 sanctis,
965 314 1084 356 fama
1115 315 1200 356 iam
1234 319 1336 357 ante
1369 320 1496 358 notus
1529 331 1686 370 magno
1719 317 1762 358 in
1793 317 1953 358 honore

199 382 460 423 habebatur:
503 382 547 421 et
578 392 682 420 vero
716 392 767 420 ea
804 378 987 420 hominis
1020 382 1115 421 erat
1158 381 1417 433 praesentia,
1459 384 1503 423 et
1535 396 1586 423 ea
1618 382 1796 424 honeste
1829 381 1954 423 faciei

201 451 245 488 et
276 446 410 487 totius
434 444 579 486 vultus
611 444 664 485 ad
697 443 952 486 modestiam
977 444 1202 498 compositi
1236 445 1437 498 dignitas,
1471 449 1519 488 vt
1552 447 1621 488 vel
1654 446 1807 488 silente
1839 446 1955 488 fama

200 509 545 551 beneuolentiam
579 511 623 550 et
663 509 951 550 reuerentiam
984 508 1063 550 sibi
1102 509 1363 559 conciliaret,
1407 511 1544 553 oratio
1577 511 1763 565 spiraret
1795 511 1955 553 sancti-

199 578 350 617 tatem.
414 573 712 615 Incredibilem
745 573 859 627 apud
899 573 990 623 hos,
1032 577 1370 628 perpetuamque
1411 575 1628 617 hominum
1666 575 1955 629 frequentiam

199 640 377 694 pietatis
399 638 543 681 studia
566 637 794 680 colentium
819 638 1081 680 obseruauit.
1135 639 1296 681 Multos
1329 642 1555 693 praeterea
1579 640 1694 682 viros
1726 641 1954 695 principes,

199 708 291 746 tum
315 703 623 746 Ecclesiastica
657 703 869 756 dignitate
900 703 1105 756 insignes,
1138 707 1231 746 tum
1263 704 1427 746 nobiles
1449 705 1666 746 Romanos
1699 719 1955 747 commemo-

199 770 326 812 rabat
358 768 623 818 nominatim,
658 782 836 821 quorum
868 783 963 809 cum
987 768 1183 822 copiosas
1207 769 1530 822 EleemosynaS,
1563 773 1654 811 tum
1678 770 1955 812 memoranda

199 834 336 884 facta,
378 833 651 886 insigniaque
685 833 892 875 virtutum
936 834 1136 887 exempla
1175 834 1442 876 recensebat.
1507 835 1627 876 Haec
1667 835 1821 888 pusillo
1862 837 1954 877 tum

200 899 323 952 gregi
364 898 541 952 Collegij
586 897 842 947 Germanici,
885 898 1066 951 alijsque
1108 898 1312 940 studiosis
1346 899 1570 941 Germanis
1612 899 1956 942 adolescentibus

201 964 448 1019 exponebat
480 977 638 1015 eosque
671 963 723 1004 ad
757 963 842 1004 ista
874 963 1045 1015 aliaque
1068 963 1277 1005 eiusmodi
1309 968 1511 1007 accurate
1542 964 1789 1018 indaganda
1811 967 1855 1007 et
1887 978 1954 1006 re-

198 1029 498 1083 cognoscenda
531 1028 809 1078 accendebat,
843 1030 891 1069 vt
923 1042 981 1078 se,
1017 1042 1111 1069 cum
1145 1028 1187 1069 in
1218 1028 1492 1071 Germaniam
1525 1030 1729 1079 redirent,
1763 1030 1956 1072 oculatos

199 1097 337 1136 testes
359 1094 581 1135 Romanae
613 1092 788 1146 pietatis
812 1092 1067 1135 exhiberent
1082 1094 1111 1143 2,
1145 1093 1354 1135 aduersus
1385 1095 1538 1148 impios
1571 1095 1757 1136 latratus
1780 1094 1957 1137 veritati

198 1157 500 1201 obsistentium
533 1157 864 1208 haereticorum,
899 1158 1165 1210 docebatque
1187 1159 1419 1201 multorum
1439 1159 1749 1201 Germanorum
1771 1159 1954 1213 culpam,

197 1223 272 1277 qui
295 1223 457 1265 Romae
490 1222 560 1263 diu
584 1222 760 1272 versati,
795 1223 848 1264 ad
881 1223 987 1264 haec
1019 1226 1156 1274 tanta,
1191 1226 1235 1265 et
1267 1227 1356 1266 tam
1388 1224 1547 1267 illustri
1579 1224 1704 1266 laude
1728 1224 1857 1277 digna
1880 1238 1956 1265 ex-

197 1288 372 1337 oculati,
407 1288 460 1329 ad
492 1287 688 1341 improba
710 1290 893 1337 tantum,
928 1290 972 1329 et
997 1288 1138 1330 relatu
1170 1288 1359 1342 indigna,
1393 1303 1503 1342 quae
1527 1289 1578 1330 de
1601 1289 1806 1330 Romanis
1828 1289 1956 1331 rebus

199 1354 241 1395 in
267 1353 540 1396 Germaniam
564 1352 821 1406 perferrent,
855 1352 1011 1395 mentis
1034 1352 1168 1394 aciem
1191 1353 1477 1404 intenderent,
1503 1356 1546 1396 et
1568 1354 1622 1395 ad
1645 1354 1772 1395 foeda
1794 1355 1955 1402 Vlcera,

197 1432 311 1471 quae
344 1417 659 1460 haereticorum
692 1418 858 1460 fecerat
890 1417 1103 1471 impietas,
1137 1418 1219 1472 ipsi
1250 1433 1415 1472 vngues
1448 1419 1714 1462 accederent.
1763 1419 1822 1460 Et
1853 1433 1956 1460 sane

202 1484 354 1525 mirum
392 1497 477 1524 non
510 1485 576 1525 est
616 1483 659 1524 in
700 1485 827 1525 tanta
859 1483 1058 1533 Ciuitate,
1101 1486 1226 1526 tanta
1259 1484 1445 1526 omnium
1477 1484 1670 1537 gentium
1703 1484 1956 1534 colluuione,
2013 1503 2023 1508 ⁸

201 1549 243 1590 in
285 1548 420 1590 feraci
460 1548 565 1598 solo,
608 1548 905 1601 faecundaque
946 1551 1108 1601 segete,
1151 1548 1306 1591 herbas
1348 1563 1477 1603 saepe
1519 1549 1685 1598 noxias,
1728 1552 1772 1591 et
1813 1549 1956 1602 aliqua

201 1613 406 1656 vitiorum
449 1613 614 1654 semina
657 1626 944 1655 succrescere.
1012 1613 1281 1663 Querebatur
1324 1613 1457 1667 igitur
1499 1614 1567 1655 vir
1611 1614 1741 1655 diuini
1784 1614 1957 1655 honoris

203 1678 554 1728 studiosissimus,
598 1691 708 1731 quae
740 1681 924 1721 naturae
956 1678 1061 1721 vitio
1099 1678 1142 1720 in
1175 1693 1334 1732 magna
1365 1679 1640 1721 multitudine
1680 1678 1773 1720 fieri
1805 1679 1957 1723 solent,

205 1758 256 1785 ea
297 1743 609 1797 quodammodo
652 1743 706 1785 ad
747 1743 949 1785 instituta
981 1744 1187 1795 conuerti,
1231 1748 1275 1787 et
1311 1758 1546 1798 paucorum
1579 1745 1748 1798 culpam
1780 1743 1821 1784 in
1856 1743 1959 1785 ciui-

205 1811 341 1851 tatem
375 1822 542 1850 omnem
576 1809 792 1850 conuerti:
834 1808 1059 1861 Ingentem
1094 1822 1198 1850 vero
1240 1810 1413 1851 laudum
1447 1809 1613 1858 siluam,
1656 1823 1682 1850 a
1713 1811 1839 1850 tanta
1872 1809 1959 1849 vir-

205 1876 348 1916 tutum
380 1873 653 1915 multitudine
686 1876 859 1915 enatam
892 1874 1134 1927 praeteriri.
1189 1874 1257 1916 Ita
1289 1875 1357 1915 vir
1388 1887 1552 1916 summe
1584 1874 1819 1916 industrius
1852 1887 1960 1915 nun-

207 1953 335 1991 quam
377 1938 429 1979 de
473 1938 618 1979 diuina
659 1952 789 1979 causa
833 1939 1140 1992 promouenda,
1185 1939 1353 1992 fideque
1395 1938 1616 1981 Catholica
1658 1938 1960 1981 constituenda

207 2003 514 2056 cogitationem
547 2003 756 2056 ponebat;
791 2006 835 2045 et
867 2017 976 2053 cum,
1011 2004 1110 2056 quid
1143 2003 1235 2058 ipse
1267 2004 1446 2054 faceret,
1481 2004 1738 2058 exponebat,
1773 2003 1873 2057 quid
1906 2017 1961 2044 ex

206 2068 280 2111 illo
313 2067 472 2110 imitari
504 2068 585 2122 ipsi
618 2067 882 2118 deberemus,
918 2068 1189 2111 docebamur.

328 2163 338 2181 ¹
365 2161 398 2195 S.
424 2160 612 2205 Philippus
638 2160 766 2194 Nerius
795 2160 829 2202 (†
859 2161 963 2204 1595)
992 2161 1125 2195 Romae
1159 2161 1224 2196 sub
1260 2173 1291 2195 a.
1322 2162 1409 2196 1557
1438 2162 1481 2195 ad
1512 2161 1566 2204 „S.
1594 2161 1802 2206 Hieronymi
1829 2174 1849 2195 a
1875 2161 1960 2196 cari-

206 2215 301 2248 tate“
332 2225 479 2259 parvam
514 2213 637 2247 aedem
664 2225 802 2248 sacram
829 2214 1093 2254 aedificaverat,
1130 2226 1235 2258 quam
1266 2214 1508 2256 „Oratorium“
1540 2216 1711 2255 vocabat;
1746 2216 1794 2248 ibi
1821 2219 1856 2248 et
1888 2216 1962 2259 ipse

208 2271 243 2302 et
261 2268 337 2301 eius
363 2267 514 2305 sodales,
540 2271 581 2300 ut
598 2266 795 2300 Taurusius
816 2267 975 2310 (Tarugi,
994 2269 1014 2310 †
1036 2267 1155 2309 1608),
1182 2268 1370 2302 Bordinius
1390 2270 1426 2311 (†
1448 2269 1565 2311 1609),
1591 2268 1766 2302 Baronius
1786 2269 1822 2312 (†
1846 2268 1962 2310 1607),

207 2322 310 2354 modo
337 2321 380 2354 de
405 2320 561 2354 moribus
588 2319 804 2361 christianis,
830 2321 933 2354 modo
959 2321 1001 2354 de
1029 2321 1104 2354 vita
1131 2321 1340 2355 Sanctorum
1368 2325 1404 2355 et
1429 2321 1604 2355 similibus
1630 2321 1851 2362 argumentis
1878 2321 1964 2355 coti-

208 2374 332 2407 dianas
367 2374 545 2407 orationes
580 2372 778 2413 habebant;
814 2373 878 2407 sub
914 2386 944 2408 a.
974 2374 1065 2408 1563
1092 2374 1291 2419 complures
1327 2386 1446 2408 eorum
1474 2374 1526 2408 Pii
1554 2375 1615 2409 IV.
1642 2374 1740 2408 iussu
1775 2374 1962 2408 ecclesiam

210 2430 242 2460 8.
270 2427 411 2460 Ioannis
439 2426 633 2470 Baptistae,
668 2437 760 2470 quae
786 2426 1068 2460 Florentinorum
1102 2430 1190 2469 erat,
1222 2428 1473 2461 administrare
1500 2430 1534 2461 et
1569 2428 1604 2461 in
1631 2439 1815 2462 commune
1840 2428 1964 2461 vivere

208 2482 410 2524 coeperunt,
438 2479 603 2524 Philippo
630 2480 673 2513 ad
692 2479 725 2513 S.
747 2479 954 2525 Hieronymi
980 2483 1157 2515 manente.
1200 2481 1240 2514 In
1265 2480 1429 2515 Oratorio
1455 2483 1573 2514 autem
1601 2480 1671 2514 iam
1697 2481 1777 2514 inde
1804 2480 1846 2514 ab
1872 2492 1963 2514 anno

210 2533 349 2567 circiter
377 2534 467 2567 1559
494 2532 667 2566 Baronius
694 2532 848 2578 Philippi
875 2533 973 2567 iussu
1000 2534 1185 2567 historiam
1221 2533 1394 2568 ecclesiae
1429 2534 1473 2568 ab
1508 2534 1665 2567 adventu
1692 2533 1823 2568 Christi
1850 2545 1963 2577 usque

210 2587 254 2619 ad
292 2585 472 2619 saeculum
507 2585 601 2619 XV1.
629 2586 758 2630 populo
797 2587 1005 2627 enarrabat;
1045 2598 1115 2630 qua
1149 2598 1213 2632 per
1239 2587 1283 2621 30
1318 2598 1429 2620 annos
1463 2587 1597 2631 septies
1632 2587 1803 2631 repetita,
1841 2587 1961 2620 eodem

211 2639 375 2683 Philippo
401 2639 543 2672 iubente
561 2638 720 2682 insignes
746 2638 828 2673 illos
850 2639 1027 2681 „Annales
1048 2640 1339 2674 Ecclesiasticos“
1363 2640 1466 2673 edere
1485 2639 1611 2684 coepit,
1636 2640 1764 2683 quibus
1783 2639 1962 2673 Centuria-

210 2695 328 2725 torum
367 2692 728 2735 Magdeburgensium
771 2692 986 2733 „Historiam
1026 2693 1335 2727 Ecclesiasticam“
1374 2693 1555 2726 refutabat
1597 2693 1712 2734 (Hier.
1739 2693 1965 2726 Bernabaeus

213 2744 342 2787 Congr.
370 2744 442 2785 Or.,
478 2744 562 2778 Vita
590 2744 623 2778 S.
651 2744 805 2789 Philippi
842 2745 939 2778 Nerii
975 2757 1004 2779 c.
1032 2746 1063 2786 6,
1098 2758 1132 2779 n.
1160 2747 1317 2787 61-64,
1354 2746 1388 2779 in
1424 2747 1522 2779 Actis
1557 2744 1765 2779 Sanctorum
1792 2745 1878 2779 Maii
1904 2745 1963 2785 VI,

212 2797 429 2841 Antverpiae
467 2797 568 2838 1688,
604 2798 802 2831 535—536.
850 2798 1220 2842 Capecelatro-Lafser,
1256 2798 1328 2832 Der
1362 2798 1493 2842 heilige
1528 2798 1715 2843 Philippus
1740 2798 1835 2837 Neri,
1871 2798 1963 2832 Frei-

212 2849 304 2891 burg
330 2850 351 2883 i.
372 2850 427 2883 131.
449 2850 548 2891 1886,
578 2851 763 2884 109—110
790 2851 977 2885 153-154
1001 2851 1214 2894 204—212).

333 2902 345 2921 ‘·'
372 2902 566 2936 Pei-doctus
603 2903 658 2936 vir
692 2905 843 2937 Ioannes
868 2905 1083 2938 Franciscus
1118 2905 1341 2938 Lombardus
1375 2903 1487 2937 Roma
1517 2916 1561 2938 ex
1595 2904 1741 2938 aedibus
1775 2903 1966 2939 cardinalis

214 2953 333 2986 Sirleti
361 2955 414 2987 11.
442 2954 653 2989 Novembris
682 2956 771 2990 1568
799 2956 969 2991 cardinali
997 2957 1106 2991 Hosio
1132 2958 1294 3002 scripsit:
1335 2957 1466 2999 ⁷,Roma
1497 2957 1672 3001 siquidem
1698 2958 1788 2991 satis
1823 2957 1965 2990 diuersa

215 3006 258 3039 ab
298 3005 376 3046 illa,
416 3018 504 3049 quae
543 3008 673 3042 delitiis
711 3009 882 3043 affluebat
920 3009 1112 3051 vanitatis,
1152 3022 1244 3044 nuuc
1283 3022 1367 3043 vere
1404 3011 1518 3054 spirat
1555 3010 1696 3044 odorem
1738 3010 1960 3043 sanctitatis“

219 3059 451 3102 (Cyprianus,
477 3059 562 3093 Tab.
589 3061 803 3103 484—485).
