2044 3335
153 92 238 133 654
780 89 874 123 Mon.
906 89 996 124 1006
1023 89 1101 122 sive
1127 88 1196 122 litt.
1217 88 1283 132 (1).

152 208 315 253 publicae
341 207 630 252 argentoratensi
650 207 865 251 praecipuus
884 208 1008 240 auctor
1026 207 1104 247 fuit,
1132 208 1171 240 ut
1193 210 1230 241 et
1248 207 1543 242 Calvinianorum
1567 220 1670 243 sacra
1693 209 1924 254 prohiberent

152 264 187 296 et
215 261 458 304 (monasteriis
477 260 614 303 aliquot
632 259 808 303 exceptis)
832 258 1096 293 Catholicorum
1117 260 1235 294 officia
1253 260 1376 295 divina
1402 260 1607 303 abolerent;
1634 273 1705 306 qua
1731 262 1923 297 abolitione

153 318 189 348 et
214 317 321 359 pacta
347 326 427 348 cum
455 314 621 358 episcopo
649 313 747 346 facta
780 315 816 346 et
848 313 927 357 ipsa
953 312 1092 358 imperii
1119 313 1179 347 lex
1213 325 1303 358 pace
1335 314 1520 358 religionis
1547 318 1750 360 augustana
1784 315 1924 350 sancita

152 368 341 401 manifeste
367 366 623 400 violabantur¹
651 365 814 410 (Paulus,
842 365 1088 409 Strafiburger
1106 366 1380 402 Reformatoren
1408 368 1467 411 [cf.
1487 380 1595 413 supra
1620 381 1653 414 p.
1675 368 1755 413 105]
1784 369 1923 403 70-78

273 474 441 507 Canisins
483 475 558 506 tum
595 472 638 506 ad
674 472 872 506 Marbachii
907 473 1036 507 librum
1072 475 1148 507 tum
1184 474 1228 507 ad
1264 473 1386 508 theses
1421 475 1594 519 quasdam
1627 475 1671 509 ab
1707 476 1924 519 Argentora-

152 526 315 560 tensibus
341 530 466 570 postea
492 526 608 560 editas
635 526 794 560 breviter
817 527 1002 571 respondit
1028 527 1064 560 in
1091 538 1197 572 opere
1219 527 1290 569 „De
1309 527 1424 561 Maria
1444 528 1593 572 Virgine
1619 528 1922 573 incomparabili“,

151 579 364 622 Ingolstadii
394 580 494 620 1577,
530 580 729 614 667-669.
780 580 878 614 lusto
917 581 1038 614 autem
1077 579 1166 614 libro
1206 592 1235 614 a.
1266 581 1356 615 1573
1392 581 1637 616 Marbachium
1678 582 1854 616 refutavit
1888 584 1925 615 et

155 632 443 676 Eisengreinium
471 632 726 677 Uanisiumque
753 633 914 667 defendit
943 633 1091 667 lacobus
1109 633 1232 667 Rabus
1259 634 1576 676 argentoratensis,
1603 635 1646 668 ad
1672 635 1776 669 fidem
1803 634 1923 669 catho-

150 685 257 719 licam
285 698 328 720 ex
355 685 613 720 lutheranismo
640 687 821 728 reductus,
849 686 1026 720 Bavariae
1053 687 1154 721 ducis
1189 688 1412 721 contionator
1438 687 1716 731 („Christlicher
1741 688 1813 722 vnd
1840 688 1924 722 wol-

153 740 378 782 gegriindter
404 738 690 782 Gegenbericht“
721 740 827 783 etc.);
856 740 898 774 de
925 752 994 784 quo
1021 740 1123 784 plura
1149 752 1213 775 suo
1239 743 1400 786 tempore
1426 741 1599 776 dicentur.

278 793 383 835 „Man
416 793 545 834 kann“‚
582 793 699 837 inquit
724 795 860 838 Pfleyer
888 793 924 834 (l.
954 805 983 827 c.
1013 793 1086 837 78),
1125 805 1210 836 „aus
1237 794 1429 829 Marbachs
1451 795 1666 839 Bemiihung
1701 795 1925 837 entnehmen,

154 845 225 880 das}
253 847 332 880 dem
360 846 580 890 Altottinger
606 847 779 890 Vorgang
806 848 852 881 im
880 848 1208 892 protestantischen
1231 848 1348 891 Lager
1375 849 1452 882 eine
1479 847 1592 892 grosse
1618 849 1831 892 Bedeutung
1865 860 1923 883 zu—

153 911 342 943 gemessen
368 901 520 934 wurde.“

273 963 327 1000 Ad
353 964 549 1011 ottingana
576 963 713 1001 Canisii
739 966 972 1001 monumenta
999 966 1146 1012 spectat
1172 965 1283 1002 etiam
1309 975 1404 1003 mon.
1430 966 1526 1002 1065.

1015 1095 1066 1137 Κ.

396 1183 851 1227 MONUMENTA
882 1185 1348 1228 LITTERARIA
1383 1185 1680 1229 CANISII.

160 1276 302 1313 1006
329 1278 407 1312 sive
433 1277 544 1314 litt.
565 1277 658 1323 (1).
702 1278 729 1313 A
756 1288 802 1313 m.
823 1277 1012 1314 Decembri
1038 1277 1121 1314 1566
1148 1277 1194 1314 ad
1220 1278 1469 1325 Septembrem
1496 1278 1589 1314 1567.

274 1343 329 1377 Ex
356 1343 548 1377 cardinalis
574 1343 775 1378 Truchsess
811 1344 975 1388 epistulis
1010 1344 1227 1390 archetypis,
1264 1357 1355 1389 quae
1391 1347 1537 1378 exstant
1564 1344 1697 1378 Romae
1731 1344 1767 1378 in
1801 1345 1924 1379 biblio-

155 1396 260 1430 theca
280 1397 456 1437 vaticana,
477 1396 558 1431 Cod.
575 1396 657 1431 Vat.
676 1397 738 1431 lat.
754 1398 846 1431 6412
873 1398 896 1431 s.
917 1398 1106 1432 253—254
1124 1398 1311 1432 261-262
1331 1399 1518 1432 266-267
1546 1398 1614 1431 272
1641 1398 1709 1432 279
1736 1398 1924 1433 289-290

156 1450 225 1483 294
252 1450 331 1484 298.
382 1450 513 1494 Aliqua
540 1462 583 1484 ex
612 1451 848 1495 epistularum
875 1451 1063 1496 capitibus,
1091 1463 1182 1495 quae
1208 1463 1310 1496 pono,
1338 1463 1383 1485 ex
1417 1452 1539 1485 eodem
1568 1451 1696 1485 Codice
1722 1452 1838 1496 posita
1865 1452 1924 1486 vel

155 1506 353 1538 memorata
388 1507 473 1538 sunt
507 1516 527 1538 a
545 1505 672 1538 Perim‘
696 1504 719 1538 1.
740 1516 768 1539 c.
800 1506 849 1547 (v.
869 1516 977 1549 supra
1010 1517 1043 1550 p.
1063 1506 1123 1549 69)
1155 1506 1339 1539 141--143
1366 1508 1401 1539 et
1428 1517 1448 1539 a
1477 1506 1628 1539 Sem-&rs
1653 1504 1675 1538 l.
1695 1517 1724 1539 c.
1747 1505 1796 1546 (v.
1815 1516 1924 1550 supra

182 1584 189 1591 .
217 1557 277 1600 69)
308 1558 505 1591 152—163.

156 1569 177 1601 p
279 1618 486 1651 Cardinalfs
517 1618 707 1651 Truclesess
732 1619 770 1652 P.
803 1618 982 1661 Onchhrc'e?
1016 1619 1187 1652 Pam-inii
1212 1620 1472 1662 Aayastiniani
1499 1619 1607 1652 libros
1637 1619 1738 1662 prelo
1772 1618 1927 1652 subicere

158 1673 227 1704 vult
255 1672 292 1704 ἰη
322 1672 530 1715 Germania,
561 1683 630 1715 per
658 1672 780 1705 Socios
814 1674 949 1715 aliquot
983 1674 1199 1715 mco-quito&
1237 1673 1416 1716 Camenas,
1444 1673 1615 1705 Pam-insi
1649 1673 1925 1715 amantissimus,

157 1736 301 1768 operam
325 1736 426 1757 ..s-nam
454 1726 557 1767 offert
583 1726 631 1758 acl
658 1726 861 1769 „Epe'stolas
880 1724 1112 1768 pontt'ficzcm“
1134 1726 1366 1767 (collectionis
1393 1727 1591 1766 avellanae)
1620 1726 1925 1769 reeoynoscendaS.

158 1778 254 1810 Idem
279 1778 455 1811 Pamw'm'o
491 1789 598 1821 opera
638 1780 812 1822 quaedam
841 1780 1030 1822 providere
1061 1780 1184 1813 studet.
1240 1780 1450 1812 Cardinale's
1480 1780 1663 1812 Caleniam
1698 1779 1926 1812 coloniensem

158 1832 205 1863 ad
236 1831 407 1864 Pam-inii
441 1831 551 1864 libros
586 1833 735 1865 edendos
766 1844 965 1875 permovere
1001 1834 1138 1874 eoffl'tat.
1193 1833 1359 1866 Canisias
1387 1833 1556 1865 Panvinz'i
1583 1833 1773 1876 puryandi
1803 1833 1925 1875 qratia

156 1886 392 1917 testenzontanz
417 1886 570 1918 scm-'bere
590 1890 748 1928 paratas
774 1890 832 1930 est,
868 1897 935 1929 quo
968 1886 1059 1919 nihil
1086 1888 1121 1919 in
1150 1885 1365 1929 „Epistoliffl
1393 1891 1591 1929 suspectum
1617 1896 1685 1918 esse
1715 1886 1924 1928 affirmabit.

277 1950 517 1992 Cardinalis
546 1952 635 1993 Otto
664 1952 892 1994 Truchsess
925 1951 1151 2006 episcopus
1183 1951 1383 2006 princeps
1416 1955 1687 2005 augustanus
1716 1951 1926 2006 Onuphrii

158 2016 354 2057 Panvinii
372 2017 637 2067 veronensis,
655 2016 817 2058 ordinis
831 2017 1123 2060 Eremitarum
1140 2017 1180 2059 S.
1197 2017 1432 2070 Augustini
1448 2017 1700 2067 sacerdotis,
1718 2018 1925 2058 archaeo-

157 2081 244 2134 logi
286 2083 329 2123 et
370 2081 562 2122 historici
605 2081 819 2135 praeclari
862 2082 920 2135 (v.
958 2083 1062 2124 Can.
1088 2083 1126 2124 V
1152 2083 1275 2135 5232)
1318 2082 1483 2136 scripta
1524 2083 1611 2132 illa,
1655 2095 1765 2135 quae
1807 2081 1925 2136 typis

157 2146 345 2187 nondum
379 2148 504 2188 erant
536 2147 731 2200 vulgata,
765 2147 808 2188 in
833 2147 1065 2189 Germania
1097 2147 1278 2199 vulgare
1311 2147 1353 2188 in
1388 2147 1575 2189 animum
1609 2147 1792 2189 induxit.
1846 2147 1924 2188 Ille

157 2211 292 2264 igitur
332 2211 538 2253 librorum
580 2226 755 2253 suorum
796 2215 887 2254 tum
931 2212 1143 2254 editorum
1184 2215 1277 2254 tum
1318 2227 1402 2254 non
1437 2213 1650 2255 editorum
1690 2212 1924 2254 indiculum

157 2291 212 2319 m.
237 2277 477 2319 Novembri
506 2292 545 2320 a.
573 2279 684 2318 1566
717 2277 836 2319 misit
868 2277 923 2319 ad
957 2277 1233 2320 cardinalem.
1288 2277 1380 2328 Qui,
1416 2292 1510 2319 cum
1535 2291 1736 2319 censores
1758 2277 1925 2319 romani

159 2342 358 2383 Panvinii
390 2341 553 2395 scripta
585 2356 895 2395 recognoscere
922 2342 1115 2384 nonnihil
1147 2346 1434 2394 morarentur,
1471 2345 1509 2385 5.
1534 2342 1784 2384 Decembris
1809 2343 1921 2384 1566

158 2407 197 2448 ei
229 2407 426 2461 scripsit:
460 2407 718 2449 Curaturum
750 2421 809 2458 se,
843 2410 891 2449 ut
922 2410 1339 2460 recognoscerentur
1370 2408 1413 2449 in
1445 2407 1676 2450 Germania
1704 2407 1782 2458 „da
1815 2407 1923 2449 certi

158 2472 295 2514 nostri
327 2472 456 2514 Padri
500 2473 568 2514 del
601 2473 706 2514 Jesii
748 2472 864 2514 assai
906 2472 1017 2515 dotti
1060 2476 1103 2515 et
1145 2472 1401 2516 susficienti“
1441 2472 1635 2526 (Selzro'rs
1670 2473 1699 2515 1.
1733 2486 1768 2514 c.
1806 2472 1921 2524 162).

159 2537 275 2578 Idem
310 2537 542 2579 cardinalis
572 2538 799 2580 Truehsess
823 2538 997 2591 Dilinga
1030 2540 1096 2580 13.
1121 2537 1345 2579 Februarii
1383 2539 1492 2579 1567
1519 2537 1726 2579 Panvinio
1749 2537 1924 2591 scripsit

160 2602 210 2643 de
235 2615 414 2655 corpore
436 2602 509 2644 illo
533 2603 816 2656 epistularum
839 2602 1024 2644 saeculis
1046 2603 1136 2652 IV.‚
1172 2603 1237 2652 V.‚
1272 2602 1343 2645 VI.
1369 2616 1394 2644 a
1416 2602 1702 2656 pontificibus,
1735 2602 1922 2657 impera-

159 2666 343 2717 toribus,
387 2667 483 2708 aliis
526 2667 727 2709 datarum
770 2668 1043 2719 (collectione
1085 2667 1324 2720 avellana),
1370 2667 1483 2720 quod
1524 2666 1760 2708 Panvinius
1801 2668 1921 2721 prelo

281 2806 291 2825 ¹
317 2808 418 2840 Anno
448 2807 535 2841 1887
568 2809 779 2842 Guilielmus
804 2808 972 2852 Horminy
1007 2809 1284 2852 protestantium
1315 2807 1661 2850 argentoratensium
1689 2806 1852 2840 minister
1877 2805 1921 2840 ad

161 2857 194 2891 S.
221 2858 319 2891 Petri
355 2860 490 2902 („.Jung
524 2860 668 2904 Peter“)
705 2861 843 2894 veritus
878 2873 947 2895 non
982 2864 1052 2903 est,
1088 2861 1199 2895 libelli
1233 2861 1340 2895 huius
1374 2860 1619 2895 marbachiani
1654 2860 1773 2904 capita
1806 2859 1921 2893 denuo

160 2910 260 2954 typis
286 2912 498 2952 exscribere,
526 2913 618 2956 quod
646 2916 767 2947 essent
797 2914 955 2956 „Froben
992 2926 1060 2948 von
1087 2914 1278 2948 Marbachs
1313 2913 1685 2948 schriftstellerischer
1711 2911 1922 2955 Thatigkeit

162 2963 209 2995 im
246 2963 399 3007 Kampfe
434 2976 550 3007 gegen
585 2966 650 3000 das
684 2966 911 3011 Papstthum,
949 2967 1004 3001 die
1043 2968 1110 3002 den
1146 2967 1319 3009 Glauben,
1358 2967 1425 3001 den
1460 2966 1686 3007 Liebeseifer,
1721 2965 1829 3000 sowie
1865 2965 1920 2998 die

162 3015 482 3059 Schlagfertigkeit
517 3018 614 3052 eines
649 3031 731 3052 vom
766 3020 967 3054 romischen
1004 3020 1093 3055 Joeh
1128 3020 1302 3054 befreiten
1338 3020 1435 3054 alten
1461 3019 1720 3062 Strassburgers
1751 3030 1816 3053 uns
1843 3029 1921 3052 vor-

160 3068 336 3102 t'i'ihren“:
363 3069 423 3102 Dr.
452 3069 592 3104 Johann
621 3071 803 3113 Mai-bach,
830 3072 1033 3117 Strafiburg
1059 3084 1087 3107 s.
1114 3084 1146 3108 a.
1176 3073 1305 3117 [1887]‚
1336 3073 1402 3109 100
1432 3072 1723 3116 (Selbstverlag).
