2044 3335
509 65 605 99 Mon.
632 65 699 100 997
727 64 805 99 sive
830 76 908 100 oen.
927 63 1019 108 (25).
1065 63 1118 98 12.
1136 62 1354 97 Novembris
1382 62 1486 97 1571.
1650 75 1656 82 ·
1797 63 1879 103 637

112 192 247 226 pareua
263 180 358 215 buon
376 181 479 215 modo
499 181 530 215 d’
546 182 699 217 aiutarlo
717 182 754 216 in
771 182 900 225 questa
918 182 1020 226 parte
1039 180 1104 214 0110
1120 179 1162 214 V.
1175 180 1216 214 R.
1232 179 1393 213 conferat
1411 177 1561 212 consilia
1579 177 1621 211 de
1637 176 1884 211 conseruanda

113 233 321 268 ualetudine
348 233 425 268 eius
452 246 531 269 cum
551 235 660 270 Patre
678 234 920 269 Theodericol
938 245 1001 278 per
1019 244 1124 278 quem
1143 232 1360 267 familiarius
1378 231 1511 276 poterit
1528 230 1719 264 admonere
1738 229 1884 263 Patrem

113 287 307 322 Canisium.
352 288 527 322 Pastelius
551 290 665 332 iyitur
689 292 805 322 rector
830 288 1090 330 oenipontanus
1112 287 1302 329 Oeniponte
1329 287 1385 319 17.
1404 285 1605 318 Decembris
1626 286 1717 318 1571
1735 283 1820 316 haec
1837 283 1885 315 acl

112 341 278 374 Natalem
303 342 460 375 rettulit:
487 341 522 375 Jl
549 341 590 376 P.
610 341 752 376 Canisio
779 340 826 374 fin
853 340 979 374 adesso
1006 341 1064 373 sta
1090 338 1187 373 assai
1213 339 1302 372 bene
1330 340 1366 372 et
1391 348 1490 372 come
1516 348 1602 382 pare
1628 335 1761 379 meglio
1780 334 1845 369 che
1865 346 1885 368 a

112 393 268 437 Dilinga‚
295 405 334 428 se
359 405 404 428 ne
430 394 477 428 ha
502 396 598 428 tutta
624 393 743 438 quella
769 404 855 427 cura
882 392 947 427 0110
974 393 1004 427 01
1022 404 1102 437 puo,
1129 394 1263 436 quanto
1283 391 1317 424 al
1335 402 1400 425 suo
1419 390 1535 424 libr0²
1560 401 1606 423 va
1624 389 1736 424 molto
1755 387 1884 431 adagio

111 458 176 492 per
201 447 313 481 hauer
339 446 409 490 egli
436 447 481 481 da
506 447 583 481 fare
610 447 706 481 assai
727 446 821 480 nelle
848 445 1016 491 prediche
1043 447 1079 479 et
1105 445 1210 479 alcun
1229 444 1320 478 altre
1338 445 1476 478 cosette
1494 442 1781 477 estraordinarie.
1826 442 1885 475 Ad

114 511 204 544 quae
229 501 372 534 Natalis
398 501 550 534 Pastelio
577 501 777 544 respondit:
811 499 866 533 Ho
893 498 1003 532 molto
1030 509 1050 531 a
1077 509 1159 531 caro
1186 497 1250 531 che
1276 496 1302 530 il
1329 497 1368 531 P.
1396 496 1538 530 Canisio
1565 497 1595 530 si
1622 496 1755 530 ritroue
1781 496 1884 529 tanto

112 553 181 587 ben
207 564 307 587 como
333 554 376 588 V.
396 553 437 587 R.
456 553 622 597 significa
647 554 683 587 in
710 553 793 597 quel
820 551 978 596 Collegio
1005 554 1041 585 et
1066 550 1140 585 cosi
1166 551 1200 584 di
1226 561 1343 584 11110110
1370 549 1476 593 glielo
1502 549 1749 583 raccomando.

114 667 219 704 997
246 668 324 703 sive
352 677 472 703 oen.
492 666 628 713 (25).
702 665 750 702 12.
771 663 986 702 Novembris
1012 663 1099 700 1571.

230 727 287 761 Ex
313 727 489 762 contionis
515 727 781 767 commentario,
809 725 902 770 quod
929 725 1095 760 Canisius
1120 723 1329 758 Balthasari
1356 723 1508 758 Arnoldt
1538 723 1705 768 scriptori
1732 722 1885 757 dictavit

111 782 147 814 et
173 780 300 815 deinde
325 781 403 825 ipse
428 780 648 822 recognovit,
676 781 712 813 et
738 790 783 813 ex
812 778 1006 821 „Notandis
1041 778 1137 813 01103
1162 777 1370 811 uictoriam“
1402 777 1446 811 ab
1472 776 1595 811 eodem
1623 775 1777 810 Arnoldt
1803 775 1885 820 (Ca—

110 834 213 874 nisio,
240 836 281 868 ut
306 834 459 874 videtur,
487 832 660 876 dictante)
689 832 845 877 scriptis.
889 832 974 867 Can.
993 832 1036 866 51
1057 832 1081 866 f.
1100 831 1273 865 4¹722—48>b
1302 831 1398 866 394‘2.
1442 830 1706 865 Commentario
1725 841 1812 863 usus
1831 833 1886 863 est

111 888 394 930 Braunsberyer,
421 886 508 920 Pius
533 885 577 920 V.
605 891 672 920 etc.
702 885 900 920 112—113.

234 946 402 979 Canisius
426 947 465 978 in
490 945 652 979 sollemni
675 956 805 988 pompa
827 949 974 988 propter
1002 945 1139 978 Turcas
1165 945 1264 987 apud
1290 944 1500 977 Echinadas
1525 943 1664 976 insulas
1683 942 1882 986 (Lepanto)

111 1001 216 1032 victos
242 999 286 1032 ab
309 999 564 1042 Oenipontanis
580 999 746 1031 instituta
772 1000 808 1031 in
837 999 962 1042 templo
979 999 1129 1032 wiltensi
1146 1008 1266 1030 coram
1286 997 1479 1030 archiduce
1500 1007 1569 1039 pro
1589 997 1748 1029 contione
1766 996 1886 1028 dicens

109 1053 320 1096 sinyz‘llatim
346 1055 507 1095 enarrat,
534 1062 641 1095 qnam
664 1052 817 1094 yranclis
843 1056 873 1084 et
895 1056 1099 1095 portentosa
1125 1062 1165 1084 ea
1190 1051 1302 1093 fuerit
1328 1052 1489 1084 victoria.

233 1112 321 1145 Cum
351 1112 577 1154 Oenipontem
612 1113 818 1144 nuntiatum
853 1115 946 1154 esset,
982 1112 1126 1145 classem
1161 1111 1395 1144 christianam
1429 1109 1493 1143 sub
1527 1110 1663 1143 Ioanne
1688 1109 1881 1141 Austre‘aco

111 1165 215 1206 (Don
239 1165 343 1198 Juan
378 1164 599 1205 ol’Austria)
628 1167 659 1198 7.
692 1164 850 1197 Octobris
879 1168 970 1199 1571
1004 1165 1103 1208 apud
1137 1164 1345 1197 Echinadas
1378 1163 1517 1196 insulas
1550 1164 1620 1196 sice
1654 1162 1752 1205 apud
1782 1161 1882 1194 Nau-

103 1212 252 1261 pactum
271 1219 472 1261 (Lepanto)
493 1218 533 1251 (le
559 1218 667 1250 classe
685 1219 823 1250 turcica
849 1229 1015 1261 inaquam
1042 1221 1239 1261 reportasse
1263 1218 1462 1261 victoriam,
1489 1219 1546 1251 12.
1564 1216 1771 1250 Novembris
1791 1216 1882 1248 1571

108 1281 213 1304 mane
237 1272 338 1304 iussu
363 1271 594 1304 Ferdinancli
619 1271 668 1304 II.
697 1271 902 1304 archiclucis
927 1272 1144 1314 consiliarii,
1176 1270 1299 1314 aulici,
1328 1272 1415 1303 cives
1450 1281 1528 1303 cum
1547 1270 1717 1312 principe
1741 1270 1818 1311 ipso
1844 1269 1882 1300 in

108 1325 210 1358 urhis
228 1325 404 1358 ecclesiam
426 1324 673 1368 parochialem
692 1324 739 1356 ad
754 1326 895 1366 oratius
913 1325 987 1358 Deo
1014 1325 1170 1369 agendas
1188 1328 1424 1358 convenerunt
1434 1336 1448 1366 ;
1474 1327 1636 1357 cantatus
1661 1326 1708 1356 est
1732 1322 1884 1365 hymnus

111 1404 128 1421 7,
139 1378 184 1410 Te
198 1378 313 1411 Deum
330 1375 562 1419 laudamus“;
579 1378 704 1410 deinde
717 1377 879 1410 sollemni
890 1389 1023 1421 pompa
1039 1382 1141 1411 eoetra
1156 1378 1277 1411 urbem
1298 1379 1335 1410 in
1352 1379 1516 1420 templum
1531 1377 1705 1410 canoniae
1718 1374 1884 1408 wiltensis

110 1431 290 1474 (Writen),
318 1432 457 1464 ordinis
482 1431 859 1474 Praemonstratensz's,
880 1435 1144 1474 processerunt,
1172 1431 1232 1464 ubi
1258 1433 1365 1464 missa
1392 1441 1522 1473 mayna
1549 1441 1627 1462 cum
1653 1429 1885 1462 sollemnitate

109 1488 252 1517 cantata
271 1487 301 1517 et
318 1495 340 1517 a
358 1485 502 1518 Canisio
521 1484 636 1517 oratio
653 1484 776 1517 habita
795 1488 852 1517 est.
887 1485 947 1517 Eae
965 1486 1067 1518 cuius
1084 1485 1261 1518 orationis
1279 1485 1531 1517 commentario
1550 1495 1571 1516 a
1590 1483 1733 1516 Canisio
1753 1482 1884 1514 dictato

109 1540 140 1569 et
164 1539 342 1580 recoynito
361 1538 556 1580 complures
574 1538 732 1580 excerpsi
747 1538 948 1581 sententias,
976 1538 1103 1581 quibus
1122 1539 1287 1571 uictoriae
1313 1538 1413 1570 illius
1434 1539 1529 1570 ratio
1546 1536 1753 1580 sinyillatim
1781 1538 1811 1567 et
1828 1545 1883 1566 ac-

110 1595 232 1623 curate
258 1595 456 1624 enarratur
466 1603 479 1633 ,·
504 1591 604 1624 valde
630 1592 721 1624 enim
746 1592 935 1624 verisimile
961 1596 1019 1635 est,
1056 1602 1114 1624 eas
1140 1603 1161 1624 a
1193 1591 1337 1624 Canisio
1372 1591 1520 1624 haustas
1554 1601 1623 1623 esse
1649 1601 1691 1622 ea:
1725 1588 1885 1631 fontibus

107 1643 288 1681 ,historicis
313 1646 426 1688 iisque
450 1644 518 1686 fide
535 1645 635 1677 valde
652 1645 792 1687 dz'ynis;
816 1645 1006 1678 relationes
1023 1645 1102 1678 (lico
1125 1645 1173 1677 ad
1190 1644 1416 1677 archiducem
1434 1645 1560 1677 missas
1568 1655 1582 1686 ;
1605 1644 1758 1686 fortasse
1777 1652 1883 1684 prae-

109 1701 205 1729 terea
225 1698 338 1730 Roma
363 1698 414 1730 vel
440 1698 585 1731 aliunde
605 1698 718 1731 Sociis
744 1698 992 1740 oenipontanis
1010 1698 1139 1731 allatae
1156 1703 1259 1731 erant
1285 1698 1454 1740 epistulae
1472 1698 1671 1739 Sociorum,
1698 1697 1761 1739 qui
1776 1705 1884 1728 sacra

108 1750 268 1791 faciendi
299 1752 421 1793 =qratia
451 1751 594 1784 classem
621 1752 779 1784 comitati
805 1756 908 1785 erant
942 1752 1041 1795 eique
1066 1752 1129 1784 illo
1155 1752 1212 1784 die
1241 1753 1385 1794 pietatis
1410 1752 1617 1784 adiumenta
1636 1750 1884 1793 praebuerant

111 1803 341 1847 (Sacchin‘us,
359 1805 452 1838 Hist.
469 1805 506 1838 S.
521 1806 556 1838 J.
571 1805 642 1847 III,
663 1805 684 1837 l.
705 1807 737 1847 7,
765 1816 797 1837 n.
818 1805 990 1845 39—41).
1025 1805 1082 1838 Ita
1100 1806 1213 1848 iqitur
1234 1805 1423 1838 Canisius:
1448 1803 1546 1838 Deus
1565 1800 1680 1837 voluit
1705 1801 1882 1836 dominica

110 1856 167 1890 die
180 1857 198 1890 7
211 1856 335 1891 Octob.
347 1856 537 1891 humiliare
553 1883 560 1891 .
572 1884 579 1891 .
594 1885 601 1892 .
615 1856 750 1898 hostes,
769 1857 830 1902 quj
848 1884 854 1891 .
870 1885 877 1892 .
890 1885 897 1892 .
911 1860 986 1891 tam
1005 1857 1099 1892 laete
1114 1858 1230 1903 plenis
1244 1857 1337 1891 velis
1352 1859 1388 1891 et
1405 1857 1514 1891 remis
1531 1857 1568 1890 in
1581 1868 1713 1900 magno
1727 1855 1883 1890 clamore

109 1910 384 1953 nauigauerunt,
412 1912 447 1944 et
473 1913 569 1945 certo
588 1910 815 1944 confidebant
841 1910 884 1944 de
902 1911 1079 1945 victoria.
1095 1937 1103 1945 .
1119 1924 1144 1952 .;
1170 1910 1284 1956 110011]
1312 1913 1505 1955 postquam
1531 1922 1594 1955 per
1620 1909 1882 1944 confessionem

111 1965 147 1997 et
173 1963 429 2008 poenitentiam
455 1976 535 1998 011111
554 1963 628 1998 Deo
649 1963 714 2008 [se]
741 1964 1046 2007 reconciliassent,
1075 1967 1110 1999 et
1135 1965 1238 1998 iuxta
1265 1965 1362 2009 piam
1389 1963 1676 1998 exhortationem
1696 1962 1883 1997 Generalis

111 2016 369 2059 decreuissent,
395 2017 512 2052 solum
538 2020 685 2062 propter
712 2017 846 2063 Ohristj
874 2030 1003 2052 nomen
1029 2020 1066 2052 et
1090 2018 1273 2059 honorem,
1309 2017 1365 2051 die
1392 2017 1558 2051 schlacht
1592 2029 1636 2051 zu
1670 2017 1783 2051 thuen
1803 2043 1809 2050 .
1831 2043 1838 2050 .
1859 2043 1883 2055 .,

112 2081 213 2115 spem
240 2082 379 2104 0111110111
417 2071 454 2105 111
480 2071 554 2105 Deo
581 2071 664 2105 viuo
700 2074 907 2116 posuerunt.
936 2099 943 2105 .
964 2099 971 2105 .
991 2098 999 2105 .
1027 2083 1108 2106 cum
1139 2072 1294 2116 primum
1327 2073 1452 2105 nostra
1478 2071 1636 2104 Armada
1662 2071 1707 2104 ad
1733 2070 1886 2105 classem

110 2123 299 2158 Turcicam
326 2124 437 2166 venit,
463 2127 580 2158 mutat
605 2136 644 2159 se
670 2127 811 2165 ventus,
838 2125 986 2159 sedatur
1011 2137 1110 2159 mare
1127 2125 1224 2159 vnnd
1251 2125 1389 2159 blasset
1415 2124 1526 2158 daher
1552 2124 1609 2158 0111
1635 2126 1780 2167 guetter
1805 2124 1887 2158 luflt

110 2189 182 2213 von
209 2177 367 2212 Siriaco³
394 2177 441 2222 [2³]
467 2178 589 2220 windt,
626 2181 662 2212 et
696 2179 809 2212 iactat
843 2190 983 2212 omnem
1020 2179 1161 2213 fumum
1195 2179 1231 2212 in
1270 2178 1393 2213 oculos
1429 2181 1465 2212 et
1495 2190 1609 2212 naues
1644 2178 1811 2219 hostium,
1844 2181 1887 2212 vt

111 2233 258 2265 nostrae
283 2243 396 2266 naues
421 2234 523 2265 tanto
549 2231 679 2266 melius
705 2234 869 2275 agantur,
896 2234 932 2266 et
958 2232 1155 2277 aduersarij
1183 2243 1299 2276 neque
1325 2231 1459 2271 videre,
1492 2243 1608 2276 neque
1634 2233 1768 2266 nostris
1794 2243 1886 2266 com-

111 2285 216 2319 mode
242 2285 439 2319 resistereb
465 2285 657 2330 potuerint.
678 2312 685 2320 .
706 2312 713 2320 .
734 2312 741 2319 .
792 2285 860 2319 Tot
886 2288 922 2319 et
947 2288 1022 2320 tam
1049 2288 1210 2320 armatae
1235 2296 1349 2320 naues
1374 2285 1544 2327 hostium,
1580 2296 1619 2319 so
1646 2285 1714 2319 wol
1750 2285 1888 2319 besetzt

112 2339 179 2372 mit
204 2338 376 2372 frischem
403 2337 689 2382 khriegsvolckh
714 2338 803 2372 iiber
828 2339 884 2373 die
910 2339 1066 2384 ordinarj
1094 2339 1207 2379 anzal,
1245 2342 1281 2373 et
1306 2350 1398 2383 quae
1424 2338 1548 2372 multis
1574 2338 1688 2373 modis
1717 2338 1885 2382 [nostras]

112 2392 278 2426 vicerunt
304 2404 463 2434 numero,
490 2392 627 2436 opibus,
654 2392 816 2436 potentia
842 2395 878 2426 et
903 2392 1116 2437 prouisione,
1152 2395 1273 2426 tamen
1310 2392 1468 2426 finaliter
1501 2403 1540 2426 se
1576 2392 1705 2426 dedere
1741 2395 1886 2427 coactae

112 2448 207 2487 sunt,
241 2447 278 2479 et
304 2445 409 2479 valde
444 2445 568 2490 paucis
603 2445 766 2489 exceptis
801 2448 1008 2490 occupatae,
1045 2446 1104 2480 vel
1140 2446 1358 2487 combustae,
1396 2444 1453 2479 vel
1485 2445 1704 2487 submersae,
1740 2445 1799 2480 vel
1829 2446 1886 2480 de-

112 2500 274 2533 structae
300 2499 398 2533 vnnd
425 2499 645 2542 geschossen
662 2498 767 2532 sein.
788 2525 794 2532 .
815 2511 843 2539 .;
871 2498 937 2533 Dei
964 2511 1064 2544 opus,
1092 2499 1186 2543 quod
1213 2511 1258 2533 ex
1285 2501 1338 2533 tot
1356 2498 1516 2533 millibus
1535 2498 1744 2541 Turcarum,
1770 2511 1887 2544 neque

113 2552 241 2593 media,
267 2559 406 2597 nequec
432 2554 561 2596 quarta
596 2563 681 2596 pars
715 2552 873 2596 potuerit
909 2553 1077 2596 effugere,
1112 2553 1184 2586 imo
1220 2553 1313 2597 quod
1349 2554 1385 2586 et
1411 2552 1608 2587 Generales
1635 2555 1671 2587 et
1702 2552 1886 2598 praecipuj

113 2605 296 2651 capitanij,
335 2608 371 2639 et
406 2605 570 2640 Baschae
608 2605 788 2650 vulneratj
825 2607 862 2639 et
897 2605 1004 2651 00010]
1041 2606 1114 2640 sint
1148 2618 1219 2640 vno
1254 2608 1397 2640 tantum
1432 2606 1496 2639 vix
1533 2607 1720 2648 euadente,
1758 2618 1886 2652 nempe

112 2658 255 2703 Vehialj
271 2661 293 2699 ὅ,
329 2659 454 2693 Solten
480 2658 548 2692 wol
580 2658 735 2692 hundert
762 2658 860 2692 vnnd
886 2659 1031 2703 achtzig
1050 2658 1211 2694 Galeend
1237 2659 1353 2702 erlegt
1378 2659 1522 2693 worden
1548 2660 1636 2700 sein,
1662 2671 1732 2694 non
1759 2659 1886 2700 dicam,

114 2714 201 2755 quot
226 2711 341 2746 millia
367 2712 564 2746 Turcarum
592 2714 784 2755 erwiirget,
821 2714 857 2745 et
881 2724 1006 2747 rursus
1033 2713 1213 2757 gefangen
1249 2714 1326 2746 sein
1345 2739 1352 2747 .
1373 2739 1380 2747 .
1401 2739 1407 2747 .
1460 2712 1560 2757 Opus
1586 2712 1652 2747 Dei
1677 2713 1756 2755 fuit,
1792 2713 1886 2758 quod

110 2765 160 2809 ¹14
187 2764 352 2807 Galeene,
380 2777 471 2809 quae
497 2765 667 2809 fugerant
699 2764 807 2798 0113111
842 2768 924 2810 post
958 2765 1051 2800 hanc
1077 2766 1268 2801 victoriam
1303 2766 1377 2800 sint
1412 2766 1668 2810 comprehense
1694 2778 1715 2801 a
1740 2767 1885 2808 nostris,

233 2824 261 2854 a)
283 2822 443 2849 Scirocco?
497 2823 527 2855 b)
548 2825 582 2848 In
603 2831 701 2849 comm.
722 2824 855 2855 sequitur
874 2825 1000 2849 alterum
1021 2823 1188 2851 commode.
1250 2826 1275 2856 c)
1298 2825 1436 2857 Sequitur
1455 2824 1556 2856 tertia,
1576 2825 1666 2852 oblict.
1722 2825 1751 2858 d)
1773 2826 1799 2858 e)
1820 2827 1886 2856 Sic,-

112 2865 298 2890 scribendum
316 2866 393 2896 fuit:
413 2864 551 2892 Galeern.

237 2949 247 2968 ¹
274 2948 417 2983 Canisio
442 2951 580 2982 rectore
607 2948 751 2992 collegii
778 2948 963 2992 dilingani,
992 2950 1053 2994 qui
1078 2949 1178 2984 Petri
1206 2950 1340 2984 Canisii
1366 2950 1479 2985 frater
1505 2963 1551 2985 ex
1576 2954 1679 2997 patre
1705 2954 1794 2987 erat.

235 3002 248 3021 2
274 3001 419 3036 Librum
439 3001 482 3036 de
495 3001 605 3036 Verbi
620 3002 686 3036 Dei
701 3002 923 3047 Corruptelis
938 3003 1114 3038 adversus
1129 3004 1398 3038 Centuriatores
1412 3006 1606 3040 secundum
1622 3007 1699 3040 sive
1714 3007 1757 3040 de
1771 3006 1882 3042 Beata

112 3055 229 3090 Maria
255 3055 406 3099 Virgine
431 3055 630 3096 scribebat3
659 3067 693 3089 v.
712 3067 822 3100 supra
847 3068 879 3101 p.
899 3056 967 3091 487
994 3058 1075 3091 494.
1229 3058 1241 3077 ³
1271 3057 1408 3100 „Uluch
1435 3058 1512 3092 Ali⁴⁴
1542 3060 1574 3094 is
1600 3071 1694 3094 1111110
1722 3063 1882 3095 vocatur.
