2044 3335
634 105 689 138 Ab
717 104 771 138 28.
792 103 925 149 Aprilis
951 103 995 137 ad
1021 104 1054 138 4.
1072 101 1159 137 Maii
1188 102 1288 136 1568.
1757 102 1839 142 569

420 224 499 265 bus
531 238 608 277 pro
642 237 718 265 suo
752 222 966 265 arbitratu
1001 221 1054 264 ad
1088 219 1342 274 sigillandas
1383 219 1533 260 literas
1565 216 1629 260 uti
1660 215 1840 270 possint,

421 288 532 330 sicut
564 288 729 330 Romae
762 291 806 330 et
838 287 938 330 alibi
971 286 1064 328 fieri
1097 287 1267 331 scimus,
1303 287 1347 327 et
1379 284 1574 325 uidemus
1589 284 1615 325 1.

481 355 519 396 7.
553 353 714 406 Legem
737 367 933 394 seueram
957 352 1050 393 fieri
1073 350 1359 405 percupiinuS‚
1394 362 1576 401 eamque
1605 361 1681 401 per
1703 348 1842 389 totam

422 418 685 461 Societatem
719 417 929 472 publicari
962 431 1015 458 ne
1047 417 1115 458 uel
1145 415 1364 462 Auerrois.
1399 414 1468 455 uel
1501 413 1629 455 ullius
1662 410 1841 454 alterius

422 483 671 538 Philosophi
716 482 1014 536 opinio'quae
1060 495 1154 522 cum
1195 480 1277 521 fide
1322 479 1586 527 Christiana,
1633 477 1702 519 uel
1747 490 1841 518 cum

422 548 666 590 scholarum
700 547 914 589 communi
955 545 1172 593 doctrina,
1215 544 1361 596 aliqua
1403 557 1458 585 ex
1498 546 1624 597 parte
1665 543 1842 596 pugnet,

422 613 681 655 defendatur
703 613 772 654 uel
791 613 1081 659 confirmetur,
1103 608 1277 663 [e]tiam
1298 609 1353 650 ad
1371 610 1559 650 mentem
1578 606 1842 648 Aristotelis.

424 678 506 721 Sed
539 678 609 720 uel
636 677 916 719 Aristotelem
952 689 977 717 a
1009 675 1093 717 fide
1128 672 1418 728 [Chri]stiana
1450 686 1535 713 non
1568 669 1843 726 abho[rrere]

426 741 667 796 doceatur[‚
702 742 772 784 uel
805 742 839 783 si
863 741 1081 789 abhorret,
1117 737 1410 792 confu]tetur:
1445 751 1523 778 nec
1545 736 1693 778 multis
1716 750 1845 789 argu-

422 808 580 850 mentis
612 821 708 848 eum
739 807 819 849 hoc
851 805 922 848 uel
953 805 1057 846 illud
1080 803 1192 857 quod
1227 817 1322 844 cum
1345 802 1428 843 fide
1460 803 1626 855 pugnet
1658 800 1845 842 sensisse

422 872 690 914 ostendatur.
736 872 803 913 Ab
827 869 1036 912 eiusmodi
1058 868 1170 911 enim
1194 867 1460 909 Auerroistis
1484 866 1726 920 complures
1748 865 1846 906 fidei

420 950 673 989 morumque
706 937 919 978 iacturam
961 934 1202 976 fecerunt2.
1267 932 1468 986 Cupimus
1507 945 1610 984 ergo
1652 930 1759 972 haec
1798 933 1846 971 ut

420 1001 692 1043 incommoda
709 1001 910 1051 uitemus,
930 999 1165 1042 Concilium
1180 998 1476 1040 Lateranense
1494 997 1572 1038 sub
1590 996 1734 1038 Leone
1752 996 1804 1037 10
1816 996 1843 1043 3,

421 1069 466 1109 et
510 1066 686 1108 decreta
730 1065 974 1122 Reuerendi
1018 1065 1064 1108 P.
1108 1064 1160 1106 N.
1205 1064 1257 1105 de
1301 1062 1500 1105 tenendis
1545 1075 1595 1103 ac
1643 1060 1846 1102 docendis

421 1131 691 1185 opinionibus
705 1132 733 1180 4,
762 1145 839 1185 per
862 1133 1001 1173 totam
1022 1129 1285 1172 Societatem
1307 1127 1519 1182 publicari
1542 1130 1585 1169 et
1609 1126 1843 1168 obseruari.

483 1197 520 1239 8.
556 1195 758 1249 Cupimus
791 1196 844 1237 ob
887 1209 1034 1242 eorum
1076 1194 1267 1247 gratiam
1309 1193 1381 1247 qui
1422 1193 1661 1234 officiorum
1701 1190 1845 1232 multi-

419 1260 568 1302 tudine
601 1263 864 1314 grauantnr‚
909 1260 1103 1313 regulam
1146 1259 1288 1308 illam,
1332 1271 1443 1311 quae
1476 1260 1543 1299 est
1583 1257 1698 1299 inter
1731 1270 1845 1297 com-

424 1339 576 1368 munes
620 1326 774 1368 ultima
819 1326 871 1367 de
915 1325 1110 1378 legendis
1154 1323 1336 1378 singulis
1384 1322 1623 1364 officiorum
1670 1321 1845 1375 regulis,

421 1394 576 1433 octauo
619 1405 789 1444 quoque
827 1391 907 1441 die,
948 1390 1163 1433 mitiorem
1206 1389 1312 1438 fieri,
1356 1388 1468 1441 quod
1511 1387 1621 1429 aliae
1663 1401 1847 1441 occupa-

420 1456 561 1498 tiones
584 1456 659 1498 uix
682 1456 904 1498 commode
927 1455 1085 1507 sinant,
1119 1459 1168 1498 ut
1190 1458 1258 1497 tot
1281 1453 1522 1496 officiorum
1544 1453 1722 1506 regulae
1754 1455 1845 1495 tam

423 1522 573 1563 crebro
606 1522 852 1575 leganturf'.

481 1588 519 1629 9.
554 1586 739 1629 Videtur
781 1586 987 1641 expedire
1030 1589 1079 1629 ut
1123 1585 1238 1627 circa
1281 1583 1629 1627 obseruationem
1670 1583 1844 1637 Concilij

422 1651 663 1694 Tridentini
696 1652 819 1694 nobis
855 1666 949 1694 cum
984 1651 1080 1705 alijs
1113 1650 1360 1705 prouincijs,
1401 1650 1445 1691 in
1479 1649 1633 1703 quibus
1666 1652 1745 1698 est,
1779 1649 1849 1690 uel

421 1731 505 1759 non
539 1719 608 1759 est
638 1718 962 1772 promulgatum
997 1717 1239 1766 conueniat,
1275 1719 1322 1758 ut
1354 1715 1554 1757 nimirum
1588 1715 1625 1756 si
1658 1714 1759 1767 quid
1792 1713 1849 1756 sit

422 1783 697 1832 seruandum,
723 1783 837 1825 circa
858 1783 963 1824 illud
985 1782 1124 1824 maior
1146 1782 1205 1824 sit
1226 1782 1269 1823 in
1293 1779 1527 1835 prouincijs
1551 1779 1846 1821 conformitas.

424 1845 537 1889 Nam
572 1863 627 1889 ex
660 1851 848 1901 quatuor
889 1847 961 1901 qui
1002 1848 1044 1889 in
1086 1850 1238 1890 nostra
1269 1846 1350 1888 hac
1391 1845 1615 1900 prouincia
1647 1844 1851 1898 Episcopi

423 1916 525 1955 sunt
547 1912 790 1955 dioecesani
814 1913 896 1954 duo
929 1915 1102 1955 tantum
1125 1911 1361 1954 Concilium
1393 1910 1708 1965 publicaruntss.
1756 1909 1850 1951 Nec

200 2031 210 2050 ¹
236 2031 303 2065 His
329 2031 450 2065 verbis
476 2030 703 2076 potissimum
730 2029 927 2073 significari
954 2030 1098 2064 videtur
1125 2030 1164 2063 P.
1185 2029 1362 2073 Georgius
1389 2027 1631 2067 Schorichius‚
1659 2027 1720 2071 qui
1737 2027 1851 2061 Roma

78 2085 113 2118 in
140 2084 257 2118 aulam
286 2083 424 2118 Alberti
450 2084 494 2119 V.
513 2084 690 2118 Bavariae
717 2084 817 2118 ducis
844 2082 1021 2128 epistulas
1038 2083 1225 2124 mittebat5
1254 2095 1287 2117 v,
1308 2094 1416 2128 supra
1435 2094 1469 2127 p.
1488 2082 1648 2122 95-962
1678 2081 1722 2115 cf.
1742 2081 1849 2115 etiam

78 2149 187 2182 supra
213 2149 247 2182 p.
267 2137 346 2172 217.

200 2191 212 2211 ²
237 2190 328 2224 Vide
359 2202 468 2236 supra
494 2202 526 2235 p.
547 2191 686 2226 60——62
714 2191 853 2226 67—68
883 2191 950 2225 136
979 2190 1045 2225 142
1073 2190 1153 2224 357.

198 2245 210 2264 s
238 2244 290 2278 De
317 2244 383 2278 hoc
411 2244 554 2278 decreto
580 2256 615 2278 v,
642 2256 750 2289 supra
776 2256 810 2289 p.
829 2245 902 2279 60².

198 2300 209 2318 4
236 2297 289 2332 De
316 2297 372 2331 his
400 2297 482 2331 vide
509 2309 618 2342 supra
644 2310 677 2342 p.
697 2297 753 2332 68.

199 2352 211 2371 ⁵
237 2350 375 2385 Ultima
403 2350 491 2394 (40.)
522 2362 567 2385 ex
590 2350 759 2394 „Regulis
786 2351 1053 2385 communibus“
1082 2350 1165 2384 olim
1184 2350 1283 2394 (ante
1307 2361 1338 2385 a.
1361 2349 1466 2393 1580)
1496 2349 1573 2391 hoc,
1600 2350 1744 2393 praeter
1769 2347 1850 2388 alia,

78 2404 253 2439 habebat:
285 2403 440 2446 „Omnes
467 2404 526 2448 qui
554 2404 749 2449 peculiaria
772 2404 970 2438 ministeria
997 2404 1138 2444 obeunt,
1166 2404 1312 2447 regulas
1339 2403 1395 2437 sui
1421 2402 1529 2447 officij
1557 2404 1684 2436 octauo
1711 2412 1851 2445 quoque

79 2459 135 2493 die
168 2458 352 2502 relegant“
385 2459 446 2500 (ex
483 2457 704 2501 Regularum
748 2458 985 2492 communium
1031 2457 1206 2502 exemplo,
1246 2469 1315 2501 quo
1343 2456 1508 2491 Canisius
1544 2455 1628 2489 olim
1666 2455 1850 2495 utebatur;

80 2512 164 2547 Can.
186 2512 229 2547 10
255 2512 279 2546 f.
301 2512 389 2555 76¹³).

199 2565 212 2585 ‘³
237 2565 293 2600 Ex
318 2565 524 2610 provinciae
551 2564 714 2599 domibus
749 2566 954 2608 augustana
989 2566 1025 2598 et
1051 2564 1234 2607 dilingana
1269 2563 1498 2608 pertinebant
1525 2563 1569 2596 ad
1605 2562 1851 2608 episcopatum

79 2621 333 2663 augustanum,
356 2618 652 2662 ingolstadiensis
670 2617 713 2652 ad
733 2620 1004 2662 eystettensem,
1023 2616 1248 2651 monacensis
1267 2617 1311 2650 ad
1330 2616 1594 2660 frisingensem,
1614 2616 1852 2661 oenipontana

80 2672 124 2706 ad
150 2672 406 2706 brixinensem.
441 2671 642 2706 Cardinalis
660 2673 898 2714 Augustanus
916 2669 1056 2705 concilii
1076 2671 1221 2704 decreta
1247 2670 1469 2704 sollemniter
1495 2669 1792 2714 promulgaverat
1815 2669 1850 2702 in

79 2725 216 2770 synodo
243 2726 455 2760 dioecesana
480 2725 646 2768 Dilingae
674 2736 704 2758 a.
727 2725 815 2759 1567
843 2724 967 2758 habita
996 2723 1101 2767 (Can.
1121 2723 1154 2756 V
1181 2724 1398 2765 636—637).
1441 2723 1620 2757 Martinus
1643 2735 1663 2757 a
1682 2722 1850 2757 Schaum-

79 2779 169 2822 berg
195 2779 384 2824 episeopus
411 2779 647 2824 eystettensis
673 2777 802 2812 saltem
829 2777 1089 2822 professionem
1115 2777 1198 2810 fidei
1224 2776 1457 2810 tridentinam
1483 2776 1519 2810 in
1538 2775 1776 2810 universitate
1801 2775 1850 2809 in-

80 2831 315 2875 golstadiensi
342 2832 637 2877 promulgaverat
657 2831 707 2874 (v,
727 2842 835 2876 supra
853 2843 886 2876 p.
908 2830 1028 2873 192¹);
1056 2830 1212 2864 fortasse
1238 2830 1426 2864 concilium
1449 2829 1556 2863 etiam
1581 2841 1644 2874 per
1662 2829 1849 2864 dioecesim

80 2885 335 2930 promulgavit.
377 2885 477 2919 Idem
502 2888 623 2920 autem
650 2886 686 2919 in
713 2885 867 2918 dioecesi
892 2884 1113 2926 frisingensi,
1139 2884 1199 2917 ubi
1227 2883 1423 2928 capitulum
1451 2885 1485 2917 et
1512 2883 1701 2928 episcopus
1727 2883 1851 2917 suffra-

81 2950 218 2981 ganeus
252 2950 373 2979 sacra,
410 2939 584 2973 Ernestus
611 2938 751 2972 Alberti
777 2938 819 2972 V.
848 2938 949 2972 ducis
986 2937 1083 2971 filius
1113 2937 1366 2981 „teniporalia“
1396 2937 1707 2979 administrabant,
1743 2939 1778 2970 et
1815 2937 1849 2970 in

81 2992 234 3026 dioecesi
269 2992 483 3033 brixinensi,
520 3004 628 3037 quam
664 2991 857 3026 cardinalis
890 2990 1168 3036 Christophorus
1195 2990 1399 3024 Madrutius
1437 3002 1500 3035 per
1526 2990 1701 3024 Thomam
1737 2989 1852 3035 Spaur

81 3045 323 3079 coadiutorem
349 3046 509 3088 regebat,
537 3048 619 3079 ante
647 3044 837 3080 concilium
872 3043 1093 3089 provinciale
1120 3054 1151 3077 a.
1173 3044 1263 3078 1569
1290 3043 1490 3087 Salisburgi
1526 3043 1688 3078 habitum
1715 3043 1849 3077 factum

81 3110 161 3132 esse
187 3098 351 3142 equidem
376 3099 548 3143 negarim.
