2044 3335
145 104 229 145 286
370 102 471 138 1633.
498 102 536 137 P.
557 101 692 137 Paulus
710 101 880 136 Hoffaeus
899 101 984 136 Can.
1038 101 1139 136 1634.
1167 100 1252 136 Can.
1272 101 1306 137 S.
1326 102 1516 137 Francisco
1535 103 1697 146 Borgiae.

143 218 310 261 Augusta
336 217 368 250 2.
384 216 520 261 Aprilis
541 217 630 250 1569
655 216 849 261 *scripsitz
880 216 940 258 „Gi
968 218 986 249 e
1012 217 1108 250 stato
1125 215 1234 250 molto
1254 217 1298 251 da
1316 217 1392 251 fare
1411 218 1534 252 auanti
1561 217 1626 252 che
1652 217 1683 252 si
1701 218 1904 262 aquietasse

143 269 167 303 il
194 270 323 313 Signor
349 270 464 303 Padre
484 298 490 304 .
511 269 615 313 quale
650 269 697 303 ha
722 269 832 303 molto
867 269 1086 303 scorocciato
1111 280 1224 303 meco.
1274 270 1347 304 Pur
1374 270 1408 304 al
1433 273 1600 315 presente
1634 273 1692 304 sta
1718 271 1838 315 quieto
1870 273 1907 305 et

143 322 296 367 placato.
325 350 330 356 .
352 350 357 356 .
380 351 386 357 .
426 323 463 356 Io
489 323 537 355 mi
563 334 627 356 son
653 322 803 357 risoluto
830 321 950 356 volere
978 333 1097 356 essere
1123 322 1379 363 ecclesiastico,
1406 323 1491 368 qual
1517 335 1600 358 cosa
1625 323 1735 358 molto
1762 323 1808 358 ha
1833 324 1905 369 pia-

143 376 237 410 ciuto
263 376 325 409 alli
352 375 492 418 Signori
521 375 676 417 Parenti,
703 378 721 409 e
748 375 830 409 altri
857 375 951 409 della
971 375 1073 409 Casa.
1094 403 1100 408 .
1118 402 1124 409 .
1141 403 1148 409 .
1175 375 1226 409 Mi
1252 376 1330 410 fara
1356 376 1512 411 anchora
1538 377 1674 422 grande
1700 377 1841 421 piacere
1867 388 1906 411 se

143 429 312 462 mandera
338 428 457 472 quella
483 428 584 462 Bolia
610 429 646 462 in
665 428 761 462 Cena
780 428 931 462 Domini.
976 428 1050 462 Con
1075 427 1108 462 le
1134 428 1226 463 altre
1253 430 1358 473 quale
1384 430 1556 464 mandera
1582 429 1686 463 a1.P.
1706 429 1848 464 Canisio
1874 429 1906 464 si

143 494 241 516 come
267 482 312 515 ho
339 482 421 515 dato
449 482 668 516 Comissione
696 484 718 516 a
742 482 900 516 Maestro
920 481 1047 525 Luigio
1066 480 1228 525 Olgiatto
1254 476 1370 517 eredo¹
1385 483 1451 517 che
1466 483 1508 517 V.
1527 483 1568 517 R.
1596 482 1657 526 gia
1681 482 1716 516 10
1741 494 1905 528 sappera,

142 535 291 569 insieme
326 547 391 569 con
421 535 457 568 la
483 546 589 579 sopra
614 535 742 569 scritta
768 535 874 579 quale
900 535 1005 569 debbi
1031 534 1108 569 fare
1134 537 1155 569 a
1181 535 1299 579 quello
1335 539 1439 570 conto
1458 536 1505 580 [5³]
1541 547 1604 580 per
1630 536 1805 579 Magistro
1833 535 1906 569 Cri-

143 589 287 623 stoffero
313 587 600 632 Raspergero.“¹
651 588 695 622 Se
731 600 751 622 a
787 591 889 633 patre
917 588 1115 622 Lovanium
1150 588 1300 623 missum
1333 590 1387 631 iri,
1427 589 1591 632 „acioche
1625 589 1720 623 senti
1755 588 1906 633 qualche

143 641 310 686 pochetto
346 641 380 675 di
406 641 603 684 Theologia
636 641 826 686 positiua“.
878 640 1049 675 Societati
1076 641 1157 676 Iesu
1191 653 1230 676 se
1266 654 1407 687 semper
1442 649 1760 686 quantumcunque
1785 642 1907 686 posset

144 694 269 728 auxilii
297 697 333 728 et
358 695 495 728 favoris
521 696 787 739 praestaturum
815 706 894 728 esse
925 694 986 738 (ex
1012 696 1173 738 autogr.;
1202 694 1243 729 G.
1271 695 1337 740 Ep.
1361 695 1393 728 X
1419 695 1443 729 f.
1470 695 1695 738 992-1002).
1731 695 1908 729 Pozancus

143 747 256 782 Roma
282 748 338 782 22.
358 747 444 781 Maii
466 748 556 782 1569
582 748 781 782 Lovanium
807 748 851 781 ad
871 747 1112 782 Octavianum
1137 748 1308 783 *litteras
1334 748 1442 789 misit,
1469 748 1599 792 quibus
1626 748 1657 782 ei
1683 748 1910 782 commendat

148 813 237 843 „non
271 801 403 835 lasci-ar
438 801 473 834 la
508 801 600 835 bona
636 802 892 835 consuetudine
928 802 970 835 de
998 801 1215 836 confessarsi
1250 804 1286 835 et
1311 802 1549 836 comunicarsi
1580 801 1662 845 ogni
1688 801 1720 836 8.
1747 801 1906 845 giorni“;

145 857 265 889 monet
290 866 369 888 eum
397 854 516 896 etiam,
552 857 593 888 ut
627 857 701 889 tam
736 855 873 889 modice
899 855 1013 896 vivat,
1053 855 1138 897 „che
1173 855 1300 889 auanzi
1336 855 1489 899 qualche
1525 855 1738 889 commodita
1773 855 1816 889 de
1852 854 1909 888 far

145 907 339 942 elemosina
365 908 411 941 ali
438 908 604 952 poueri“;
631 910 742 951 negat
768 911 888 942 autem
914 908 1028 942 ullum
1057 908 1183 942 Bullae
1201 908 1339 943 Coenae
1366 908 1569 952 exemplum
1589 907 1732 942 Canisio
1757 907 1908 942 missum

145 972 236 1002 esse,
275 961 426 1006 „perche
453 961 572 1005 quella
608 961 665 995 del
697 973 788 995 anno
814 964 992 1006 presente,
1028 964 1046 995 e
1072 961 1109 995 la
1134 961 1330 996 medesima
1365 962 1422 996 del
1447 963 1604 1007 passaw,
1639 972 1746 995 senza
1780 960 1908 994 alcuna

146 1013 338 1048 diuersita“
372 1014 433 1057 (ex
468 1026 590 1059 apogr.
618 1014 730 1049 eiusd.
757 1015 885 1059 temp.‘;
923 1015 1042 1049 Germ.
1070 1016 1113 1049 67
1141 1015 1165 1049 f.
1193 1014 1309 1059 258⁰).
1358 1015 1399 1049 In
1435 1026 1594 1049 mensem
1627 1014 1740 1057 igitur
1772 1013 1908 1048 Maium

147 1078 177 1101 a.
196 1068 286 1102 1569
305 1068 495 1111 Philippus
512 1069 712 1102 Edam-dics
728 1069 913 1112 Fuqyerzcs
938 1068 1028 1102 haec
1053 1068 1070 1086 *
1082 1068 1241 1103 notavit:
1273 1069 1338 1111 Ἰ12
1356 1069 1415 1103 Jst
1437 1068 1532 1102 mein
1549 1068 1702 1102 brueder
1720 1067 1910 1108 Octauian,

147 1121 264 1154 sambt
290 1121 371 1154 dem
388 1120 534 1155 bechler
551 1121 641 1154 vndt
666 1121 688 1154 2
706 1121 863 1163 (lienem,
889 1133 960 1155 von
978 1122 1174 1167 Augspurg
1197 1133 1267 1165 gen
1285 1122 1406 1156 L'ouen
1425 1121 1615 1156 verruckff
1631 1135 1638 1162 ;
1667 1133 1736 1166 quo
1762 1120 1911 1155 advenit

148 1174 203 1207 24.
231 1173 335 1214 Maii;
373 1174 534 1219 proximo
562 1176 682 1208 autem
708 1186 830 1208 mense
856 1175 1053 1209 Bechlerus
1088 1187 1178 1219 equo
1203 1177 1332 1210 vectus
1362 1177 1416 1209 est
1443 1176 1657 1218 Augustam.
1704 1175 1779 1217 „31.
1809 1173 1909 1218 [Maii

149 1227 293 1272 scripsit
318 1227 444 1272 frater]
472 1228 526 1261 Da
551 1227 708 1272 louayna
735 1255 742 1261 .
759 1256 789 1262 ..
817 1227 883 1262 che
909 1228 1005 1262 tiene
1031 1240 1173 1273 sempre
1198 1228 1233 1263 la
1259 1229 1378 1272 gratia
1403 1229 1438 1262 di
1465 1240 1563 1262 esser
1588 1228 1728 1262 intorno
1755 1228 1848 1272 preti
1874 1229 1910 1261 et

148 1280 242 1321 frati,
278 1281 355 1314 suoi
391 1280 640 1315 commensali“
681 1283 748 1315 etc.
799 1280 1023 1316 Octavianus
1048 1302 1095 1306 —
1124 1284 1164 1316 ut
1198 1281 1309 1316 semel
1343 1282 1435 1315 hanc
1471 1293 1617 1315 causam
1652 1281 1837 1315 absolvam
1863 1300 1909 1304 -

148 1333 276 1367 studiis
303 1333 514 1376 theologicis
540 1334 636 1368 haud
662 1334 814 1368 multum
842 1334 1108 1376 deleat-ebatum
1144 1335 1180 1369 id
1215 1347 1260 1369 ex
1294 1335 1467 1380 proximis
1503 1334 1579 1368 eius
1612 1334 1777 1379 epistulis
1812 1333 1911 1368 colli-

148 1387 263 1430 gitur;
292 1389 327 1420 et
344 1388 535 1431 Philippus
551 1389 751 1422 Eduardus
769 1389 955 1431 Fuyyerns
972 1397 990 1402 ”
1000 1388 1141 1422 notavit
1162 1388 1198 1422 in
1217 1400 1263 1423 m.
1282 1389 1421 1422 Iunium
1440 1400 1471 1422 a.
1490 1389 1598 1422 1569:
1623 1388 1661 1429 „7
1678 1388 1721 1421 Di
1739 1387 1911 1432 Louayna

147 1441 260 1474 frater
367 1440 432 1474 che
459 1441 509 1484 gli
536 1441 604 1475 600
630 1441 664 1475 fl.
691 1441 732 1476 R:
760 1453 866 1475 erano
892 1441 997 1486 pochi
1023 1454 1086 1486 per
1110 1442 1133 1475 l'
1149 1444 1260 1476 anno“
1276 1442 1299 1483 2,
1336 1445 1372 1475 et
1397 1453 1477 1476 cum
1503 1453 1549 1475 m.
1576 1442 1741 1484 Augusto
1767 1452 1798 1475 a.
1820 1441 1910 1475 1569

149 1493 326 1537 Georgius
360 1494 519 1539 ipsorum
554 1497 657 1539 pater
691 1497 854 1529 mortuus
891 1498 998 1537 esset,
1032 1496 1069 1529 in
1104 1507 1149 1530 m.
1177 1495 1422 1540 Septembrem
1460 1495 1569 1529 1569:
1613 1495 1679 1537 „14
1713 1494 1838 1528 Frater
1875 1494 1910 1528 di

150 1546 321 1591 Louayna
427 1547 491 1582 che
518 1547 569 1581 lui
594 1560 664 1581 non
691 1548 855 1582 desidera
873 1560 973 1582 esser
991 1548 1247 1590 ecclesiastico,
1274 1551 1309 1583 et
1335 1548 1453 1593 quello
1480 1548 1546 1582 che
1571 1548 1648 1582 fece
1674 1548 1713 1582 fu
1738 1559 1802 1592 per
1820 1559 1911 1582 com-

148 1600 268 1645 piacer
294 1600 329 1634 al
356 1601 478 1644 signor
503 1601 633 1646 padre‘
667 1601 727 1644 (ex
754 1603 914 1646 autogr.;
943 1601 1027 1636 Cod.
1052 1602 1193 1637 vindob.
1214 1603 1304 1637 7447
1331 1602 1356 1637 f.
1375 1603 1422 1635 44
1445 1601 1538 1645 471³).

148 1710 301 1747 1633.
408 1711 469 1747 P.
497 1710 765 1748 PAULUS
792 1710 1159 1748 HOFFAEUS
1197 1712 1250 1748 S.
1278 1711 1332 1748 J.
1361 1712 1573 1747 Germaniae
1599 1711 1793 1757 superioris
1819 1711 1912 1746 vice-

337 1765 569 1810 provincialis
596 1765 798 1800 CANISIO.
1073 1766 1272 1811 Oeniponte
1298 1766 1364 1800 sub
1391 1766 1528 1800 exitum
1555 1777 1600 1800 m.
1619 1765 1740 1799 Martii
1762 1765 1863 1800 1569.

270 1832 316 1874 Ρ.
350 1832 514 1874 Paulus
546 1832 754 1886 Hoffcceus
795 1834 1167 1887 vieeprovineialis,
1210 1847 1237 1874 α
1272 1833 1444 1874 Caluisio
1471 1833 1712 1887 praeposito
1741 1833 1910 1887 provin-

150 1898 249 1939 ciali
282 1898 332 1938 (le
366 1897 691 1951 difficultatibus
716 1913 764 1939 ex
786 1898 933 1940 Indice
955 1898 1160 1940 librorum
1188 1899 1496 1953 prohibitoriam
1529 1900 1632 1938 ortis
1663 1898 1912 1939 sententiam

149 1968 331 2016 roqcllzcs,
378 1963 615 2017 Oeniponle,
658 1964 730 2004 ubi
772 1964 830 2004 acl
870 1968 1030 2018 tempus
1071 1968 1266 2005 rectorem
1309 1964 1467 2017 eolleyii
1500 1963 1647 2017 ayebal
1687 1964 1743 2013 (v.
1777 1976 1912 2016 supra

147 2042 187 2082 p.
213 2029 333 2081 252),
373 2029 546 2080 litteras,
590 2029 741 2082 quibus
773 2029 821 2070 P.
846 2029 1088 2082 Alplionsus
1119 2029 1307 2070 Pisanus
1346 2029 1571 2081 tlzeoloyiae
1607 2027 1826 2082 professor
1868 2028 1912 2068 in

152 2094 419 2134 universitate
453 2094 678 2147 clllz‘nyana
712 2096 779 2136 13.
805 2095 1096 2148 Martis'1569
1131 2095 1183 2135 de
1208 2095 1356 2135 iisdem
1393 2093 1715 2147 difficultatibus
1739 2092 1910 2134 Canisio

146 2159 391 2199 sententiam
434 2159 726 2212 explicaverat,
770 2159 900 2200 eidem
947 2159 1120 2200 Canisio
1157 2160 1394 2213 Auyustam
1435 2159 1596 2200 remisit
1639 2159 1770 2212 iisque
1809 2158 1910 2199 haec

146 2224 366 2277 ascripsit:
398 2222 550 2264 Placet
571 2223 611 2264 H
616 2224 753 2265 offaeo
776 2223 883 2265 haec
917 2223 1135 2265 sententia
1168 2224 1218 2266 D.
1242 2222 1402 2265 Pisani.
1447 2223 1601 2265 Pisani
1623 2224 1794 2264 litteras
1815 2222 1910 2263 viole

145 2302 278 2342 supra
308 2303 349 2343 p.
372 2290 623 2331 271—274.

145 2400 296 2437 1634.
396 2402 612 2437 CANISIUS
641 2401 907 2438 SANCTO
939 2401 1329 2439 FRANGISGO
1358 2401 1674 2438 BORGIAE
1705 2402 1908 2447 praeposito

333 2456 493 2498 generali
521 2455 713 2490 Societatis
738 2456 833 2491 Iesu.
1061 2458 1230 2500 Augusta
1247 2456 1517 2491 Vindelicorum
1543 2457 1576 2490 2.
1595 2455 1729 2500 Aprilis
1758 2455 1860 2490 1569.

263 2519 318 2553 Ex
344 2520 568 2564 autographa
588 2519 651 2563 (A)
673 2520 828 2565 epistula
857 2521 928 2564 (2⁰;
957 2520 1024 2564 2¹l4
1044 2532 1121 2565 pp.;
1149 2521 1185 2555 in
1203 2533 1236 2566 p.
1255 2522 1278 2555 4
1304 2521 1409 2555 inscr.
1437 2523 1472 2555 et
1496 2520 1668 2564 reliquiae
1691 2519 1788 2564 sig),
1817 2530 1909 2563 quae

146 2574 201 2605 est
227 2571 261 2605 in
289 2572 407 2606 Germ.
439 2574 503 2608 183
530 2586 562 2608 n.
591 2574 659 2608 233
689 2573 729 2615 (f.
758 2574 801 2609 78
829 2574 902 2617 79).
950 2574 1131 2608 Monachii
1165 2575 1201 2608 in
1226 2574 1444 2609 bibliotheca
1468 2574 1568 2617 regia
1597 2573 1698 2617 (cod.
1724 2573 1787 2607 lat.
1818 2573 1906 2608 1606

146 2624 169 2657 f.
200 2624 281 2667 107)
310 2628 431 2659 exstat
457 2628 649 2661 earundem
676 2627 880 2662 litterarum
907 2627 1154 2672 apographum
1180 2627 1324 2662 saeculo
1351 2627 1464 2661 XVII.
1491 2626 1550 2661 vel
1575 2626 1706 2660 XVIII.
1732 2627 1906 2671 scriptum

149 2677 231 2719 (B):
260 2678 361 2712 cuius
386 2679 558 2714 lectiones
577 2680 763 2715 variantes
788 2680 847 2715 hic
872 2692 975 2725 pono,
1001 2692 1071 2714 non
1090 2681 1183 2725 quod
1210 2681 1254 2715 ad
1280 2681 1359 2726 ipsa
1378 2680 1513 2715 Canisii
1532 2680 1642 2714 verba
1660 2679 1908 2723 cognoscenda

146 2730 339 2773 quidquam
358 2733 553 2774 conferant,
579 2734 640 2767 sed
660 2736 699 2768 ut
718 2734 882 2779 exemplo
909 2734 1029 2778 aliquo
1056 2734 1299 2777 intellegatur,
1327 2745 1397 2778 qua
1419 2734 1489 2767 fide
1509 2733 1684 2778 epistulae
1703 2733 1905 2767 canisianae

148 2782 182 2815 in
209 2783 366 2816 codicem
392 2784 491 2818 illum
511 2797 761 2821 monacensem
788 2787 1029 2832 transcriptae
1055 2787 1139 2821 sint.
1178 2787 1365 2832 Epistulae
1391 2786 1600 2831 particulas,
1628 2798 1673 2820 ex
1699 2785 1905 2831 apographo

146 2836 349 2868 monacensi
375 2839 578 2879 germanice
606 2851 741 2880 versas,
768 2840 888 2884 posuit
915 2842 1017 2874 Riess
1041 2840 1064 2875 1.
1092 2852 1122 2874 0.
1149 2840 1349 2875 385-386.
1396 2839 1529 2873 Eadem
1555 2840 1610 2873 usi
1637 2841 1739 2873 sunt:
1766 2839 1906 2882 Michel,

147 2887 231 2921 Can.
259 2888 360 2925 343¹:
390 2890 600 2925 Steinhzcber
625 2892 648 2925 l.
675 2904 704 2926 c.
731 2893 769 2925 12
795 2894 840 2928 49
868 2894 931 2932 9ος
961 2894 1078 2935 Duhr,
1106 2893 1179 2927 Jes.
1207 2893 1222 2926 I
1250 2893 1328 2927 732.

271 2982 278 3001 ¹
306 2981 356 3014 De
382 2981 448 3016 hoc
476 2994 507 3016 v.
531 2984 616 3018 Can.
644 2985 694 3018 III
720 2985 782 3018 484
809 2986 888 3020 203.

268 3034 280 3053 ‘²
307 3034 483 3077 Georgius
517 3036 661 3080 Fugger
697 3038 766 3072 600
800 3038 954 3073 florenos
989 3039 1184 3074 rhenenses
1218 3038 1254 3072 in
1288 3038 1450 3082 singulos
1485 3050 1596 3073 annos
1631 3038 1663 3073 ei
1697 3039 1904 3082 assignasse

148 3086 302 3120 videtur.
