2044 3335
135 112 220 152 420
383 109 482 142 1724.
511 107 595 142 Can.
623 107 656 141 S.
675 106 866 140 Francisco
893 105 1057 148 Borgiae.
1100 104 1245 148 Dilinga
1271 104 1303 139 8.
1322 104 1528 138 Decembris
1556 104 1657 138 1570.

133 230 178 270 et
209 225 445 281 permultos
483 222 538 265 ad
569 222 649 263 hoc
682 221 888 263 accedere
919 220 1201 270 institutum,
1222 234 1307 261 non
1340 220 1417 261 abs
1450 232 1496 260 re
1528 218 1662 260 fuerit
1693 218 1894 269 fortasse,

134 286 454 342 Vicariumaffl
498 287 683 339 aliquem
726 285 982 340 praesertim
1017 285 1062 327 P.
1087 285 1356 327 Euerardum
1390 282 1620 338 quemb[?]
1667 286 1895 337 exspecta-

132 356 252 398 musb
272 352 332 409 ΙῬ]
374 354 456 394 huc
498 351 708 394 destinari
749 365 774 393 a
796 351 843 393 P.
867 350 915 392 Τ.
947 352 995 391 ut
1027 363 1077 391 eo
1110 349 1250 402 magis
1281 350 1485 391 iuuentur
1516 348 1808 390 Prouinciales
1841 348 1896 390 ad

133 435 211 463 sua
229 418 421 472 Collegia
442 417 603 460 rectius
625 419 669 458 et
692 431 786 458 cuni
811 415 973 457 maiore
990 414 1151 456 lumine
1168 415 1380 467 simulque
1399 413 1553 467 spiritu
1571 413 1854 466 gubernanda
1868 415 1894 455 1.

132 486 295 527 Verum
319 485 370 525 de
393 484 472 525 hoo
495 482 646 532 obiter,
681 485 725 523 et
747 481 799 522 ob
823 493 1089 522 communem
1113 479 1355 533 profectum
1381 479 1533 520 harum
1556 478 1894 527 Prouinciarum,

131 564 242 604 quae
274 548 381 592 satis
413 546 552 589 iuuari
584 561 667 588 non
699 548 894 600 possunt,
928 544 972 586 in
994 544 1065 586 uia
1087 544 1231 586 Diuini
1264 543 1444 597 seruitii,
1479 546 1523 585 et
1555 545 1686 596 egent
1717 542 1897 584 subinde

131 615 277 668 aliqua
317 612 612 656 renouatione.
677 611 807 653 Breui
848 610 1081 664 prodibunt
1120 609 1302 652 Jndicae
1346 609 1500 651 literae
1545 607 1776 661 diligenter
1820 621 1896 650 ex—

132 681 301 723 cusae2.
365 678 590 721 Mittemus
630 677 727 718 illas
768 676 812 717 in
844 675 1019 725 Vrbem,
1062 675 1174 717 sicut
1215 678 1259 716 et
1291 673 1571 727 Exemplaria
1611 673 1747 715 nostri
1784 673 1895 723 libri,

132 759 228 787 cum
260 744 344 787 erit
375 746 676 798 opportunum,
711 741 822 783 sicut
854 741 1020 782 monuit
1052 740 1098 782 P.
1133 740 1195 790 T.,
1235 739 1354 781 cuius
1386 738 1585 793 precibus
1617 738 1740 780 unice
1773 739 1896 792 cupio

132 824 301 864 semper
324 809 507 851 Domino
531 807 836 857 commendari,
870 805 947 859 qui,
964 805 1135 847 felicem
1169 819 1327 846 annum
1360 804 1527 846 tribuat
1557 803 1640 846 toti
1673 803 1895 853 Societati,

133 876 309 929 eiusque
342 873 656 928 Superioribus.
720 872 921 925 Dilingae
955 871 1123 913 Octauo
1156 868 1437 912 Decembrisc
1473 870 1598 911 1570.

758 954 804 997 Ρ.
839 954 887 997 Τ.
921 953 1123 1007 indignus
1155 953 1268 995 filius

1376 1017 1532 1060 Petrus
1566 1015 1774 1059 CanisiuS.

250 1087 493 1129 Admodum
526 1085 781 1127 Reuerendo
813 1084 857 1126 in
879 1083 1048 1126 Christo
1072 1083 1192 1126 Patri
1215 1083 1262 1127 P.
1278 1082 1507 1125 Francisco
1531 1081 1717 1135 Borgiae
1741 1081 1894 1134 Praep:

133 1154 237 1195 Gen:
272 1151 393 1194 Patri
426 1165 502 1193 suo
535 1149 858 1192 Colendissimo.
981 1149 1158 1191 Romae.

249 1234 288 1267 In
324 1232 498 1278 epistulae
534 1231 762 1276 apograph0‚
802 1242 870 1274 quo
906 1241 993 1264 usus
1029 1241 1109 1264 sum
1144 1229 1314 1275 (epistula
1340 1229 1419 1274 ipsa
1445 1229 1610 1263 uoniam
1638 1227 1786 1270 exstat),
1819 1227 1894 1261 dies

131 1289 162 1322 8.
192 1286 450 1332 „Septembris“
492 1285 522 1318 ei
557 1285 738 1329 ascriptus
773 1286 846 1323 est;
883 1283 1110 1318 scribendum
1146 1285 1264 1317 aut-em
1302 1282 1413 1316 fuisse
1444 1281 1706 1324 „Decembris“‚
1742 1291 1820 1314 cum
1849 1291 1894 1313 ex

130 1341 208 1386 ipsa
234 1339 400 1385 epistula,
435 1341 511 1373 tum
537 1338 694 1372 maxime
721 1349 767 1371 ex
791 1337 924 1371 litteris
953 1337 1005 1370 19.
1027 1336 1183 1370 Ianuarii
1211 1337 1298 1370 1571
1328 1335 1421 1370 datis
1447 1334 1680 1378 intellegitur,
1715 1345 1779 1378 per
1804 1344 1894 1377 quas

131 1393 282 1437 Borgias
300 1393 344 1427 ad
362 1392 454 1426 hanc
473 1391 665 1436 epistulam
690 1390 899 1435 respondet;
927 1401 1009 1423 nam
1036 1389 1067 1423 is
1093 1389 1198 1434 plane
1225 1389 1393 1429 affirmat,
1422 1400 1500 1422 eam
1526 1388 1558 1422 8.
1578 1386 1784 1421 Decembris
1804 1386 1894 1421 1570

134 1448 255 1481 datam
282 1458 371 1480 esse.

249 1499 366 1534 Editio
396 1498 618 1541 „Indicarum
644 1497 867 1538 literarum&
903 1507 1009 1540 quam
1037 1496 1204 1539 Dilingae
1238 1495 1339 1530 brevi
1373 1495 1593 1540 prodituram
1630 1505 1709 1528 esse
1741 1493 1894 1537 indeque

130 1554 278 1587 Romam
314 1553 463 1586 missum
502 1551 543 1585 iri
572 1550 736 1584 Canisius
769 1550 905 1591 scribit,
945 1549 1052 1593 digna
1087 1552 1184 1583 certe
1219 1551 1283 1590 est,
1324 1560 1415 1592 quae
1449 1547 1516 1582 hoc
1551 1547 1627 1581 loco
1662 1546 1895 1590 singulariter

130 1608 439 1641 commemoretur.
478 1604 620 1638 Canisio
648 1604 740 1637 enim
767 1603 874 1637 valde
901 1603 996 1637 cordi
1023 1603 1152 1643 fuerat,
1179 1604 1219 1636 ut
1244 1602 1334 1636 haec
1357 1602 1465 1635 editio
1484 1603 1690 1646 pararetur;
1717 1600 1761 1634 ad
1788 1611 1893 1644 quam

132 1662 168 1694 et
202 1660 279 1704 ipse
314 1661 349 1693 et
385 1659 424 1692 P.
451 1657 593 1692 Natalis
628 1656 780 1691 multum
807 1668 914 1690 curae
941 1656 1185 1695 contulerant;
1223 1668 1256 1690 v.
1288 1656 1374 1689 Can.
1401 1654 1433 1688 V
1459 1655 1505 1689 44
1531 1655 1599 1688 266
1625 1653 1823 1694 807—811‚
1860 1655 1895 1686 et

131 1724 239 1758 supra
275 1724 308 1757 p.
337 1712 416 1746 337.
472 1710 577 1744 Liber
612 1710 663 1744 ita
699 1712 754 1744 est
788 1709 1002 1754 inscriptus:
1049 1709 1236 1750 „RERVM
1268 1709 1271 1751 Ι
1304 1709 1333 1742 Α
1370 1707 1632 1743 SOCIETATE
1664 1706 1668 1747 Ι
1699 1705 1807 1740 IESV
1846 1705 1893 1740 IN

132 1765 340 1800 ORIENTE
368 1764 445 1799 GE·
469 1765 472 1807 Ι
497 1763 691 1797 STARVM
718 1763 781 1797 AD
809 1762 983 1797 ANNVM
1011 1762 1166 1803 VSQVF.
1190 1762 1194 1806 Ι
1217 1764 1237 1796 a
1264 1762 1419 1806 Deipara
1437 1760 1586 1803 Virgine
1612 1760 1660 1794 M.
1676 1759 1718 1794 D.
1733 1759 1894 1797 LXVIII,

132 1831 307 1853 commen·
332 1819 335 1860 Ι
358 1818 472 1851 tarius
507 1816 714 1850 Emanuelis
740 1817 884 1850 Acostae
911 1815 1084 1855 Lusitani,
1117 1815 1121 1855 Ι
1155 1815 1372 1858 recognitus,
1409 1814 1437 1848 ἃ
1474 1813 1653 1848 latinitate
1677 1812 1681 1852 Ι
1704 1812 1867 1846 donatus.
1890 1813 1891 1840 l

132 1872 426 1906 ACCESSERE
458 1871 530 1905 DE
558 1872 561 1911 Ι
593 1870 853 1904 IAPONICIS
885 1870 1045 1903 REBVS
1077 1870 1275 1903 EPISTO-
1296 1869 1300 1911 Ι
1323 1869 1443 1902 larum
1479 1868 1566 1901 libri
1600 1867 1691 1910 IIII,
1727 1868 1805 1899 item
1844 1878 1894 1899 re-

133 1928 282 1970 cogniti,
320 1927 352 1958 cf·
391 1927 428 1958 in
461 1924 466 1966 Ι
496 1925 649 1957 latinum
689 1935 731 1956 ex
769 1924 968 1966 Hispanico
1005 1934 1136 1956 sermo·
1159 1924 1163 1964 Ι
1187 1934 1230 1955 ne
1267 1923 1440 1955 conuersi.
1475 1920 1479 1962 Ι
1514 1919 1724 1954 DILINGAE
1756 1919 1759 1963 Ι
1791 1919 1894 1964 Apud

134 1978 324 2013 Sebaldum
352 1977 489 2022 Mayer.
522 1976 526 2020 Ι
557 1977 661 2010 Anno
686 1976 735 2010 M.
750 1976 793 2010 D.
808 1975 934 2009 LXXI.
966 1974 970 2020 Ι
1004 1975 1092 2009 Cum
1126 1974 1314 2020 priuilegio
1341 1974 1505 2009 Caesareo
1540 1974 1569 2007 ἃ
1605 1973 1713 2017 Supe-
1737 1975 1741 2016 Ι
1764 1973 1897 2007 riorum

134 2031 341 2066 facultate.“
398 2031 475 2070 160;
510 2030 544 2063 ff.
572 2029 663 2072 sign.
692 2028 771 2070 2:28,
807 2032 843 2062 et
868 2031 1056 2073 praeterea
1081 2028 1118 2062 ff.
1144 2040 1213 2062 non
1240 2028 1332 2071 sign.
1358 2027 1394 2061 in
1421 2027 1522 2060 initio
1548 2027 1569 2060 8
1598 2026 1734 2068 (addito
1761 2025 1833 2069 tit.)
1862 2029 1897 2060 et

134 2086 167 2119 in
195 2084 265 2118 fine
282 2085 315 2118 4.
359 2083 496 2117 Folium
523 2082 669 2116 titulare
695 2084 896 2126 sequuntur
921 2081 1064 2116 litterae
1084 2081 1333 2122 dedicatoriae,
1365 2081 1478 2114 Roma
1500 2080 1552 2114 17.
1571 2079 1786 2114 Novembris
1806 2080 1896 2114 1570

135 2151 154 2173 a
182 2140 316 2172 Ioanne
342 2138 445 2170 Petro
473 2136 619 2178 Maffeio
646 2134 680 2168 S.
700 2135 745 2175 J„
771 2135 849 2169 viro
876 2137 911 2169 et
936 2135 1048 2168 latine
1076 2137 1111 2168 et
1137 2134 1257 2168 italice
1283 2134 1460 2168 scribendi
1488 2132 1715 2178 peritissimo,
1752 2133 1795 2167 ad
1822 2144 1896 2167 car-

136 2191 289 2226 dinalem
317 2190 485 2224 Ottonem
513 2188 712 2222 Truchsess
751 2188 876 2229 datae3
915 2187 950 2221 in
989 2188 1058 2222 fine
1094 2187 1176 2221 libri
1218 2187 1350 2230 ⁷,Index
1386 2187 1544 2221 locorum
1578 2186 1719 2220 Indiae¹²
1759 2189 1826 2220 etc.
1862 2188 1898 2219 et

140 2246 272 2287 „Index
307 2255 439 2284 eorum,
476 2254 495 2276 a
531 2241 661 2286 quibus
688 2242 870 2287 Epistolae
896 2242 1028 2276 missae
1059 2242 1178 2282 sunt“‚
1214 2241 1471 2286 alphabeticus.
1522 2240 1578 2274 Ex
1603 2239 1733 2274 litteris
1760 2240 1896 2274 dedica-

136 2299 236 2333 toriis
254 2296 485 2340 intellegitur,
510 2298 546 2330 et
564 2295 866 2329 Commentariun]
886 2294 1130 2329 Emmanuelis
1148 2295 1190 2328 de
1210 2294 1316 2328 Costa
1336 2294 1372 2337 (a
1392 2294 1511 2334 Costa,
1530 2293 1563 2328 S.
1580 2293 1624 2335 J„
1646 2293 1895 2333 1543—1604;

136 2365 170 2387 v.
200 2351 464 2393 Sommervoyel,
503 2348 652 2383 Bibl.11
691 2348 943 2388 1504—1505;
979 2348 1027 2382 IX
1068 2348 1163 2391 127),
1201 2350 1237 2381 et
1263 2347 1444 2392 Epistolas
1477 2346 1665 2392 Iaponicas
1699 2358 1719 2380 a
1755 2346 1898 2380 Maffeio

136 2406 247 2440 latine
283 2414 408 2438 versas
446 2414 544 2441 esse;
585 2406 694 2445 atque
729 2401 796 2436 hae
834 2401 1100 2445 (1548—1564)
1139 2401 1282 2445 quidem
1317 2400 1422 2444 longe
1457 2401 1625 2434 maiorem
1652 2399 1732 2433 libri
1759 2402 1895 2444 partem

137 2459 360 2494 constituunt
387 2456 427 2499 (f.
455 2454 668 2497 ὅθι-*2285)
706 2458 742 2489 et
766 2467 787 2490 a
813 2455 966 2496 Maffeio,
1001 2458 1041 2488 ut
1077 2455 1153 2500 ipse
1179 2454 1326 2494 fatetur,
1361 2454 1483 2498 aliqua
1519 2465 1563 2487 ex
1598 2455 1700 2497 parte
1730 2453 1897 2495 „circum-

137 2513 233 2547 cisae
271 2510 562 2553 castigataeque¹⁴
605 2510 707 2549 sunt;
746 2510 781 2542 in
817 2508 946 2552 quibus
983 2510 1068 2542 sunt
1105 2508 1126 2541 2
1165 2507 1341 2552 epistulae
1376 2506 1498 2541 Sancti
1537 2506 1717 2540 Francisci
1753 2505 1898 2540 Xaverii

141 2567 179 2607 (f.
207 2562 410 2605 592—73b).
453 2561 551 2596 Libri
577 2562 781 2607 exemplum
809 2564 930 2596 exstat
955 2561 1135 2595 Monachii
1162 2561 1198 2594 in
1224 2559 1439 2595 bibliotheca
1464 2559 1574 2602 regia.

256 2636 282 2659 a]
304 2635 350 2659 Sic
370 2642 436 2666 ap.,·
454 2634 504 2659 sed
524 2634 674 2665 leuandum
695 2640 755 2657 esse
771 2635 862 2663 puto:
881 2631 1098 2661 Visitatoren1;
1118 2631 1299 2656 visitatorem
1319 2634 1394 2655 certe
1408 2630 1486 2654 mitti
1500 2630 1633 2661 cupiebat
1649 2630 1737 2661 Ca›z.;
1756 2630 1792 2660 cf.
1804 2637 1896 2660 supra

134 2684 165 2707 11-
186 2677 237 2699 156
258 2677 317 2699 153.
444 2674 474 2706 b)
496 2673 681 2699 Euerardum
702 2672 944 2698 Mercurianum?
980 2671 1167 2697 Euerardum
1187 2678 1276 2704 quem
1296 2670 1569 2704 exspectabamus?
1606 2672 1649 2701 Cf.
1670 2671 1764 2701 infra,
1784 2671 1852 2695 adn.
1874 2673 1897 2695 1.

139 2717 164 2747 c)
187 2715 373 2748 Septembris
392 2724 460 2747 ap.,·
479 2716 543 2740 vide
564 2723 636 2747 quae
655 2715 707 2740 sub
727 2715 810 2746 ipsas
827 2715 881 2739 has
901 2714 1016 2738 litteras
1035 2716 1184 2738 notantur.

262 2829 271 2848 ¹
298 2827 336 2862 P.
364 2828 568 2862 Everardus
594 2827 854 2867 Mercurianus,
880 2825 1033 2869 Borgiae
1064 2826 1279 2868 „assistens“
1309 2836 1370 2869 pro
1398 2823 1591 2858 Germania
1618 2826 1654 2858 et
1680 2823 1807 2864 Gallia,
1838 2823 1898 2867 qui

141 2883 223 2914 ante
250 2881 473 2924 praepositus
500 2880 731 2925 provincialis
758 2879 972 2914 Germaniae
998 2878 1178 2912 inferioris
1203 2878 1331 2919 fuerat,
1363 2877 1533 2911 mandatu
1559 2877 1712 2920 Borgiae
1737 2888 1757 2911 a
1784 2877 1899 2911 medio

141 2934 216 2967 fere
243 2945 273 2967 a.
304 2934 392 2967 1569
431 2945 543 2976 usque
579 2933 621 2966 ad
648 2933 831 2966 ineuntem
858 2932 917 2966 vel
942 2931 1098 2966 medium
1125 2943 1156 2965 a.
1187 2932 1273 2965 1571
1304 2930 1493 2966 Societatis
1520 2930 1722 2975 provincias
1749 2929 1899 2972 gallicas

141 2986 315 3020 visitabat
352 2986 413 3027 (H.
442 2987 657 3028 Fouqueray
692 2985 726 3020 S.
755 2986 799 3027 J„
835 2985 992 3019 Histoire
1027 2985 1070 3018 de
1105 2984 1139 3018 la
1166 2983 1385 3029 Compagnie
1420 2983 1463 3017 de
1491 2984 1598 3017 Jesus
1633 2995 1676 3017 en
1712 2982 1846 3017 France
1872 2982 1899 3023 I,

141 3039 244 3073 Paris
274 3038 373 3078 1910,
401 3038 618 3080 485—490).

259 3091 272 3111 2
298 3090 388 3124 Vide
415 3101 505 3134 quae
532 3091 597 3124 sub
624 3090 721 3134 ipsas
748 3090 813 3124 has
839 3091 979 3124 litteras
1007 3091 1180 3124 dicentur.
