2044 3335
478 97 572 131 Mon.
603 96 692 131 1065
719 96 797 130 sive
824 107 899 130 var.
922 95 988 138 (1).
1033 94 1134 129 Circa
1163 106 1193 129 a.
1216 92 1524 136 1563—1570(‘.>).
1797 93 1879 133 715

116 222 237 245 eorum
264 222 356 255 quae
391 211 427 245 in
453 211 719 255 Augustiniana
754 212 899 245 fuerunt
934 211 1110 255 promissa
1127 210 1145 251 ¹,
1173 211 1208 243 et
1243 209 1495 254 disputationis
1531 208 1573 242 de
1600 206 1699 241 Petri
1734 206 1882 250 eiusque

114 264 334 299 successoris
360 264 515 309 primatu
535 264 622 298 :sed
650 264 754 298 video
780 263 949 298 feriatum
976 263 1154 297 hominem
1181 262 1224 296 ad
1250 262 1340 296 haec
1372 261 1516 306 requiri,
1552 260 1639 294 mihi
1666 265 1776 294 vero³
1803 261 1885 304 post

115 317 314 352 ordinarias
340 318 593 362 occupationes
620 329 685 351 nec
711 320 853 362 tempus
879 328 945 351 nec
971 317 1067 350 vires
1093 316 1317 360 suppetere.“

235 374 288 410 Ad
324 374 517 411 litteraria
545 374 678 411 canisii
706 375 938 410 monumenta
964 373 1155 420 pertinent
1182 372 1294 409 etiam
1320 372 1445 418 aliqua
1470 371 1615 408 ratione
1641 380 1797 407 monum.
1825 369 1883 406 913

116 427 182 464 936
209 428 396 464 949-953
423 428 490 464 968
518 428 705 464 988-990
731 427 814 464 1067
840 427 924 463 1068
950 426 1176 463 1081-1084.

982 534 1012 576 L

475 613 930 656 MONUMENTA
969 611 1196 655 VARIA
1231 610 1527 653 CANISII.

116 686 251 723 1065
280 688 358 722 sive
384 697 499 722 var.
521 687 613 733 (l).
689 686 793 723 Circa
819 697 851 722 a.
872 684 1157 729 1563—1570(?).

235 747 290 781 Ex
317 746 399 781 Cod.
431 747 536 788 „Can.
559 748 620 782 10“
653 746 743 789 (Sor.
763 747 806 781 X.
825 747 872 790 K)
902 759 935 791 p.
954 747 1110 785 42—44;
1138 747 1256 779 onmia
1283 747 1406 779 eadem
1432 757 1540 779 11131111
1569 745 1722 788 (ignota)
1752 744 1886 789 scripta

114 803 208 841 sunt,
244 811 357 844 usque
383 800 426 834 ad
458 800 709 845 „praecipuum
736 800 812 834 fere
838 800 1069 839 remedium“;
1107 798 1245 843 reliqua
1281 798 1324 832 ab
1351 799 1427 843 ipso
1455 798 1597 833 Canisio
1624 800 1709 832 sunt
1739 799 1887 843 scripta.

238 860 405 892 Canisins
428 861 497 893 sibi
523 865 705 903 comparat
732 861 930 894 indiculum
957 860 1191 892 remediorum
1229 859 1372 892 obsessis
1406 862 1436 891 et
1471 870 1591 892 eornm
1626 859 1802 891 similibus
1826 870 1886 901 ap-

109 913 376 956 plicmzclormn.

234 973 285 1014 In
318 974 452 1015 libello
485 975 681 1028 quodam,
716 975 762 1015 ‘in
795 988 913 1028 quem
952 974 1153 1015 Caluisius
1185 974 1323 1026 ‹carr-ia,
1357 987 1464 1027 quae
1496 973 1578 1014 sibi
1610 973 1754 1014 aliisve
1789 974 1887 1014 usui

114 1052 201 1080 esse
225 1044 409 1092 possent,
445 1040 505 1080 vel
537 1040 625 1094 ipse
657 1039 878 1092 referebat,
912 1041 973 1081 vel
999 1053 1080 1094 per
1112 1040 1218 1080 alios
1250 1038 1478 1091 referenda
1511 1038 1702 1090 curabat,
1735 1039 1887 1093 leyilm·

118 1102 451 1155 „remediorum“
482 1104 721 1146 hominibus
754 1105 929 1146 obsessis
962 1119 1183 1159 eorumque
1215 1103 1425 1145 similibus
1457 1104 1886 1145 commendam(lorum

114 1169 174 1209 vel
215 1169 571 1223 applicandorum
613 1170 841 1221 indiculus,
887 1184 936 1211 ex
973 1175 1096 1225 parte
1138 1169 1190 1210 ab
1232 1170 1322 1224 ipso
1358 1169 1530 1210 Canisio
1573 1170 1754 1223 scriptus
1764 1185 1780 1221 ;
1819 1171 1886 1210 cui

114 1248 254 1275 annus
296 1235 463 1289 quidem
503 1236 713 1289 ascriptus
748 1249 830 1276 non
865 1241 950 1287 es&
991 1249 1081 1276 cum
1123 1240 1262 1276 tamen
1304 1236 1414 1275 inter
1446 1248 1485 1275 α.
1522 1236 1636 1276 1563
1668 1233 1743 1287 (cf.
1781 1234 1884 1276 Can.

113 1299 188 1340 III
226 1300 333 1347 801)
377 1305 413 1341 el
455 1301 570 1342 1570
602 1301 820 1354 Auqustae
853 1301 1085 1354 complures
1118 1299 1272 1341 obsessi
1303 1301 1364 1341 vel
1397 1301 1520 1341 aliter
1553 1314 1577 1340 α
1613 1300 1886 1341 daemonibus

113 1366 251 1406 vexate·
283 1365 500 1406 Sociorum
535 1380 662 1406 curae
700 1367 909 1406 commissi
949 1366 1047 1418 sint,
1091 1370 1126 1406 el
1168 1380 1259 1406 Cum
1303 1366 1439 1419 vipsum
1476 1365 1696 1406 Canisium
1729 1365 1883 1406 ibidem

114 1443 153 1472 a.
188 1431 477 1472 1569—15‘70
514 1432 679 1484 puellae
713 1431 938 1471 czcizcsdam
971 1432 1159 1472 obsessae
1193 1445 1339 1472 ozerum
1372 1445 1515 1485 {serere
1549 1444 1707 1472 necesse
1736 1430 1883 1483 fuerit,

112 1496 223 1536 inter
256 1510 295 1536 α.
331 1497 446 1536 1563
489 1501 524 1537 et
567 1497 683 1537 1570
723 1496 825 1537 leaeo
857 1497 1015 1551 scripta
1049 1511 1135 1537 esse
1172 1497 1396 1537 verisimile
1430 1501 1500 1538 est.
1565 1496 1713 1537 Uli-mn
1747 1500 1883 1537 alitem

115 1561 330 1602 indiculus
362 1561 429 1602 hic
461 1575 486 1602 a
522 1562 694 1603 Canisio
727 1563 976 1615 compositus
1009 1576 1062 1602 cm
1100 1576 1149 1603 ex
1179 1562 1319 1616 aliquo
1352 1562 1459 1602 libro
1491 1561 1551 1602 vel
1584 1563 1737 1616 scripto
1767 1566 1884 1602 tran-

115 1627 296 1680 scriptus
328 1627 393 1679 sit,
435 1628 511 1669 alii
543 1627 741 1668 viderint.

232 1690 441 1733 Remedia
499 1705 712 1746 personae
765 1691 968 1733 obsessae
1022 1691 1376 1735 commendanda.
1461 1691 1660 1741 Quotidie
1713 1705 1884 1733 sacrum

113 1755 275 1799 audiat.
325 1757 451 1810 Aqua
483 1757 712 1799 benedicta
735 1771 781 1798 se
811 1759 1031 1810 aspergat,
1067 1757 1423 1810 quotiescumque
1456 1757 1710 1798 daemonem
1734 1756 1884 1799 cernit.

115 1820 292 1873 Signum
317 1822 456 1863 crucis
479 1823 607 1864 valde
630 1836 761 1876 saepe
794 1821 940 1864 faciat.
989 1821 1163 1875 Agnum
1187 1822 1299 1864 Dei2
1322 1822 1374 1863 de
1397 1822 1506 1863 collo
1539 1824 1697 1876 portet.
1748 1822 1887 1876 Saepe

115 1885 252 1928 dicat:
289 1886 437 1929 Vade
479 1888 893 1941 Satl1ana3.pe1·
932 1888 1103 1941 signum
1136 1887 1177 1930 S.
1213 1887 1397 1938 crucis4,
1441 1888 1606 1929 Jesus
1648 1887 1886 1929 Nazarss:

115 1951 181 1992 ‚Jn
214 1951 493 2007 principio
511 1953 538 2003 6,
574 1955 654 1995 eto.
705 1953 986 1995 Commendet
1009 1967 1055 1995 se
1079 1953 1234 2006 angelo
1258 1953 1432 2007 proprio
1456 1952 1660 2006 quotidie,
1689 1967 1889 2007 praeser-

114 2016 192 2058 tim
235 2031 361 2059 mane
400 2021 444 2060 et
476 2019 660 2072 vesperi.
726 2018 856 2061 Dicat
897 2018 1088 2072 quotidie
1121 2018 1348 2061 rosarium.
1413 2018 1624 2060 Procuret
1667 2018 1703 2059 si
1744 2021 1890 2072 potest

115 2081 201 2124 tria
238 2083 332 2124 fieri
365 2096 491 2125 sacra
522 2083 587 2125 De
621 2085 661 2126 S.
696 2082 886 2126 Antonio
904 2085 933 2134 7,
977 2084 1131 2137 quibus
1165 2087 1209 2126 et
1249 2084 1345 2138 ipsa
1376 2083 1563 2132 intersit,
1607 2086 1651 2125 et
1683 2084 1890 2126 memoria

236 2154 263 2182 a)
285 2153 332 2176 Ita
356 2153 436 2177 Torr.
451 2153 579 2177 correxit
599 2161 635 2178 ex
655 2153 765 2179 autem.

240 2236 248 2256 ¹
281 2237 468 2270 Tor-rengis
485 2236 520 2270 in
543 2236 675 2270 litteris
694 2237 923 2271 dedicatoriis
947 2236 1213 2279 „Confessionis
1233 2236 1539 2280 Augustinianae“
1563 2236 1729 2280 Dilingae
1749 2247 1779 2270 3.
1801 2236 1891 2271 1567

115 2289 269 2334 primum
296 2301 317 2323 3
343 2301 381 2323 50
408 2289 524 2324 editae
547 2290 585 2331 (f.
605 2290 626 2324 b
645 2290 697 2333 4³)
720 2290 840 2334 aliqua
866 2290 1003 2324 ratione
1030 2291 1255 2336 promiserat,
1283 2301 1321 2324 se
1340 2290 1582 2324 refutaturum
1610 2301 1690 2323 esse
1709 2289 1893 2324 Guilielmi

115 2342 350 2377 Bidenbachii
376 2346 412 2377 et
437 2343 555 2377 Lucae
582 2343 750 2378 Osiandri
785 2344 1034 2387 theologorum
1069 2344 1340 2378 lutheranorum
1372 2343 1492 2386 „Piam
1529 2343 1817 2387 responsionem“
1848 2344 1893 2378 ad

116 2396 299 2431 Sociorum
317 2396 580 2440 dilinganorum
599 2397 721 2431 theses
740 2397 782 2430 de
801 2400 948 2441 peccato
966 2397 1144 2441 originali,
1171 2396 1426 2431 iustificatione
1445 2399 1523 2438 etc„
1543 2396 1730 2440 Tubingae
1748 2408 1780 2432 a.
1802 2397 1892 2432 1566

116 2450 269 2491 editam;
298 2450 342 2484 cf.
375 2450 461 2484 Can.
490 2449 521 2483 V
547 2449 737 2485 303—304
763 2450 962 2484 817—820.

236 2503 249 2523 ²
276 2503 327 2537 De
353 2503 410 2538 his
436 2504 561 2547 figuris
587 2505 700 2537 cereis
726 2503 950 2547 sacratisque
976 2515 1011 2537 v.
1034 2505 1121 2537 Can.
1140 2504 1156 2537 I
1183 2504 1277 2537 771⁸.
1378 2505 1390 2524 ³
1409 2503 1529 2537 Verba
1548 2503 1692 2543 Christi,
1711 2503 1766 2537 Mt
1783 2504 1815 2543 4,
1837 2504 1891 2538 10.

237 2558 249 2577 ⁴
281 2556 369 2599 „Per
395 2557 537 2600 signum
568 2556 692 2590 Crucis
719 2557 761 2590 de
788 2556 942 2590 inimicis
965 2557 1098 2590 nostris
1125 2557 1238 2591 libera
1264 2568 1328 2591 nos
1347 2556 1444 2591 Deus
1469 2558 1634 2591 noster‘t
1661 2558 1890 2604 Breviarium

116 2610 327 2652 Romanum,
354 2612 437 2644 Ant.
465 2611 497 2645 5.
526 2610 686 2644 Laudum
712 2610 748 2643 in
775 2610 868 2644 festo
895 2609 1137 2644 Exaltationis
1164 2610 1198 2644 S.
1226 2610 1351 2645 Crucis
1381 2611 1451 2653 (14.
1481 2610 1731 2655 Septembris).

238 2665 251 2683 ⁵
281 2664 402 2705 ,Iesus
437 2663 660 2704 Nazaoenus,
697 2663 775 2697 Rex
811 2663 1065 2697 ludaeorum&
1105 2664 1294 2708 Inscriptio
1331 2664 1448 2698 crucis
1485 2663 1630 2705 Christi,
1668 2664 1703 2697 lo
1733 2663 1795 2705 19,
1835 2663 1891 2698 19.

122 2718 180 2760 „ln
207 2718 349 2751 nomine
375 2729 453 2751 meo
480 2717 666 2751 daemonia
693 2717 866 2751 eicienff:
893 2717 953 2751 Mc
983 2717 1035 2757 16,
1065 2717 1126 2757 17;
1155 2717 1200 2751 cf.
1228 2717 1296 2751 Act
1325 2718 1378 2758 16,
1410 2718 1461 2751 18.

238 2772 250 2790 ⁴³
281 2771 338 2813 „ln
358 2770 531 2815 principio
551 2773 629 2804 erat
647 2770 817 2810 Verbum,
837 2772 873 2804 et
890 2769 1051 2804 Verbum
1070 2772 1148 2804 erat
1166 2770 1262 2815 apud
1279 2771 1406 2812 Deum,
1425 2772 1461 2804 et
1478 2771 1576 2804 Deus
1595 2772 1673 2804 erat
1691 2770 1870 2805 Verbum“
1886 2786 1891 2805 :

118 2825 154 2858 Io
183 2825 212 2865 1,
242 2824 272 2858 1.
323 2824 399 2857 Iam
425 2823 625 2867 antiquitus
652 2823 752 2857 initio
780 2823 960 2866 evangelii
987 2823 1184 2857 secundum
1210 2824 1390 2865 Ioannem,
1426 2824 1519 2868 quod
1555 2824 1598 2857 de
1625 2823 1713 2857 Filio
1740 2823 1806 2858 Dei
1832 2824 1894 2858 ho-

117 2878 211 2911 mine
238 2877 334 2911 facto
370 2878 426 2910 est
455 2876 506 2920 (Io
535 2877 565 2918 1,
596 2876 737 2919 1—14),
773 2876 993 2920 singularem
1020 2877 1093 2910 vim
1129 2877 1174 2910 ad
1209 2876 1400 2911 daemones
1436 2877 1608 2911 arcendos
1645 2880 1681 2911 et
1715 2877 1894 2921 fugandos

118 2932 236 2965 inesse
263 2930 539 2971 existimabant;
566 2942 600 2963 v.
627 2931 755 2963 Franz
780 2929 803 2963 l.
831 2941 860 2963 0.
888 2929 920 2963 Π
947 2930 991 2963 57
1018 2929 1063 2963 58
1091 2929 1135 2964 88
1162 2930 1219 2964 91.

238 2985 249 3004 ⁷
276 2984 310 3018 S.
330 2983 507 3017 Antonius
526 2983 647 3017 Abbas
672 2983 864 3027 plurimum
894 2982 1040 3017 valebat
1066 2983 1101 3016 in
1120 2983 1352 3018 daemonibus
1381 2984 1571 3026 fugandis:
1601 2985 1637 3019 S.
1657 2985 1892 3026 Athanasius,

117 3037 203 3071 Vita
230 3036 264 3070 S.
293 3036 332 3070 P.
360 3036 403 3070 N.
433 3036 578 3070 Antonii
604 3048 638 3070 11.
666 3037 686 3070 5
723 3037 743 3070 6
779 3036 895 3070 8—13
932 3036 1070 3071 39—41
1110 3039 1176 3071 etc.
1206 3036 1362 3080 (Mi92c07
1398 3037 1437 3071 P.
1465 3049 1519 3080 gr.
1546 3037 1666 3072 XXVI
1703 3038 1887 3072 845—851

117 3090 304 3124 853—863
332 3089 521 3124 899—904
547 3091 643 3133 etc).
