2044 3335
747 94 859 129 Roma
888 95 940 130 1⁴2.
960 95 1040 129 Iulii
1069 95 1170 130 1571.
1759 98 1842 139 447

84 211 309 254 Prouincia
349 212 547 254 Romana
588 211 710 253 vnita
752 226 830 254 con
873 213 1017 265 quella
1059 213 1099 254 di
1142 213 1340 255 Toscana
1381 213 1412 254 11
1454 212 1593 254 Ρ3(110
1627 212 1850 266 Alphonso

81 276 201 327 Ruiz,
235 290 312 330 per
345 276 490 319 Sicilia
518 276 551 329 jl
585 276 724 318 Padre
754 277 1003 319 Hieronimo
1035 278 1294 328 Domenech,
1328 291 1405 331 per
1436 277 1626 319 Fiandra
1656 277 1685 319 il
1709 277 1850 318 Padre

80 341 292 383 Balduino
324 341 379 383 ab
401 341 584 394 AngeIO,
619 355 696 395 per
729 345 931 395 quotesta
964 342 1032 384 del
1054 342 1205 383 Rheno
1238 343 1265 383 il
1291 343 1449 385 Dottor
1478 342 1684 384 hermano
1708 341 1849 391 Tireo,

80 419 158 460 per
188 406 231 447 la
263 406 447 448 Francia
478 405 506 447 il
540 405 682 447 Padre
714 406 910 448 Emondo
948 406 1061 461 hayo
1104 409 1149 449 et
1189 421 1268 460 per
1308 408 1351 448 13
1383 407 1622 460 Aquitania
1652 407 1683 448 il
1715 407 1851 461 padre

81 470 257 512 Claudio
289 468 476 525 Mathei]
519 473 563 513 et
603 471 660 512 ha
701 472 848 514 uoluto
892 472 969 513 che
1011 473 1253 513 restassero
1292 471 1326 524 jl
1366 471 1505 514 Padre
1539 472 1692 522 Pheo³¹,
1736 475 1781 514 et
1817 472 1851 526 jl

81 535 221 577 Padre
254 535 530 589 Manggiobn

200 600 260 641 Mi
293 614 368 642 era
401 601 662 643 contristato
694 601 896 643 temendo
930 602 1007 644 che
1040 601 1069 643 il
1102 601 1212 643 libro
1245 601 1297 642 de
1320 600 1373 643 V.
1392 601 1443 643 R.
1468 601 1616 643 venesi
1648 602 1691 643 in
1723 615 1852 644 mano

83 664 141 706 dil
163 665 329 707 Mastro
357 665 477 707 Sacri
510 665 691 720 palatij2
722 680 800 719 per
832 680 952 708 esser
984 666 1147 708 reuisto
1181 666 1383 718 dalquale
1416 665 1452 707 si
1484 667 1664 708 serebbe
1697 668 1853 709 cauato

83 743 163 771 con
196 729 404 773 difficolta
444 730 487 772 in
528 732 657 784 longo
703 733 848 785 tempo
892 745 970 786 per
1010 732 1144 774 molte
1186 731 1297 773 altre
1337 730 1608 785 occupationi
1642 731 1719 773 che
1751 732 1807 773 ha
1823 732 1852 782 3,

83 797 128 837 et
159 794 278 838 forsa
310 810 394 837 non
429 796 464 837 si
497 796 742 838 hauerebbe
776 799 908 839 auuto
940 797 983 838 in
1016 810 1170 839 manco
1204 796 1256 837 de
1288 810 1346 837 vn
1381 809 1508 845 anno,
1541 796 1571 838 il
1605 796 1682 838 che
1711 797 1853 850 proui-

83 860 221 902 dendo
255 861 325 902 noi
359 860 558 903 abbiamo
591 861 704 904 fatto
737 861 806 903 far
839 861 968 916 officij
1002 861 1254 916 gaglia1·di⁰,
1298 861 1339 902 in
1374 874 1477 915 pero
1512 860 1589 902 che
1622 860 1681 902 lid
1714 861 1854 903 Reue-

81 925 327 967 rendissimi
350 926 620 977 Varmiense,
656 929 700 968 et
723 926 911 969 Sirleto4
932 927 1111 969 insieme
1145 941 1223 969 con
1246 941 1303 968 un
1326 940 1434 980 gran
1460 927 1610 968 doctor
1634 927 1853 981 Spagnolo

83 990 300 1032 chiamato
334 991 688 1034 Fontiduennas5
729 992 872 1033 hanno
914 992 1027 1035 fatto
1070 1006 1178 1046 gran
1211 991 1461 1034 testimonio
1496 1006 1521 1033 a
1553 1006 1632 1034 sua
1666 991 1851 1042 Santita,

83 1055 126 1097 di
158 1069 263 1097 auer
295 1056 408 1098 visto
441 1058 594 1109 questo
627 1056 750 1106 libro,
786 1060 829 1099 et
863 1057 903 1098 di
937 1072 1057 1099 esser
1088 1058 1222 1099 molto
1255 1057 1410 1107 buono,
1445 1060 1490 1099 et
1523 1057 1694 1099 douersi
1716 1059 1851 1099 stam-

82 1134 188 1174 pare
220 1134 373 1162 senzza
406 1121 584 1163 dimora.
627 1122 662 1163 Il
685 1122 804 1176 Papa
837 1123 1129 1165 niostrandosi
1161 1122 1295 1164 molto
1328 1123 1581 1164 fauoreuole
1608 1125 1652 1164 et
1673 1122 1852 1164 liberale

82 1185 138 1227 ha
171 1185 291 1228 detto
324 1187 568 1239 vogliamo⁸
601 1188 679 1229 che
712 1190 745 1229 s'
765 1191 947 1242 stampe,
991 1203 1014 1230 0
1047 1188 1090 1230 in
1123 1188 1275 1238 Roma,
1319 1201 1342 1229 0
1376 1188 1534 1230 altroui
1569 1201 1724 1230 senzza
1757 1185 1849 1242 [piu

83 1251 265 1293 uederse
298 1252 368 1293 dal
400 1251 613 1307 mastro]f
641 1253 755 1295 sacri
788 1253 940 1308 palatij
974 1268 1027 1295 ne
1060 1253 1175 1303 altri,
1210 1253 1251 1295 di
1276 1253 1403 1295 modo
1427 1253 1504 1295 che
1538 1254 1565 1294 l'
1584 1267 1718 1308 opera
1750 1267 1851 1295 sara

83 1316 217 1358 molto
251 1318 431 1368 celebre,
467 1320 512 1360 et
543 1317 631 1359 cosi
663 1318 737 1372 piu
759 1318 1008 1362 facilmente
1032 1321 1237 1373 poterunt
1258 1318 1444 1371 transigi
1468 1332 1675 1360 censurae
1698 1319 1851 1360 ultimo

83 1382 177 1424 loco
211 1383 265 1424 ad
297 1397 375 1424 uos
407 1383 691 1425 transmissae
705 1385 732 1426 6.
787 1384 838 1426 V.
875 1384 1139 1427 Reuerentia
1181 1383 1291 1426 facci
1324 1383 1471 1437 gratia
1503 1384 1543 1425 al
1578 1383 1760 1437 Signore
1794 1383 1852 1426 dil

82 1447 249 1490 talento
283 1448 360 1490 che
392 1448 421 1489 li
454 1448 510 1491 ha
543 1449 645 1491 dato
678 1463 756 1503 per
788 1450 922 1492 molto
955 1450 1150 1492 seruirlo.
1212 1449 1309 1491 Non
1343 1449 1573 1491 habbiamo
1606 1449 1775 1504 potuito
1809 1449 1851 1491 in

84 1511 150 1553 sin
192 1513 345 1554 adesso
387 1527 519 1555 auere
561 1513 630 1555 dal
663 1513 867 1556 Cardinal
909 1514 1067 1557 Sirleto
1109 1514 1208 1568 quel
1249 1515 1343 1556 loco
1386 1514 1427 1555 di
1470 1514 1579 1557 Sant
1621 1514 1849 1568 Cypriano,

84 1578 218 1631 Spero
253 1578 330 1620 che
363 1578 397 1620 si
432 1593 564 1621 auera
596 1593 673 1633 per
704 1579 868 1633 potersi
901 1580 1109 1622 mandare
1143 1594 1222 1622 con
1256 1580 1281 1621 l’
1306 1579 1445 1634 prima
1484 1579 1723 1622 occasione.
1767 1594 1852 1622 non

84 1657 258 1685 occorre
291 1644 404 1686 altro
437 1658 515 1698 per
547 1647 713 1697 questa.
750 1651 818 1687 etc.
884 1646 947 1687 De
980 1645 1118 1687 Roma
1156 1647 1207 1687 12
1241 1645 1294 1687 de
1326 1645 1507 1698 gliuglio
1533 1646 1674 1688 .1571.

204 1718 345 1753 Natalis
371 1720 494 1754 eodem
533 1720 594 1754 illo
621 1721 678 1755 die
706 1721 760 1755 12.
787 1721 867 1755 Iulii
897 1722 985 1755 1571
1015 1721 1054 1755 P.
1082 1721 1228 1756 Nicolao
1256 1721 1389 1755 Lanoio
1417 1720 1631 1755 Germaniae
1658 1722 1853 1767 superioris

84 1772 307 1816 procuratori
327 1772 376 1816 (v.
392 1785 501 1818 supra
524 1786 556 1818 p.
575 1774 661 1817 440)
683 1774 837 1809 reditum
856 1775 997 1820 paranti
1017 1775 1115 1809 dedit
1128 1774 1416 1817 *„Memoriale“‚
1443 1775 1478 1809 in
1498 1787 1566 1819 quo
1585 1775 1683 1816 haec,
1711 1778 1854 1820 praeter

203 1843 231 1874 a)
253 1844 317 1873 Sic,-
335 1844 519 1869 scribendam
538 1845 618 1876 fuit:
637 1844 754 1872 Hoffeo.
888 1844 918 1877 b)
939 1847 1004 1877 Si‹·;
1023 1846 1208 1871 scribendmn
1227 1846 1304 1877 ficit:
1323 1844 1454 1877 Maggio.
1581 1847 1607 1877 c)
1628 1845 1784 1877 gagliardo
1806 1855 1853 1878 ap.

85 1883 115 1916 d)
136 1883 156 1909 il
176 1893 223 1916 ap.
324 1888 350 1912 e)
370 1884 519 1917 vegliamo
541 1895 587 1919 ap.
689 1886 716 1917 f)
738 1888 817 1912 Haec
836 1888 970 1919 supplevi
991 1896 1027 1913 ex
1048 1888 1168 1912 Natalis
1187 1888 1225 1912 (ccl
1246 1888 1401 1919 Hoffaeum
1423 1888 1546 1918 litteris,
1566 1895 1639 1919 quas
1658 1896 1751 1920 supra
1772 1889 1855 1919 (1111,-

85 1927 132 1951 ubi
153 1927 272 1951 Natalis
291 1927 391 1952 eadem
411 1928 444 1952 cle
466 1935 496 1952 re
515 1929 625 1953 scribit,

209 2071 218 2090 1
246 2070 314 2106 ΡΡ.
334 2071 471 2106 Paulus
490 2071 660 2106 Hoffaeus
687 2073 723 2105 et
741 2071 956 2106 Laurentius
975 2071 1131 2116 Magius,
1157 2071 1354 2117 praepositi
1382 2072 1623 2116 provinciales
1643 2071 1856 2107 Germaniae

84 2124 279 2169 superioris
306 2127 342 2158 et
367 2125 548 2160 Austriae.

205 2178 218 2197 ²
245 2177 284 2212 P.
303 2177 459 2212 Thomas
485 2178 674 2223 Maurique
704 2178 939 2222 (Marriques)
967 2178 1008 2213 O.
1028 2179 1086 2212 Pr.
1114 2191 1145 2213 a.
1174 2179 1408 2213 1565—1573
1445 2179 1480 2213 id
1517 2180 1674 2214 officium
1710 2179 1857 2213 admini-

87 2232 227 2266 strabat
257 2232 345 2275 (Iac.
376 2233 499 2275 Que'tif
529 2235 565 2266 et
600 2233 673 2267 Iac.
700 2223 859 2276 Echard,
896 2232 936 2266 O.
966 2233 1035 2273 Pr.‚
1073 2232 1274 2278 Scriptores
1310 2232 1456 2267 Ordinis
1493 2233 1786 2267 Praedicatorum
1814 2233 1858 2275 Il,

88 2284 254 2319 Lutetiae
280 2285 499 2319 Parisiorum
530 2286 631 2325 1721,
649 2286 746 2328 XXI).

208 2340 220 2358 ³
247 2338 444 2373 Concilium
470 2338 714 2373 Lateranense
734 2339 777 2373 V.
804 2339 841 2373 in
867 2340 1026 2374 sessione
1053 2339 1108 2380 X„
1134 2341 1167 2374 4.
1183 2340 1269 2374 Maii
1301 2340 1390 2374 1515
1418 2339 1551 2382 habita,
1588 2339 1779 2385 prohibuit,
1814 2351 1859 2373 110

87 2391 169 2426 libri
195 2393 469 2433 excuderentur,
504 2393 572 2426 nisi
599 2393 751 2437 primum
783 2393 1019 2435 „examinati“
1061 2396 1097 2427 et
1127 2393 1355 2438 „approbati“
1387 2397 1526 2434 essent3
1564 2396 1599 2427 et
1625 2393 1760 2428 Romae
1795 2405 1858 2438 per

89 2446 268 2491 pontificis
295 2446 467 2480 vicarium
505 2448 542 2479 et
567 2445 783 2489 magistrum
810 2447 903 2480 sacri
930 2446 1057 2491 palatii
1092 2447 1126 2480 id
1153 2447 1331 2491 praestari
1358 2446 1465 2481 iussit
1494 2447 1740 2490 (Hm-decimus,
1766 2448 1859 2480 Acta

89 2499 327 2533 Conciliorum
346 2499 395 2533 IX
416 2500 679 2543 1779—1781).
718 2500 772 2533 Ad
800 2499 938 2543 reliqua
964 2501 1083 2534 autem
1114 2500 1281 2543 magistri
1308 2499 1405 2534 illius
1432 2500 1561 2541 officia,
1589 2512 1680 2544 quae
1708 2500 1750 2534 ad
1779 2512 1857 2534 con-

89 2552 206 2587 tiones
233 2565 352 2587 coram
379 2553 547 2598 pontifice
572 2553 768 2594 habendas,
804 2553 955 2587 consilia
981 2553 1184 2597 theologica
1211 2553 1328 2587 danda
1354 2556 1421 2587 etc.
1449 2553 1673 2598 spectabant,
1710 2553 1795 2588 Pius
1813 2553 1857 2588 V.

87 2605 186 2640 bulla
212 2606 346 2641 Romae
373 2608 429 2641 29.
453 2606 610 2649 Augusti
639 2607 729 2641 1570
765 2606 848 2640 data
874 2618 1005 2640 novum
1033 2607 1188 2641 addidit:
1226 2607 1264 2640 In
1300 2607 1450 2640 basilica
1478 2606 1511 2641 S.
1539 2606 1638 2640 Petri
1668 2607 1860 2652 „praeben-

89 2659 171 2694 dam
198 2660 456 2703 theologalem“
480 2659 638 2694 instituit
656 2671 816 2703 eamque,
843 2660 999 2694 maxime
1018 2660 1203 2694 doctrinae
1222 2659 1426 2694 &Thon-1212
1443 2659 1635 2704 Aquinatis
1660 2660 1859 2694 tradendae

89 2713 217 2756 gratia,
253 2713 371 2748 officio
398 2713 563 2756 magistri
590 2713 684 2747 sacri
710 2713 835 2758 palatii
862 2712 1047 2747 coniunxit
1076 2713 1300 2755 (Bullamfam
1327 2713 1526 2747 Romanum
1544 2713 1613 2747 VH
1639 2714 1858 2757 841—845).

209 2768 222 2786 4
249 2767 459 2801 cardinales
486 2766 689 2801 Stanislaus
715 2766 848 2800 Hosius
875 2769 912 2800 et
938 2766 1152 2800 Guilielinus
1179 2766 1343 2800 Sirletus.
1395 2766 1580 2811 Epistulas
1613 2778 1654 2801 ea
1681 2767 1723 2801 de
1749 2779 1788 2801 re
1813 2768 1858 2802 ab

88 2820 200 2854 Hosio
227 2820 271 2854 ad
298 2820 400 2854 Pium
420 2820 463 2855 V.
491 2823 526 2854 et
553 2821 596 2854 ad
624 2819 844 2854 cardinalem
863 2819 1064 2854 Truchsess
1091 2820 1195 2853 datas
1221 2831 1256 2854 v.
1275 2819 1378 2860 infra,
1405 2831 1498 2854 mon.
1518 2819 1588 2854 litt.
1609 2820 1699 2864 (55).

208 2874 221 2893 ⁵
247 2873 378 2908 Petrus
405 2874 447 2908 de
474 2873 722 2908 Fuentiduefla
747 2874 825 2907 sive
844 2873 1077 2907 Fontidonius
1106 2872 1142 2916 (†
1167 2873 1271 2917 1579)
1303 2872 1486 2907 Canisium
1512 2876 1664 2908 noverat
1687 2874 1859 2915 Tridenti,

90 2926 150 2960 ubi
186 2926 252 2960 sub
280 2926 343 2960 Pio
369 2927 430 2961 IV.
467 2939 548 2961 cum
576 2927 683 2961 Petro
712 2926 887 2961 Gonzalez
923 2927 965 2960 de
992 2926 1167 2960 Mendoza
1202 2927 1368 2971 episcopo
1404 2927 1676 2962 salmanticensi
1709 2928 1858 2962 concilio

89 2979 323 3020 interfuerat;
361 2984 485 3024 postea
512 2981 706 3015 canonicus
732 2979 1023 3014 salmanticensis
1049 2982 1085 3014 et
1111 2979 1383 3014 archidiaconus
1411 2980 1568 3015 albensis
1595 2980 1734 3025 (Elvas,
1761 2981 1861 3016 Lusi-

89 3033 209 3067 taniae
235 3033 336 3076 urbs)
365 3033 434 3067 fuit
462 3035 628 3078 (Hurter,
655 3033 910 3068 Nomenclator
936 3033 1009 3067 111³
1037 3034 1101 3074 99;
1129 3033 1175 3068 cf.
1203 3033 1310 3068 etiam
1334 3034 1419 3068 Can.
1440 3034 1489 3069 IV
1509 3035 1606 3079 337).

210 3087 223 3106 ⁶
249 3086 339 3120 Vide
365 3099 474 3132 supra
499 3099 532 3133 p.
551 3089 631 3122 444.
