2044 3335
141 82 224 122 234
316 79 417 114 1601.
445 78 500 112 Fr.
521 89 540 112 a
559 78 676 112 Rocca
696 77 780 112 Can.
827 77 926 112 1602.
952 76 1017 111 Th.
1039 76 1203 111 canisius
1222 77 1306 112 Can.
1349 77 1495 120 Dilinga
1514 77 1707 119 Nov.sDec.
1729 77 1830 112 1568.

140 208 246 231 manu
273 196 416 230 decreto
442 195 494 228 illi
522 194 712 239 ascriptis¹
753 194 807 236 (In
836 194 954 228 Causa
980 194 1096 239 Ipren.
1115 193 1343 228 Visitationis
1370 193 1558 228 Sacrorum
1586 193 1774 229 Liminum.
1825 193 1903 228 Dis-

139 250 294 294 ceptatio
321 250 436 294 prima
461 248 481 290 5
509 248 540 287 5,
567 259 600 281 n.
628 247 683 287 31,
711 248 745 280 in
773 247 863 281 libro
894 246 949 288 „S.
968 247 1011 281 D.
1030 246 1072 281 N.
1093 247 1276 281 Benedicti
1295 247 1391 282 XIV.
1419 246 1623 280 Declaratio
1649 258 1757 292 super
1783 246 1904 280 matri-

139 303 267 337 moniis
294 302 386 336 inter
412 302 657 346 protestantes
683 303 719 334 et
745 299 977 341 catholicos“‚
1004 299 1173 334 Coloniae
1194 301 1295 342 1746,
1322 300 1420 343 239).
1460 301 1509 333 At
1536 301 1701 334 Salvator
1719 300 1907 333 Pallottim·

138 358 295 390 testatur
327 355 652 397 Congregationem
687 353 836 388 Concilii
867 354 921 395 „in
949 353 1172 388 Coloniensi“
1203 353 1265 388 illa
1291 365 1400 387 causa
1427 353 1458 387 2.
1485 353 1607 386 Martii
1637 353 1726 388 1580
1765 352 1905 386 omnino

140 409 244 442 aliter
271 408 499 453 respondisse
528 406 637 450 („non
665 407 796 440 dicitur
823 407 1057 451 publicatum,
1094 407 1124 440 si
1158 408 1300 441 tantum
1326 407 1459 440 dictum
1496 406 1607 440 fuerit
1641 406 1677 439 in
1703 405 1904 450 publico“):

141 461 311 495 Collectio
338 461 495 495 omnium
520 460 797 494 Conclusionum
825 462 861 493 et
886 459 1157 494 Resolutionum
1177 459 1474 503 Congregationis
1493 459 1737 493 Cardinalium
1764 458 1797 492 S.
1819 458 1906 492 Con-

140 514 211 548 cilii
237 513 438 548 Tridentini
464 514 705 558 Interpretum
726 513 806 555 VII,
842 513 976 547 Romae
1005 513 1106 554 1880,
1137 513 1214 548 127.
1266 513 1312 547 Et
1337 515 1475 547 certum
1501 514 1568 554 est,
1603 511 1747 546 saeculo
1773 510 1906 545 XVIII.

140 568 191 601 ita
218 567 413 601 iudicatum
441 578 530 608 esse,
566 566 779 611 praesertim
817 578 897 600 cum
926 566 1201 609 diligentissime
1228 566 1499 610 expenderetur,
1535 577 1620 599 num
1654 566 1690 598 in
1715 564 1907 599 Hollandia

140 621 322 654 decretum
350 620 437 654 illud
465 620 532 653 rite
558 619 824 664 promulgatum
852 621 949 653 esset
970 619 1035 662 (Io.
1056 621 1155 653 Fort.
1175 621 1216 652 de
1233 620 1417 663 Zamboni,
1437 618 1608 654 Collectio
1626 617 1906 652 declarationum

142 673 272 708 Sacrae
309 672 608 716 Congregationis
636 672 880 706 Cardinalium
911 672 945 707 S.
973 672 1121 707 Concilii
1148 672 1349 706 Tridentini
1384 672 1619 717 interpretum
1646 670 1706 712 IV,
1742 669 1907 704 Atrebati

145 726 244 767 1868,
275 726 490 769 154—155).
525 725 724 760 Concilium
749 737 836 760 sane
863 725 1111 759 Tridentinum
1136 726 1213 770 ipso
1241 725 1299 759 illo
1327 726 1469 759 decreto
1499 724 1719 767 „Ordinariis
1745 723 1908 757 omnibus

141 779 327 825 praecipit,
354 781 405 819 ut,
432 791 512 813 cum
538 780 691 824 primum
719 779 912 823 potuerint,
948 781 1076 813 curent
1101 778 1168 812 hoc
1194 778 1376 812 decretum
1403 778 1534 823 populo
1559 777 1745 822 publicari,
1781 788 1822 810 ac
1849 787 1907 810 ex-

143 832 268 878 plicari
304 832 339 866 in
372 832 525 875 singulis
551 843 695 866 suarum
725 832 941 866 dioecesium
966 831 1233 876 parochialibus
1259 831 1432 866 ecclesiis.
1461 859 1468 866 .
1490 858 1496 865 .
1517 858 1523 864 .
1559 830 1727 865 Decernit
1753 830 1909 874 insuper,

142 889 182 920 ut
208 886 411 920 huiusmodi
437 886 621 920 decretum
648 886 685 918 in
709 896 925 929 unaquaque
951 885 1121 930 parochia
1147 896 1251 919 suum
1278 885 1385 919 robur
1410 887 1490 929 post
1508 884 1659 928 triginta
1685 883 1761 918 dies
1778 882 1910 917 habere

142 939 301 984 incipiat,
329 951 349 973 a
374 939 431 973 die
457 939 593 983 primae
619 938 881 983 publicationis,
908 938 943 971 in
970 939 1093 972 eadem
1112 938 1281 983 parochia
1300 939 1428 979 factae,
1446 938 1703 972 numerandos“
1731 936 1834 980 (sess.
1853 935 1910 975 24,

143 993 186 1026 de
212 993 277 1026 ref.
305 994 408 1026 matr.
436 1004 465 1026 c.
488 992 535 1035 1).
579 991 696 1033 Quare
724 992 829 1026 emin.
857 991 1051 1026 cardinalis
1077 993 1204 1025 Petrus
1234 993 1416 1035 Gasparri
1441 994 1579 1026 monet:
1611 990 1701 1033 „Ubi
1728 990 1910 1024 decretum

145 1046 391 1080 Tridentinum
419 1045 643 1090 publicatum
677 1057 748 1079 non
783 1047 849 1086 est,
886 1046 984 1079 certe
1018 1045 1197 1090 parochus
1233 1045 1277 1079 ad
1312 1045 1404 1079 hanc
1438 1044 1716 1090 publicationem
1743 1043 1911 1078 devenire

144 1099 278 1143 nequit,
313 1099 513 1133 inconsulto
550 1098 757 1139 Ordinario;
798 1110 913 1140 secus,
951 1099 1100 1132 attentis
1136 1098 1286 1132 Concilii
1321 1098 1452 1139 verbis,
1487 1097 1707 1143 probabilius
1741 1100 1911 1142 putamus

144 1152 467 1196 promulgationem
503 1152 637 1186 nullam
675 1163 765 1193 esse,
803 1163 916 1196 eaque
951 1163 1018 1185 non
1056 1152 1233 1193 obstante,
1269 1152 1493 1186 clandestina
1530 1151 1757 1185 matrimonia
1795 1149 1911 1184 adhuc

145 1205 288 1240 valere“
321 1205 529 1247 (Tractatus
556 1205 748 1240 canonicus
775 1205 818 1239 de
844 1205 1070 1239 matrimonio
1096 1206 1140 1246 II,
1168 1204 1271 1239 Paris
1291 1205 1392 1246 1891,
1412 1204 1485 1248 99).

264 1259 384 1303 Atque
410 1259 471 1292 alii
498 1270 644 1303 prorsus
670 1261 884 1293 asseverant
917 1258 1050 1292 decreti
1082 1258 1189 1292 huius
1215 1258 1537 1303 promulgationem
1563 1257 1703 1291 irritam
1727 1268 1818 1297 esse,
1844 1256 1912 1290 nisi

145 1313 188 1346 de
215 1312 372 1357 episcopi
399 1313 600 1346 dioecesani
626 1312 802 1356 singulari
827 1312 997 1346 mandato
1023 1312 1105 1353 fiat3
1133 1314 1174 1346 ut
1200 1312 1283 1346 clar.
1311 1312 1350 1346 P.
1377 1313 1442 1347 Fr.
1468 1313 1514 1346 X.
1542 1312 1681 1355 Wernz,
1708 1311 1768 1345 Ius
1794 1311 1912 1344 decre-

146 1366 274 1400 talium
300 1366 361 1407 IV,
389 1365 523 1400 Romae
552 1366 653 1407 1904,
690 1366 771 1400 223.
823 1366 970 1400 Poterat
1006 1369 1103 1399 certe
1129 1365 1206 1410 ipse
1232 1377 1395 1399 summus
1421 1365 1584 1410 pontifex
1610 1364 1776 1409 parochis
1802 1362 1913 1407 ingol-

146 1420 390 1454 stadiensibus
416 1431 494 1454 eam
521 1419 845 1464 promulgationem
873 1420 1098 1464 praecipere:
1136 1431 1178 1453 ac
1203 1419 1298 1453 sicut
1322 1419 1526 1463 superiores
1552 1417 1738 1463 pontifices
1765 1416 1913 1451 ducibus

148 1472 322 1507 Bavariae
352 1474 407 1516 (ut
441 1474 687 1518 episcoporum
725 1473 947 1516 quorundam
983 1472 1146 1507 socordia
1182 1473 1218 1505 et
1252 1472 1398 1515 ignavia
1433 1471 1676 1517 suppleretur)
1712 1470 1913 1515 complures

147 1526 341 1560 facultates
368 1526 632 1570 privilegiaque
659 1525 905 1560 ecclesiastica
932 1526 1116 1565 dederant,
1153 1526 1213 1566 ita,
1248 1525 1317 1559 nisi
1353 1525 1468 1567 fallor,
1504 1525 1612 1559 etiam
1647 1524 1733 1558 Pius
1759 1524 1803 1558 V.
1855 1523 1913 1557 Al-

148 1580 247 1613 berto
273 1579 316 1613 V.
354 1580 576 1614 committere
602 1581 755 1624 poterat,
791 1582 832 1613 ut
859 1580 1041 1613 decretum
1077 1579 1165 1613 illud
1191 1591 1255 1624 per
1280 1578 1456 1623 parochos
1483 1578 1660 1612 Bavariae
1685 1577 1913 1622 promulgan-

148 1633 231 1667 dum
259 1635 419 1673 curaret;
456 1636 494 1667 at
521 1644 562 1667 ea
588 1633 828 1678 promulgatio
854 1645 925 1666 non
955 1634 1117 1675 „tantum
1142 1632 1356 1677 Principis“‚
1383 1632 1445 1666 sed
1472 1632 1602 1666 summi
1628 1631 1807 1676 pontificis
1834 1642 1914 1664 auc-

148 1686 293 1720 toritate
319 1686 417 1720 facta
444 1688 550 1720 esset.

151 1826 300 1863 1601.
398 1825 460 1861 P.
497 1825 928 1862 FRANCISGUS
965 1825 1012 1861 A
1046 1823 1277 1861 RGGCA
1313 1823 1366 1860 S.
1395 1823 1449 1859 J.
1483 1824 1681 1859 studiorum
1711 1825 1917 1869 praefectus

340 1879 540 1915 CANISIO.
859 1880 1059 1924 Oeniponte
1086 1879 1179 1913 inter
1206 1881 1349 1913 exeunt.
1369 1878 1459 1913 Nov.
1487 1880 1524 1912 et
1549 1878 1641 1912 med.
1660 1878 1743 1912 Dec.
1765 1878 1867 1913 1568.

268 1951 324 1985 Ex
350 1951 552 1985 litterarum
579 1950 728 1984 Polanci
754 1949 972 1995 apographo,
1000 1950 1043 1984 de
1069 1961 1137 1993 quo
1164 1960 1284 1993 supra,
1312 1960 1366 1993 ep.
1394 1961 1426 1983 n.
1448 1949 1549 1984 1599.

269 2024 447 2056 Polam-us
464 2024 577 2056 Roma
599 2026 651 2056 11.
672 2024 845 2056 Ianuarii
863 2025 956 2056 1569
982 2024 1166 2056 Lanoz'um
1192 2027 1357 2055 rectorem
1379 2022 1652 2064 oenipontamcm
1679 2021 1720 2053 de
1738 2021 1777 2054 P.
1802 2021 1915 2054 Fran-

150 2079 238 2111 cisco
274 2089 295 2109 cc
323 2078 438 2110 Rocca
466 2078 529 2119 (cf.
562 2077 649 2110 Can.
678 2077 743 2109 HI
764 2077 973 2117 494—495)
1002 2077 1159 2109 monuit:
1195 2076 1266 2118 „Al
1300 2076 1339 2108 P.
1367 2075 1567 2108 Franceseo
1593 2074 1714 2107 Roclm
1747 2075 1780 2107 si
1808 2078 1916 2116 potra

150 2132 238 2174 (lire,
266 2131 325 2163 che
345 2142 417 2163 mm
443 2130 564 2163 lettera
591 2130 650 2163 che
668 2131 794 2163 scrisse
820 2131 856 2162 al
874 2131 964 2163 detto
983 2130 1102 2163 Padre
1124 2129 1280 2172 Canisio,
1307 2134 1337 2161 et
1363 2130 1398 2160 in
1420 2128 1577 2161 absentia
1602 2138 1668 2160 sua
1694 2127 1716 2159 ἀ
1735 2128 1778 2160 Ν.
1799 2128 1917 2161 Padre

148 2185 180 2217 si
205 2184 221 2217 ἑ
248 2186 354 2226 aista,
390 2188 420 2217 et
454 2183 513 2216 che
547 2184 583 2216 la
619 2185 771 2226 risposta
805 2184 912 2226 yliela
948 2184 1041 2216 dara
1079 2183 1103 2215 il
1138 2183 1322 2215 medesimo
1358 2181 1475 2214 Padre
1510 2182 1654 2215 Canise’o
1682 2185 1852 2223 presente,
1887 2185 1917 2213 et

148 2238 291 2271 sarebbe
319 2236 388 2280 pisa
425 2241 627 2280 opportuna
663 2247 726 2269 eon.
762 2237 790 2269 ῖί
814 2237 909 2278 fatti,
944 2247 979 2269 se
1008 2237 1040 2269 si
1071 2237 1226 2278 potes-sia
1258 2235 1467 2278 prouedere,
1505 2235 1563 2267 che
1598 2245 1662 2267 con
1687 2234 1718 2266 Ze
1738 2232 1913 2276 paroclef‘

153 2292 235 2323 Vide
261 2293 365 2323 etiam
391 2291 506 2333 infra,
534 2301 583 2333 ep.
610 2302 646 2323 w.
669 2292 769 2323 1603.

150 2423 304 2459 1602.
416 2422 476 2458 P.
505 2421 1000 2458 THEODGRICUS
1038 2419 1358 2457 CANISIUS
1395 2418 1448 2455 S.
1476 2418 1529 2455 J.
1567 2419 1708 2463 collegii
1742 2419 1916 2463 dilingani

339 2479 456 2511 rector
483 2475 683 2510 CANISIO.
914 2475 1059 2518 Dilinga
1086 2475 1180 2508 inter
1204 2474 1296 2508 med.
1316 2473 1407 2508 Nov.
1436 2475 1472 2507 et
1497 2475 1640 2506 exeunt.
1660 2472 1743 2506 Dec.
1765 2472 1867 2507 1568.

269 2554 324 2587 Ex
350 2554 554 2588 litterarum
581 2553 733 2597 Borgiae
761 2553 968 2598 apographo
995 2553 1118 2586 eodem
1144 2554 1304 2596 tempore
1330 2551 1476 2595 scripto.
1520 2549 1639 2585 Germ.
1667 2549 1710 2583 67
1738 2549 1761 2583 f.
1790 2549 1885 2584 2072.

269 2632 422 2674 Boryias
459 2632 498 2664 P.
531 2630 751 2664 Theodorz‘co
781 2631 928 2664 Canisio
965 2631 1079 2663 Roma
1122 2632 1173 2662 13.
1201 2629 1373 2662 Ianuarii
1402 2630 1491 2661 1569
1528 2627 1693 2669 scripsit:
1730 2626 1795 2669 „Si
1831 2636 1916 2659 sono

150 2685 306 2717 rz'cenute
332 2685 457 2717 alcmze
483 2685 598 2717 lettere
624 2684 662 2716 di
690 2685 725 2717 Γ.
753 2684 796 2717 R.
824 2684 862 2716 (Ζὶ
889 2686 919 2717 9.
947 2684 986 2715 ch·
1012 2683 1142 2716 ottobre
1177 2687 1206 2715 et
1233 2684 1288 2715 12.
1316 2682 1354 2714 di
1381 2681 1577 2723 nouembre,
1613 2684 1643 2712 et
1677 2679 1801 2712 alcano
1827 2680 1918 2712 altre

147 2747 212 2779 per
239 2737 265 2769 il
291 2738 329 2769 P.
358 2738 402 2769 D.
433 2736 609 2769 Cmm’siof‘
670 2737 757 2768 Vide
782 2737 884 2769 etlam
915 2737 1028 2778 infra,
1056 2747 1106 2778 ep.
1135 2747 1167 2768 n.
1191 2737 1292 2768 1603.

268 2836 295 2861 a]
318 2834 350 2857 In
372 2840 418 2863 ap.
438 2836 601 2864 sequnntur
623 2841 664 2857 nv.
685 2832 739 2857 che
760 2839 832 2864 non,
853 2833 944 2857 omitt.

274 2962 282 2981 ¹
310 2960 425 3001 Liber,
461 2961 497 2993 in
530 2972 598 3004 quo
629 2960 865 2995 Bellarminus
902 2973 967 2995 sua
995 2972 1103 2994 manu
1129 2959 1284 2994 decretis
1310 2957 1514 2992 tridentinis
1546 2956 1861 3002 interpretationes
1896 2966 1916 2989 a

156 3013 424 3057 „Cardinalibus
462 3014 555 3047 sacri
591 3013 731 3047 concilii
767 3014 951 3048 tridentini
988 3012 1267 3058 interpretibus“
1306 3011 1410 3045 datas
1444 3010 1677 3055 ascripserat,
1713 3009 1847 3043 Romae
1880 3008 1916 3042 in

150 3067 367 3102 bibliotheca
394 3065 535 3109 collegii
562 3066 699 3100 romani
725 3067 984 3101 asservabatur
1012 3066 1295 3110 (Sommervoyel,
1323 3063 1412 3098 Bibl.
1440 3064 1456 3097 I
1484 3063 1746 3106 1247—11248).
