2044 3335
634 83 835 129 Oeniponte
863 84 916 119 17.
936 84 1144 119 Decembris
1164 83 1267 118 1567.
1752 85 1831 126 147

67 203 304 246 Thomam1
336 201 556 255 intelligit.
601 202 796 256 Vterque
828 202 951 244 nobis
983 204 1051 245 est
1076 201 1374 251 formidabilis,
1409 200 1510 254 quia
1532 214 1663 254 saepe
1684 201 1836 243 moniti

66 268 207 321 magis
248 281 299 310 ac
340 266 480 320 magis
518 267 742 310 offendunt
773 267 946 310 fratres,
1010 267 1186 309 Habeat
1218 280 1378 320 quaeso
1411 265 1568 308 anxius
1599 266 1761 308 Rector
1791 266 1834 307 in

65 347 113 376 re
144 335 271 375 tanta
302 331 593 374 necessariam
628 332 982 383 consolationem,
1018 331 1275 386 praesertim
1309 331 1345 372 si
1377 331 1493 372 illius
1525 330 1835 372 authoritatem

66 399 254 453 pergant
297 396 533 450 negligere.
596 395 824 449 Augustae
867 396 980 438 idem
1013 397 1206 439 Joannes
1247 395 1427 437 meliora
1471 395 1571 437 mihi
1616 395 1836 450 promisit:

66 462 190 505 alteri
233 465 379 505 metuo
420 461 574 515 magis,
617 462 690 514 qui
731 475 870 514 neque
912 476 1006 503 cum
1040 460 1346 503 Prouinciale2
1387 474 1466 502 sua
1498 460 1695 502 conferre
1728 460 1835 511 uult,

66 541 206 581 neque
238 527 469 569 Rectorem
514 525 648 576 audit,
692 527 768 568 sed
809 527 864 568 ad
905 529 1076 580 patrem
1111 526 1368 568 Generalem
1410 525 1513 568 dicit
1553 539 1600 567 se
1632 525 1835 568 scribere.

70 592 277 636 Dominus
309 591 425 634 adsit
457 591 648 645 Collegio
680 591 935 644 Dilingensi.

186 658 409 699 Habemus
441 656 668 710 Augustae
701 656 747 699 P.
775 657 1110 699 Balthasaren13
1141 656 1376 705 Bauarum,
1411 655 1483 709 qui
1516 655 1640 697 annis
1672 655 1838 708 aliquot

68 723 213 766 docuit
244 723 428 775 Pragae,
463 724 507 764 et
539 721 595 764 ad
626 735 705 763 nos
738 736 763 763 a
790 722 837 765 P.
862 722 1132 764 Visitatore4
1163 720 1321 762 missus
1354 720 1437 763 fuit
1469 720 1687 762 curandae
1719 721 1838 762 uale-

68 787 230 831 tudinis
271 801 415 830 causa.
479 787 535 829 Jn
578 787 726 829 multis
759 786 963 841 Collegijs
1005 786 1118 828 uixit
1150 785 1337 828 difficilis
1370 788 1414 828 et
1445 785 1645 838 ingratus
1677 785 1839 827 nostris

70 853 123 895 ob
167 852 320 895 solitas
362 851 652 905 querimonias
697 854 740 893 et
781 851 936 893 anxias
977 866 1103 894 curas
1145 851 1197 893 de
1239 850 1357 893 uictu
1398 864 1489 893 suo.
1552 850 1634 892 Est
1665 849 1837 892 interim

70 917 252 968 ociosus,
286 931 412 971 quem
447 930 651 959 exercere
684 931 769 958 non
800 931 1029 971 possumus
1061 916 1105 958 in
1138 930 1184 958 re
1216 915 1342 965 seria,
1377 918 1421 957 et
1451 915 1671 969 capitosus
1693 915 1840 969 parui-

70 997 152 1037 que
195 982 340 1036 iudicij
385 981 429 1023 in
473 982 602 1023 rebus
647 982 840 1034 agendis.
905 981 1031 1036 Cupit
1074 981 1248 1023 interim
1290 982 1417 1023 extra
1459 980 1694 1034 Collegium
1737 980 1839 1022 alibi

69 1048 248 1099 uersari,
291 1050 340 1090 ut
377 1047 491 1101 quod
524 1061 550 1089 a
582 1047 743 1089 nostris
776 1046 972 1089 obtinere
1004 1061 1089 1089 non
1123 1049 1281 1100 potest,
1324 1045 1367 1087 in
1400 1045 1544 1100 patria
1577 1046 1647 1088 uel
1679 1046 1764 1088 alio
1796 1045 1840 1088 in

69 1115 164 1156 loco
205 1116 332 1168 paret
373 1112 454 1154 sibi
495 1111 827 1155 ualetudinario.
892 1112 1049 1166 Sperat
1081 1112 1193 1154 enim
1226 1126 1312 1153 non
1345 1111 1592 1153 defuturam
1625 1111 1707 1153 sibi
1739 1125 1840 1153 con-

71 1179 277 1222 ditionem
310 1178 354 1220 in
376 1177 640 1221 monasterio
663 1178 733 1219 uel
757 1178 870 1231 apud
894 1177 1108 1227 Nobilem,
1144 1180 1191 1219 ut
1215 1176 1376 1218 uictum
1401 1176 1481 1217 sibi
1505 1176 1773 1218 commodum
1797 1178 1842 1218 et

70 1244 300 1287 lautiorem
323 1243 603 1298 adipiscatur.
647 1243 799 1285 Visum
824 1245 890 1285 est
914 1242 1092 1284 Doctori
1115 1242 1324 1296 Lanoyo5
1347 1244 1391 1283 et
1413 1241 1529 1292 mihi,
1565 1242 1610 1285 Ρ.
1634 1242 1841 1284 Vestram

73 1309 234 1352 nostris
265 1322 356 1351 rem
390 1309 518 1351 ualde
550 1310 724 1362 gratam
759 1311 803 1350 et
835 1307 986 1350 utilem
1019 1321 1115 1350 esse
1147 1307 1377 1355 facturam,
1421 1306 1457 1347 si
1498 1307 1681 1348 eundem
1713 1307 1842 1360 plane

72 1375 249 1417 missum
290 1374 437 1416 facere
479 1376 524 1417 et
564 1374 772 1427 ablegare
804 1373 1033 1427 possimus,
1078 1386 1174 1414 cum
1208 1371 1370 1414 nostris
1403 1372 1711 1425 permolestum
1746 1385 1842 1413 esse

72 1440 212 1482 soleat
245 1440 297 1481 de
328 1439 466 1482 inuito
500 1440 608 1481 bene
631 1437 802 1489 mereri,
838 1441 882 1481 et
905 1437 1120 1480 continuis
1142 1437 1257 1479 illius
1280 1438 1468 1490 querelis
1490 1437 1681 1487 obtundi,
1715 1450 1843 1491 prae-

70 1505 220 1548 ·'sertim
256 1519 352 1546 cum
385 1505 503 1546 nulla
536 1504 579 1546 in
612 1518 659 1546 re
694 1503 902 1546 Societati
934 1506 1112 1545 nostrae
1144 1502 1239 1545 usui
1273 1516 1368 1544 esse
1399 1517 1527 1557 posse
1559 1502 1771 1545 uideatur.

192 1570 420 1612 Paruimus
465 1569 643 1612 consilio
686 1570 731 1612 P.
766 1569 954 1612 Vestrae
995 1567 1139 1610 missis
1181 1568 1227 1610 P.
1263 1568 1477 1622 Graspari6
1523 1568 1655 1620 Angli
1701 1567 1841 1610 literis

74 1639 273 1678 amanter
313 1635 488 1690 scriptis
520 1635 725 1677 Eduardo
757 1633 1016 1688 Apostatae.
1080 1633 1322 1687 Respondit
1354 1636 1500 1676 autem
1532 1633 1605 1674 ille
1637 1633 1764 1674 simul
1798 1635 1842 1675 et

73 1701 308 1743 Balthasar
348 1715 404 1743 ex
446 1700 602 1755 oppido
635 1699 897 1748 Lutherano‚
941 1699 1054 1753 quod
1096 1702 1163 1741 est
1195 1698 1397 1752 Dilingae
1434 1698 1730 1752 proximum7:
1773 1711 1841 1739 re-

73 1766 246 1821 spondit
278 1766 453 1819 inquam
486 1769 670 1819 uterque
701 1765 964 1820 petulanter,
999 1767 1043 1806 et
1075 1764 1196 1806 uelut
1229 1764 1280 1805 de
1302 1764 1383 1806 hac
1406 1778 1485 1806 sua
1506 1763 1687 1818 perfidia
1709 1763 1842 1816 glori-

73 1834 210 1882 antes,
257 1834 302 1873 et
342 1832 465 1874 nobis
507 1832 763 1874 coecitatem
806 1830 1087 1885 exprobrant.
1151 1829 1372 1871 Habemus
1412 1829 1547 1882 igitur
1588 1843 1663 1871 cur
1703 1828 1841 1871 uicem

72 1897 243 1939 illorum
275 1896 539 1939 infoelicium
572 1897 807 1946 doleamus,
843 1900 887 1939 et
919 1895 1102 1950 posthac
1124 1910 1218 1937 cum
1242 1895 1327 1936 illis
1350 1908 1490 1948 neque
1519 1908 1596 1948 per
1617 1894 1839 1949 scriptum,

74 1976 211 2016 neque
243 1976 322 2017 per
352 1963 555 2005 nuncium
581 1976 776 2016 agamus,
811 1960 1001 2015 quandiu
1023 1960 1086 2003 ita
1108 1960 1346 2015 praefracti
1369 1960 1532 2002 fuerint
1554 1962 1598 2002 et
1620 1959 1841 2010 obstinati,

74 2042 181 2082 quos
212 2030 405 2070 mortuos
438 2028 633 2070 Christus
665 2027 783 2069 solus
815 2027 871 2068 ad
903 2027 1040 2068 uitam
1072 2039 1279 2068 reuocare
1311 2027 1459 2080 potest
1471 2026 1500 2068 8.

198 2172 206 2191 ¹
235 2169 377 2204 Gallum
412 2169 616 2213 theologiae
651 2167 889 2203 scholasticae
924 2168 960 2201 in
995 2167 1119 2202 eadem
1146 2167 1385 2202 universitate
1420 2166 1670 2211 professorem.
1721 2165 1843 2199 Pisani

78 2224 269 2270 epistulam
296 2235 330 2258 v.
357 2235 467 2268 supra
493 2235 526 2268 p.
549 2223 627 2257 143.
772 2222 786 2243 ²
814 2222 901 2256 Cum
929 2222 1006 2266 ipso
1033 2222 1141 2255 Petro
1169 2220 1323 2255 Canisio.

195 2279 207 2298 ³
233 2278 464 2322 Sammarayr
500 2276 767 2321 (Samereyer);
807 2276 849 2310 de
886 2287 954 2319 quo
994 2276 1081 2309 Can.
1118 2275 1150 2308 ΙΙ
1188 2275 1272 2309 5611
1309 2274 1397 2315 674;
1435 2273 1466 2307 V
1492 2273 1589 2307 494⁶.
1640 2273 1679 2307 P.
1710 2274 1845 2306 Paulus

76 2334 250 2375 Hoffaeus
283 2331 597 2376 viceprovincialis
633 2330 833 2374 Oeniponte
868 2330 900 2364 7.
933 2329 1025 2363 Iunii
1063 2328 1153 2363 1568
1193 2329 1235 2362 de
1276 2327 1409 2361 Ottone
1448 2326 1603 2360 Henrico
1642 2326 1769 2359 comite
1807 2325 1844 2359 in

76 2385 380 2428 Schwarzenberg
405 2395 617 2428 summoque
644 2396 707 2429 per
726 2382 918 2417 Bavariam
938 2383 1121 2427 praefecto
1140 2382 1184 2415 ad
1203 2381 1373 2424 Borgiam
1392 2382 1408 2400 *
1421 2379 1581 2414 rettulit:
1613 2379 1698 2421 „Est
1717 2379 1844 2414 Comes

77 2439 221 2484 quidam
247 2440 282 2473 in
310 2439 465 2473 Bauaria
490 2438 608 2472 dictus
627 2437 944 2479 Schwarzenberg,
972 2436 1010 2469 P.
1031 2435 1174 2469 Canisio
1202 2435 1335 2480 optime
1361 2436 1467 2467 notus
1494 2436 1530 2467 et
1555 2444 1708 2476 magnus
1734 2432 1844 2467 socie-

75 2493 162 2527 tatis
196 2493 327 2534 fautor,
363 2492 393 2526 is
427 2491 544 2526 literis
579 2491 624 2525 ad
650 2503 707 2524 me
734 2491 839 2531 datis,
874 2490 966 2535 petit
991 2490 1030 2524 P.
1059 2489 1309 2523 Balthasarem
1345 2488 1389 2521 ad
1417 2487 1448 2521 3.
1485 2489 1547 2520 aut
1572 2487 1604 2521 4.
1632 2498 1775 2520 menses
1809 2486 1846 2520 in

76 2557 180 2580 suum
207 2548 367 2581 castrum
393 2545 487 2590 quod
513 2546 545 2580 4.
573 2544 727 2578 miliaria
754 2544 868 2578 distat
894 2555 914 2577 a
941 2543 1058 2588 patria
1078 2542 1313 2581 Balthasaris,
1341 2541 1463 2584 aitque
1489 2540 1557 2574 sibi
1584 2540 1717 2574 factam
1743 2551 1842 2584 spem

78 2612 97 2634 a
123 2600 162 2636 P.
189 2599 407 2634 Prouinciali
442 2598 598 2633 habendi
637 2598 694 2632 vel
733 2597 829 2631 hunc
865 2597 904 2631 P.
934 2596 1183 2630 Balthasarem
1223 2594 1281 2629 vel
1319 2594 1462 2628 alium.“
1518 2593 1628 2627 Addit
1662 2593 1844 2635 Hoffaeus,

77 2653 328 2688 Balthasarem
368 2652 727 2696 ,valetudinarium“‚
768 2650 894 2693 „valde
932 2650 1150 2689 indoctum“,
1194 2648 1434 2693 „simplicem“
1475 2658 1554 2681 esse
1588 2647 1649 2691 (ex
1684 2649 1845 2690 autogr.;

79 2706 120 2742 G.
147 2707 211 2752 Ep.
239 2707 287 2741 IX
313 2707 338 2741 f.
360 2706 473 2750 160b).
619 2707 632 2725 4
662 2705 698 2739 P.
726 2705 946 2748 Hieronymo
974 2703 1114 2737 Natale.

197 2762 209 2781 ⁵
235 2760 274 2794 P.
301 2759 449 2794 Nicolao
475 2759 608 2793 Lanoio
633 2758 765 2792 rectori
791 2759 1039 2802 oenipontano.
1188 2756 1200 2775 ⁶
1227 2754 1394 2789 Haivodi.

197 2815 210 2834 ⁷
236 2814 420 2856 Lauingae
447 2814 687 2847 versabantur
713 2811 902 2846 Eduardus
928 2810 1049 2844 Thorn
1076 2811 1112 2843 et
1137 2808 1332 2843 Balthasar
1358 2808 1483 2851 Zuger.

204 2868 216 2888 ⁸
242 2869 417 2911 Hoffaeus
451 2867 620 2909 Borgiam
659 2865 696 2899 in
732 2865 911 2905 *litteris,
950 2875 1041 2908 quas
1078 2863 1182 2897 modo
1221 2862 1295 2896 dixi
1336 2862 1471 2906 (supra,
1507 2861 1587 2895 adn.
1615 2861 1651 2905 3)
1692 2860 1848 2895 monuit:

84 2920 351 2966 „Superioribus
383 2920 508 2955 diebus
543 2920 691 2965 scripsit
724 2918 813 2952 mihi
840 2918 972 2952 Rector
997 2917 1213 2960 Dilinganus
1239 2915 1493 2949 Balthasarum
1529 2916 1729 2960 apostatam
1757 2913 1846 2947 Lau-

79 2973 211 3017 hingua
248 2974 431 3018 Dilingam
466 2974 627 3014 venisse,
667 2973 710 3007 ob
750 2972 1008 3016 impudentiam
1046 2983 1067 3004 a
1102 2973 1231 3004 senatu
1266 2969 1392 3003 Aulico
1427 2971 1612 3008 uocatum,
1650 2968 1698 3002 ibi
1734 2967 1847 3001 multa

80 3030 203 3062 contra
228 3028 334 3062 fidem
371 3031 406 3061 et
430 3027 640 3071 religionem
666 3028 827 3060 nostram
854 3025 1060 3069 petulanter
1086 3023 1286 3058 effutiuisse
1315 3050 1320 3057 .
1342 3050 1349 3057 .
1370 3050 1376 3057 .
1404 3022 1598 3057 Balthasar
1622 3025 1721 3056 metu
1747 3021 1847 3055 Prin-

81 3081 168 3126 cipis
187 3081 400 3124 Wolfgangi
426 3093 447 3115 a
472 3081 635 3115 Dominis
662 3078 865 3123 Dilinganis
891 3079 968 3112 sine
995 3077 1216 3112 correctione
1243 3076 1413 3111 dimissus
1440 3077 1526 3111 est.“

1491 3137 1561 3171 105·
