2044 3335
317 103 412 137 Mon.
439 103 507 138 938
534 103 612 138 sive
639 104 699 138 dil.
722 103 810 148 (11).
837 104 892 138 21.
912 103 1068 148 Augusti
1097 103 1198 138 1571.
1241 103 1335 137 Mon.
1364 102 1431 138 939
1458 102 1537 137 sive
1565 101 1635 137 elv.
1656 101 1723 146 (1).
1814 104 1899 145 543

134 219 240 262 tatis
273 221 472 275 exempla
494 220 618 262 nobis
650 221 900 275 praebebat,
934 220 977 262 in
1001 220 1192 262 discessu
1224 223 1368 263 autem
1392 234 1483 271 suo,
1516 222 1747 274 postquam
1775 233 1897 261 suam

135 283 305 337 culpam
337 285 505 339 publice
537 285 663 327 flexis
695 285 739 327 in
770 285 1000 328 refectorio
1033 285 1214 338 genibus
1247 285 1504 340 deprecatus
1537 288 1674 336 esset,
1709 284 1898 326 omnium

135 349 266 402 pedes
299 353 366 392 est
399 351 678 393 exosculatus
693 352 719 393 1.

252 415 301 457 P.
342 415 620 458 Theodericus
655 417 856 458 Cunisius
894 417 1051 470 colleyii
1093 417 1306 471 dilinyoni
1347 421 1481 458 rector
1513 417 1564 458 de
1596 417 1720 458 Petro
1758 415 1900 469 fratre

134 480 301 534 scripsit
333 482 376 523 S.
402 482 631 523 Francisco
663 481 848 536 Boryiue
877 482 1115 536 'praeposito
1146 482 1336 536 yenerali
1357 482 1535 536 Dilinqa
1570 483 1608 523 6.
1633 482 1738 523 Iulii
1760 480 1900 523 1571.-

133 543 184 586 R.
209 544 255 587 P.
281 545 475 587 Canisius
508 560 603 587 cum
637 545 752 588 socio
785 546 1014 588 sacerdote
1046 548 1148 588 ante
1181 545 1271 587 dies
1297 547 1349 587 16
1374 545 1664 599 Oenipontum
1698 548 1767 587 est
1797 559 1898 599 pro-

134 608 287 660 fectus,
322 613 371 651 vt
399 610 661 652 Archiduci2
694 611 985 654 concionetur.
1040 611 1096 652 Et
1125 611 1277 652 Natali·
1308 611 1467 652 vicario
1497 613 1690 664 ‘uenerati
1721 612 1900 667 Ditinyu

134 676 203 717 11.
231 675 417 717 Octobris
440 678 582 717 1571:
614 676 894 718 Reuerendus
916 676 963 718 P.
989 675 1183 718 Canisius
1217 689 1313 717 cum
1345 675 1461 717 socio
1494 675 1628 717 Patre
1650 675 1900 718 Anthonio3

133 739 320 781 Flandro
355 740 642 794 Oenipontum
675 741 894 794 migrauit.

134 864 242 900 938
269 866 346 901 sive
374 865 610 911 «111.(11).
686 865 733 902 21.
751 865 908 913 Augusti
935 865 1019 902 1571.

252 925 307 958 Ex
333 926 568 969 autographo.
605 925 646 960 G.
667 926 730 970 Ep.
751 925 830 960 coll.
850 925 865 959 I
891 925 917 960 f.
937 925 1030 960 2202.

255 985 423 1018 canisius
448 996 526 1018 eum
551 986 591 1018 P.
619 986 760 1019 Lanoz'o
791 986 979 1028 Oeniponte
1005 985 1190 1028 Dillnyoni
1215 985 1464 1028 proficiscitur.

250 1045 298 1087 P.
324 1045 528 1086 Nicotaus
549 1046 744 1087 Lonoius
776 1047 818 1088 S.
843 1046 885 1089 J.
910 1048 1104 1101 Auyusta
1128 1048 1197 1087 30.
1222 1046 1406 1100 Auyusti
1429 1046 1541 1087 1571
1566 1046 1615 1089 P.
1639 1046 1900 1101 Hieronymo

129 1110 282 1152 Natali
313 1110 533 1152 societatis
564 1112 723 1152 vicario
760 1112 951 1166 yenerali
991 1112 1182 1166 scripsit:
1218 1110 1291 1152 A.
1320 1111 1369 1151 17
1406 1110 1458 1151 de
1490 1113 1644 1164 questo
1677 1110 1838 1165 arriuaj
1872 1113 1900 1153 a

130 1174 325 1228 Jnsprug
359 1175 540 1216 essendo
581 1176 746 1229 partito
789 1176 830 1217 di
864 1176 1002 1218 Roma
1034 1190 1060 1218 a
1096 1178 1161 1218 11.
1197 1175 1238 1217 (11
1270 1175 1467 1228 Luglio..
1494 1210 1502 1218 .
1528 1210 1537 1219 .
1600 1176 1654 1218 Jo
1687 1176 1744 1218 mi
1782 1177 1898 1231 parti

131 1240 169 1281 d'
185 1240 379 1294 Jnsprug
413 1241 490 1282 col'
507 1240 648 1283 Padre
671 1241 841 1283 Canisio
865 1256 889 1283 a
913 1244 965 1283 21
993 1242 1061 1283 del
1083 1241 1316 1283 medesimo
1349 1241 1378 1282 il
1401 1241 1528 1294 quale
1560 1241 1701 1284 hauea
1719 1242 1899 1284 'licentia

131 1305 199 1346 del
222 1304 468 1348 Archiduca
490 1306 764 1348 Ferdinando
799 1307 839 1348 di
872 1321 957 1349 non
990 1307 1214 1361 predicare
1246 1310 1414 1349 mentre
1447 1307 1525 1348 che
1559 1308 1600 1350 S.
1625 1307 1898 1350 Excellentia

131 1370 247 1413 saria
280 1371 460 1414 absente
492 1385 570 1426 per
601 1372 640 1413 le
673 1386 803 1414 nozze
837 1373 904 1414 del
938 1387 1014 1414 suo
1047 1372 1223 1415 fratello
1251 1372 1402 1414 Carolo
1417 1373 1446 1423 4,
1481 1375 1525 1415 et
1557 1372 1799 1415 venessimo
1831 1373 1897 1415 in-

130 1436 263 1478 sieme
286 1450 312 1479 a
333 1439 508 1479 trouare
529 1436 559 1478 il
583 1437 642 1480 .P.
662 1437 933 1480 Prouinciale
955 1437 998 1479 in
1022 1437 1197 1491 Dilinga
1220 1438 1329 1479 doue
1352 1440 1480 1481 staua
1502 1438 1664 1480 anchor
1687 1441 1897 1493 occupato

130 1502 245 1544 nella
268 1501 399 1544 visita
431 1502 499 1544 del
523 1503 713 1556 Collegio
746 1506 791 1545 et
817 1503 1079 1545 arriuammo
1111 1503 1142 1545 11
1174 1503 1204 1545 11
1235 1503 1387 1557 giorno
1420 1503 1561 1545 inanzi
1595 1504 1682 1546 alla
1712 1518 1897 1547 renoua-

129 1567 247 1609 tione
281 1567 381 1608 delli
414 1567 518 1610 Voti.

246 1637 413 1680 Dilingae
439 1640 525 1672 vota
550 1638 718 1681 religiosa
745 1650 863 1672 coram
892 1639 930 1673 P.
955 1639 1067 1673 Paulo
1093 1639 1243 1673 Hoffaeo
1269 1639 1472 1684 praeposito
1498 1639 1711 1684 provinciali
1738 1650 1759 1673 a
1784 1639 1898 1674 Sociis

126 1694 300 1726 renovata
327 1702 406 1726 esse
431 1691 601 1726 videntur
626 1693 721 1726 circa
747 1692 778 1726 d.
799 1693 855 1726 28.
874 1693 1041 1736 Augusti.
1084 1693 1249 1727 Canisius
1276 1694 1396 1726 autem
1422 1693 1596 1738 proximis
1622 1693 1747 1728 diebus
1765 1693 1895 1727 ibidem

128 1756 241 1790 paene
275 1746 373 1779 totus
408 1747 485 1779 erat
520 1746 554 1779 in
582 1757 668 1780 cura
702 1745 784 1780 libri
818 1746 861 1780 de
888 1746 1019 1781 Sancto
1045 1747 1177 1780 Ioanne
1202 1746 1368 1791 Baptista
1394 1758 1414 1780 a
1440 1757 1479 1780 se
1514 1746 1640 1791 scripti
1667 1749 1702 1781 et
1728 1746 1898 1790 Dilingae

128 1811 149 1832 a
175 1798 326 1833 Sebaldo
353 1798 479 1844 Mayer
503 1799 698 1833 maximam
725 1802 865 1844 partem
899 1800 969 1834 iam
997 1800 1141 1840 excusi;
1178 1799 1234 1834 cui
1261 1802 1459 1834 extremam
1494 1811 1639 1834 manum
1670 1799 1894 1845 imponebat3

128 1851 234 1886 simul
261 1863 449 1886 censuram
474 1851 555 1886 libri
582 1864 602 1887 a
620 1852 659 1887 P.
680 1853 750 1887 Saa
768 1853 902 1888 Romae
927 1854 1062 1887 factam
1081 1865 1161 1887 cum
1181 1853 1388 1888 censoribus
1406 1853 1624 1895 conferebat,
1651 1856 1692 1888 ut
1717 1853 1895 1888 secundae

128 1905 209 1940 libri
236 1905 381 1940 editioni
408 1906 507 1940 utilis
533 1909 649 1947 esset;
677 1918 713 1942 V.
740 1918 850 1952 supra
876 1919 910 1952 p.
928 1907 998 1942 468
1024 1908 1104 1942 475.

246 1968 301 2004 Ad
326 1969 560 2005 monumenta
586 1968 675 2005 haec
701 1969 896 2017 dilingana
922 1969 1112 2017 pertinent
1147 1970 1259 2007 etiam
1286 1970 1411 2017 aliqua
1443 1970 1588 2007 ratione
1624 1981 1718 2007 mon.
1746 1969 1803 2007 917
1830 1970 1899 2007 966

129 2022 215 2058 1006
250 2021 327 2058 1010
362 2022 437 2058 1017
470 2021 548 2058 1018
580 2022 666 2059 1022
702 2023 785 2059 1027
822 2023 899 2059 1031
937 2022 1022 2060 1033
1060 2022 1144 2060 1035
1182 2024 1265 2060 1037
1304 2024 1391 2060 1043
1429 2023 1898 2061 1047-10491056-1058

128 2075 337 2112 1061-1063
364 2075 448 2112 1069
475 2075 560 2112 1077
584 2075 671 2112 1080
697 2076 774 2112 1081
801 2076 899 2113 1084.

993 2196 1019 2238 C

343 2272 796 2316 MONUMENTA
828 2273 1351 2318 ELVANGENSIA
1386 2273 1684 2317 CANISII.

132 2348 238 2385 939
266 2349 344 2384 sive
371 2347 475 2384 elv.
496 2349 589 2394 (1).
664 2349 694 2384 A
720 2348 752 2384 d.
773 2349 828 2385 25.
848 2348 974 2386 Martii
1001 2348 1047 2385 ad
1073 2350 1130 2386 20.
1149 2348 1290 2396 Aprilis
1318 2349 1410 2385 1568.

254 2410 420 2443 Canisius
437 2410 618 2453 Elvanyae
638 2412 777 2444 12—14
796 2412 973 2444 contiones
997 2410 1098 2443 habet
1108 2423 1121 2452 ‚·
1147 2411 1324 2454 evunyelia
1351 2411 1490 2443 dierum
1514 2421 1703 2444 sacrorum
1728 2410 1901 2453 explicat,-

127 2465 325 2507 passionem
352 2468 382 2496 et
407 2465 700 2497 resurrectionem
730 2464 865 2497 Christi
890 2468 1062 2505 enarrat;
1097 2466 1236 2497 animos
1271 2465 1319 2497 ad
1343 2468 1566 2497 sacramenta
1604 2464 1898 2508 confirmationis,

129 2518 369 2560 confessionis,
397 2517 635 2550 eucharistiae
661 2519 723 2560 pie
746 2518 971 2560 suscipienda
1003 2522 1135 2560 parat,·
1166 2518 1441 2551 communionem
1474 2517 1539 2550 sub
1565 2528 1639 2550 una
1673 2519 1794 2561 specie,
1827 2528 1898 2552 non

129 2571 192 2604 sub
218 2575 371 2614 utraque
394 2571 578 2614 petendam
604 2582 672 2604 esse
697 2572 923 2604 demonstrat.

249 2631 445 2673 Canisius
486 2631 564 2672 sub
599 2631 637 2674 d.
669 2632 737 2674 22.
762 2630 911 2674 Martii
946 2632 1057 2673 1567
1092 2645 1186 2672 cum
1220 2630 1428 2680 cardinali
1461 2630 1625 2673 Ottone
1659 2631 1898 2673 Truchsess

130 2696 331 2751 episcopo
364 2699 609 2749 augustano
640 2710 691 2738 ac
723 2696 972 2751 praeposito
1005 2695 1282 2750 principeque
1324 2695 1581 2749 elvangensi
1614 2696 1791 2750 Dilinga
1822 2697 1898 2739 El-

131 2776 320 2815 vangam
353 2762 476 2804 venit
506 2761 650 2816 ibique
683 2776 778 2804 eum
811 2775 890 2816 per
912 2764 1120 2814 quattuor
1150 2761 1444 2803 hebdomadas
1474 2761 1518 2803 in
1551 2762 1900 2816 protestantibus

254 2887 264 2907 ¹
289 2886 342 2920 De
369 2886 541 2920 eiusmodi
571 2885 856 2930 „paenitentiis¹‘‚
884 2896 974 2929 quae
1002 2884 1059 2918 vel
1086 2887 1224 2930 sponte,
1249 2884 1484 2930 probantibus
1516 2887 1638 2920 tamen
1673 2885 1898 2931 praepositis,

129 2940 276 2986 suscipi,
302 2939 362 2973 vel
387 2940 431 2974 ab
457 2939 583 2974 iisdem
609 2939 747 2983 iniungi
772 2940 938 2984 poterant
958 2937 1250 2982 (Constitutiones
1272 2939 1304 2974 S.
1325 2939 1358 2973 J.
1385 2938 1451 2973 EX.
1471 2950 1500 2974 0.
1521 2939 1552 2981 1,
1578 2951 1612 2974 11.
1631 2940 1671 2981 6;
1699 2939 1739 2974 P.
1759 2941 1790 2982 6,
1817 2950 1846 2974 0.
1866 2939 1898 2982 3,

129 3007 163 3029 n.
193 2995 241 3038 1),
268 2993 350 3028 vide
381 2994 466 3027 Can.
494 2992 526 3026 V
550 2993 647 3028 455³.

251 3048 264 3068 ²
290 3046 513 3081 Ferdinando
539 3046 583 3081 II.
731 3047 744 3066 ³
770 3045 939 3081 Guisano.

249 3102 263 3121 4
289 3101 380 3135 Vide
406 3112 513 3145 supra
540 3112 572 3145 p.
591 3100 687 3134 476².
