2044 3335
154 102 239 142 400
664 99 764 134 1709.
793 99 957 133 Canisius
984 99 1017 133 S.
1037 100 1226 134 Francisco
1253 100 1404 144 Borgiae

153 218 270 259 Deus
302 217 404 258 mihi
431 218 485 259 ad
508 216 759 271 decem³[?]
794 232 849 259 ex
872 218 946 260 illa
969 218 1201 261 daemones
1233 217 1643 274 profligatosb[.0]1;
1677 233 1756 261 nec
1788 219 1912 261 uideo

152 281 250 324 hinc
291 281 523 335 quidquam
565 281 823 324 incommodi
855 283 1076 333 accidisse,
1119 284 1193 325 sed
1227 285 1385 330 multos
1418 284 1520 326 Dei‘·
1540 283 1601 338 [5³]
1634 282 1910 339 gratam⁰[‘?]

152 346 492 388 aedificationem
516 346 728 397 retulisse,
761 349 805 389 et
827 348 1002 389 Patrem
1024 348 1158 402 ipsius
1177 348 1368 402 Virginis
1389 351 1486 391 tota
1507 349 1598 391 uita
1620 349 1912 391 Lutheranum

152 425 264 453 nunc
304 411 468 453 factum
517 424 612 453 esse
654 411 963 463 Catholicum2‚
1011 412 1237 466 ipsumque
1284 414 1643 467 patremfamilias
1684 413 1914 455 Dominum

150 476 345 517 Marcum
367 475 614 528 Fuggerum
646 476 700 518 ad
729 477 919 520 melioris
950 477 1069 520 uitae
1101 478 1289 520 studium
1322 478 1585 532 peruenisse.
1629 478 1777 520 Finem
1810 492 1913 520 uero

151 539 530 595 exorcieandidff]
564 541 753 583 feceram
787 557 881 584 cum
915 542 1052 585 allata
1084 545 1185 585 sunt
1217 543 1380 597 scripta
1412 543 1459 586 P.
1482 543 1559 586 V.e
1591 543 1744 596 quibus
1777 543 1914 585 multa

150 608 384 659 praecepta
417 606 662 649 exorcistae
694 608 956 650 traduntur3
984 621 1120 661 eaque
1143 608 1189 650 P.
1207 608 1463 650 Wendelino
1497 611 1545 650 ut
1577 611 1676 662 post
1706 607 1787 650 hac
1819 607 1914 649 dili-

149 672 304 723 genter
341 670 555 722 obseruet,
599 671 984 726 commodauis[i>].
1049 673 1178 716 Saluo
1211 673 1383 715 interim
1416 673 1594 715 meliore
1625 672 1795 723 iudicio,
1838 686 1913 714 ex-

148 738 298 789 pertus
330 735 433 777 mihi
465 735 614 778 uideor
646 736 768 779 uaria
790 737 832 778 in
857 737 1052 791 personis
1076 738 1262 780 obsessis
1285 737 1541 788 accidentia,
1575 740 1624 780 ut
1655 737 1769 780 forte
1802 737 1914 778 diffi-

149 799 229 841 cile
261 800 318 842 sit
340 800 470 842 certis
492 801 655 854 regulis
679 802 984 856 comprehendi
1007 802 1163 853 omnia,
1198 816 1308 856 quae
1340 806 1549 856 perpetuo
1580 802 1695 844 circa
1717 803 1914 855 Energu-

149 879 298 906 menos
330 867 423 907 tum
454 865 673 919 fugienda,
718 869 810 909 tum
845 867 1116 909 obseruanda
1148 871 1261 910 sunt.
1325 867 1435 909 Illud
1468 881 1732 921 magnopere
1763 868 1911 921 probo,

149 932 197 972 ut
229 930 365 972 nostri
398 930 453 972 ad
485 930 565 973 hoc
597 946 752 974 munus
784 932 859 974 uix
890 946 1079 986 unquam
1112 946 1138 974 a
1170 932 1429 974 Prouinciali
1462 932 1762 982 admittantur,
1802 931 1914 974 sicut

150 995 196 1038 P.
231 995 278 1037 T.
313 998 465 1049 optare
496 996 600 1038 mihi
632 997 825 1045 uidetur;
869 1000 1000 1051 atque
1032 1001 1080 1040 ut
1112 997 1288 1040 admissi
1320 998 1373 1040 ab
1407 997 1519 1039 omni
1554 998 1809 1039 daemonum
1843 1010 1914 1038 ca-

150 1063 282 1103 ueant
313 1060 526 1112 illusione,
561 1064 604 1104 et
637 1063 919 1117 praescriptis
942 1065 1122 1105 utantur
1143 1063 1318 1116 regulis,
1352 1077 1435 1116 quo
1459 1063 1512 1104 ad
1536 1062 1627 1104 eius
1648 1061 1740 1104 fieri
1763 1061 1913 1115 possit.

149 1125 298 1167 Manet
318 1125 492 1168 interim
515 1126 628 1181 apud
652 1128 859 1180 quosdam
882 1128 961 1170 hoc
984 1127 1171 1178 dubium,
1205 1142 1260 1170 an
1294 1128 1483 1170 malitiae
1516 1131 1560 1170 et
1591 1125 1911 1170 fraudulentiae

151 1190 456 1233 daemoniacae
497 1205 668 1245 semper
709 1192 766 1234 sit
807 1192 1149 1243 adscribendum,
1193 1207 1288 1235 cum
1330 1193 1554 1235 adiuratus
1592 1192 1646 1234 ab
1679 1191 1910 1234 Exorcista

149 1255 331 1297 daemon
364 1256 433 1297 uel
465 1255 627 1298 inuitus
659 1256 836 1307 fatetur,
871 1260 947 1299 aut
978 1258 1152 1300 nuntiat
1183 1258 1357 1312 aliquid,
1392 1258 1505 1311 quod
1538 1258 1592 1299 ad
1615 1256 1696 1299 Dei
1728 1256 1909 1309 gloriam

149 1323 193 1362 et
225 1320 411 1363 salutem
444 1321 684 1363 animarum
717 1322 920 1376 pertinet.
981 1323 1039 1366 Et
1070 1337 1171 1364 num
1204 1323 1267 1366 ita
1299 1323 1612 1365 contemnenda
1643 1322 1743 1370 sint,
1777 1334 1909 1374 quae-

148 1399 315 1438 cunque
357 1386 592 1440 respondet
629 1387 855 1429 adiuratus
888 1388 1071 1430 daemon
1103 1388 1362 1439 exorcistae,
1405 1390 1453 1430 ut
1484 1388 1542 1430 sit
1574 1387 1908 1429 existimandum

147 1451 400 1492 daemonem
433 1451 616 1494 Diuinae
649 1452 887 1495 uoluntatis
919 1454 1115 1496 nuntium
1153 1456 1197 1496 et
1227 1453 1509 1507 interpretem
1543 1452 1666 1494 nobis
1698 1465 1793 1493 esse
1826 1464 1909 1492 non

147 1530 287 1569 posse.
350 1515 447 1558 Non
491 1516 583 1558 dico
620 1516 788 1560 isthaec
821 1518 862 1559 in
897 1519 1221 1561 excusationem
1255 1519 1422 1560 curiose
1464 1517 1792 1567 sciscitantium,
1835 1519 1910 1559 aut

147 1580 369 1623 daemonis
400 1581 652 1624 testimonia
683 1583 1008 1636 requirentium,
1043 1585 1112 1626 uel
1144 1588 1193 1627 ut
1225 1597 1470 1638 oppugnem
1502 1582 1831 1625 instructionem
1855 1581 1909 1623 ad

146 1659 225 1688 1105
266 1646 464 1695 missam3
507 1647 582 1689 sed
623 1650 671 1690 ut
712 1647 954 1702 intelligam
996 1649 1048 1691 de
1090 1649 1281 1702 quolibet
1322 1648 1554 1698 exorcista,
1598 1648 1810 1690 debeatne
1847 1646 1908 1688 sic

147 1710 354 1764 alligatus
395 1725 490 1753 esse
530 1711 657 1754 nudis
689 1712 1041 1755 Exorcismorum
1083 1714 1292 1765 formulis,
1336 1717 1383 1756 ut
1419 1713 1524 1754 nihil
1565 1715 1795 1767 praeterea
1827 1711 1909 1753 sci-

147 1776 309 1826 scitari,
353 1776 421 1818 uel
459 1790 589 1830 agere
622 1778 801 1831 possit4,
843 1778 1101 1833 praesertim
1134 1793 1229 1821 cum
1262 1779 1468 1821 daemong
1508 1778 1601 1833 ipse
1642 1778 1820 1826 fatetur,
1863 1790 1909 1818 se

147 1855 232 1883 non
272 1855 399 1895 posse
439 1842 662 1895 profligari
703 1846 834 1897 atque
876 1843 1077 1897 migrare,
1119 1844 1202 1885 nisi
1241 1844 1426 1898 primum
1465 1846 1669 1897 exponat,
1713 1856 1823 1895 quae
1855 1842 1908 1883 ad

148 1905 228 1947 Dei
260 1906 442 1958 gloriam
476 1907 646 1960 cogitur
678 1922 908 1962 exponere.
961 1909 1025 1950 Ac
1059 1909 1111 1952 de
1142 1909 1320 1962 Virgine
1353 1909 1522 1961 quidem
1556 1922 1667 1961 quae
1699 1907 1800 1949 mihi
1835 1907 1910 1948 ob-

147 1970 248 2023 tigit
279 1970 407 2024 longe
439 1971 568 2013 aliam
601 1973 814 2015 rationem
841 1987 935 2016 esse
971 1972 1164 2028 [uideo]h
1184 1973 1245 2029 [Ρ]
1279 1988 1407 2027 quam
1440 1974 1492 2015 de
1526 1973 1751 2015 Susanna5
1781 1971 1908 2014 isthic

148 2035 312 2078 utinam
345 2036 538 2090 perfecte
569 2037 766 2082 liberata.
820 2038 935 2080 Nam
959 2039 1092 2093 Virgo
1116 2054 1226 2092 quae
1258 2039 1435 2093 pietatis
1467 2041 1534 2081 est
1566 2052 1717 2080 amans
1749 2050 1908 2089 graues

149 2115 244 2142 cum
283 2100 509 2143 daemonei
549 2103 775 2146 conflictus
815 2104 952 2146 multo
985 2105 1172 2147 sustinet
1202 2108 1411 2159 tempore,
1454 2107 1498 2146 et
1529 2103 1758 2146 uisibiliter
1789 2102 1905 2143 illam

147 2168 342 2208 orantem
376 2168 419 2208 et
451 2169 577 2209 nocte
609 2168 761 2221 dieque
793 2168 1104 2222 uigilantemkss
1133 2170 1314 2212 infestat
1336 2170 1543 2219 Daemon,
1577 2169 1645 2211 cui
1677 2182 1722 2210 se
1755 2181 1801 2209 se
1832 2167 1908 2209 illa

146 2230 241 2284 ipsa
273 2231 539 2274 confidenter
559 2233 749 2286 opponit,
784 2233 866 2275 nisi
898 2234 1010 2287 quod
1033 2235 1213 2277 multum
1247 2235 1478 2276 animanda
1510 2234 1568 2276 sit
1599 2237 1751 2276 contra
1782 2231 1906 2286 spiri-

269 2299 297 2331 a)
313 2300 368 2325 Sic.
384 2300 461 2325 Num
481 2301 685 2333 corriyemlum
705 2305 746 2327 est
767 2302 906 2335 septem?
925 2303 994 2327 Vide
1014 2303 1107 2334 infru,
1127 2305 1195 2329 adn.
1218 2306 1240 2329 1.
1297 2303 1326 2336 b)
1341 2305 1405 2333 Sic,·
1424 2305 1663 2335 carriyemlmnne
1684 2301 1910 2335 profligandos?

147 2342 173 2372 c)
195 2341 242 2366 Sic
262 2349 327 2372 (11).;
353 2342 402 2366 sed
428 2343 580 2374 Ieyemlum
606 2351 665 2368 esse
691 2344 807 2369 videtur
833 2348 883 2369 aut
904 2344 965 2369 Deo
987 2346 1114 2377 gratam,
1140 2350 1191 2370 aut
1212 2360 1245 2364 —
1265 2347 1295 2370 id
1323 2347 1397 2378 quod
1422 2347 1494 2370 mihi
1520 2346 1614 2377 magis
1635 2345 1780 2377 probatur
1800 2358 1832 2361 -
1853 2343 1906 2368 Dei

148 2382 256 2413 gratia.
351 2382 380 2414 d)
403 2383 450 2408 Sic
469 2392 534 2415 ‹1p.;
556 2385 628 2415 quod
648 2386 852 2417 corriyemlmn
875 2387 1010 2411 videtur:
1030 2386 1229 2412 exorcizandi.
1317 2388 1345 2419 e)
1366 2395 1388 2413 5.
1409 2396 1456 2419 ap.
1547 2387 1574 2418 f)
1595 2385 1751 2412 comodaui
1772 2394 1837 2417 ap.;
1856 2386 1905 2410 sed

147 2424 330 2448 scribem‘lwn
349 2425 442 2455 fnisse
464 2425 581 2450 videtur
599 2426 817 2453 commendaui.
890 2428 920 2458 gl
943 2426 1072 2453 doemon
1093 2437 1139 2460 ap.
1214 2428 1245 2459 h)
1266 2430 1326 2454 Hoc
1346 2437 1370 2454 v.
1391 2430 1434 2453 rel
1454 2429 1548 2454 simile
1569 2428 1676 2461 sputo?
1700 2434 1807 2452 censeo
1818 2428 1840 2457 ,9)
1861 2428 1907 2451 laic

147 2466 341 2496 supplendum
361 2473 422 2490 esse
442 2466 566 2491 videtur.
642 2467 661 2496 i)
683 2466 830 2492 doemone
850 2477 897 2500 ap.
971 2468 1001 2500 k)
1024 2471 1147 2495 Correoei
1166 2478 1202 2495 ei·
1222 2470 1410 2501 nam-antem,-
1432 2478 1454 2494 ν.
1475 2471 1569 2501 infra,
1588 2471 1656 2494 adn.
1677 2472 1702 2495 5.

272 2549 282 2568 ¹
307 2548 452 2593 Septem
488 2550 679 2584 daemones
716 2562 736 2584 a
772 2550 914 2585 Canisio
950 2552 1158 2596 profligatos
1194 2564 1273 2587 esse
1312 2553 1495 2586 affirmant
1529 2552 1728 2597 complures
1764 2551 1904 2585 illorum

149 2602 347 2645 temporum
382 2602 570 2646 aequales3
605 2614 696 2647 quae
730 2606 851 2638 tamen
886 2616 966 2639 cum
1001 2617 1148 2640 numero
1178 2606 1219 2641 10
1254 2606 1360 2640 11111115
1395 2604 1570 2650 epistulae
1605 2605 1766 2650 componi
1801 2615 1904 2650 posse

150 2652 334 2694 videntum
362 2667 396 2689 v.
416 2655 520 2697 infra,
546 2668 639 2691 mon.
666 2659 729 2690 ott.
751 2657 818 2701 (2).

270 2707 283 2726 ²
311 2707 364 2741 18.
402 2707 616 2744 Novembris
656 2710 745 2744 1571
785 2710 821 2744 in
859 2711 1050 2746 matricula
1088 2712 1337 2746 universitatis
1375 2711 1579 2754 dilinganae
1617 2711 1811 2756 inscriptus
1849 2713 1904 2745 est

154 2759 329 2799 „Joannes
357 2760 539 2796 Conradus
566 2774 586 2796 a
612 2763 836 2797 Bernhuser“
869 2764 1021 2809 (Specht,
1048 2765 1155 2800 Matr.
1184 2765 1197 2798 I
1223 2765 1297 2808 79).

270 2813 283 2832 ⁸
307 2812 398 2847 Vide
423 2825 532 2858 supra
558 2827 591 2859 p.
611 2816 807 2851 392—393.

270 2866 282 2884 4
310 2864 473 2900 Canisius
511 2868 587 2911 ipse
624 2880 669 2902 m.
696 2870 861 2904 Ianuario
900 2871 990 2906 1570
1016 2869 1198 2915 Ottingae,
1233 2882 1313 2905 cum
1339 2872 1479 2905 Annam
1506 2870 1743 2905 Bernhusiam
1770 2871 1903 2904 exorci-

151 2918 259 2957 zaret,
287 2917 492 2952 daemonem
519 2920 825 2964 interrogave1·at;
853 2935 888 2957 v.
907 2924 1010 2965 infra,
1037 2935 1128 2958 mon.
1148 2926 1211 2960 ott.
1232 2924 1298 2968 (2).

272 2970 282 2986 ·”
308 2969 399 3004 Vide
424 2982 532 3015 supra
558 2985 591 3017 p.
607 2974 685 3008 221.

272 3023 284 3041 ὓ
312 3022 444 3057 Canisii
470 3025 586 3059 animo
620 3026 707 3061 illud
735 3028 933 3064 Salvatoris
959 3030 1236 3065 obversabatur:
1277 3030 1464 3073 „Vigilate,
1492 3033 1526 3065 et
1553 3033 1662 3072 orate,
1688 3032 1728 3064 ut
1752 3040 1821 3063 non
1853 3029 1903 3062 in-

152 3075 255 3109 tretis
281 3075 317 3108 in
343 3077 596 3111 tentationem⁴⁴
631 3079 701 3122 (Mt
727 3080 782 3121 26,
808 3082 865 3116 41.
916 3082 973 3117 Mc
1002 3084 1054 3125 14,
1082 3083 1157 3127 38).
