2044 3335
155 97 239 138 426
724 94 824 128 1727.
852 93 1015 128 Canisius
1043 93 1232 128 Guilielmo
1261 94 1335 138 (V.)

156 227 303 264 1727.
392 228 606 263 CANISIUS
635 225 1018 263 GUILIEIAEIO
1049 225 1159 271 (V.)
1188 228 1363 262 Bavariae
1390 228 1550 272 principi,
1578 228 1715 262 Alberti
1743 229 1785 263 V.
1813 228 1914 262 ducis

343 282 416 315 filio
442 284 528 315 natu
555 280 721 314 maximo.
1341 281 1486 324 Dilinga
1512 281 1567 315 27.
1589 281 1743 315 Ianuarii
1765 282 1866 315 1571.

276 347 329 380 Ex
359 347 524 388 „Summa
550 344 743 379 Doctrinae
770 344 1006 378 Christianae.
1046 344 1202 379 Auctore
1229 344 1270 380 D.
1289 345 1396 379 Petro
1423 345 1576 379 Canisi0.
1619 346 1657 379 In
1684 357 1788 380 vsum
1815 345 1915 379 scho-

155 400 268 434 larum
296 399 454 443 inclytae
472 398 682 439 Bavariae“,
710 398 875 440 Dilingae
898 398 997 438 1571,
1024 398 1049 431 f.
1069 397 1160 431 2-7
1188 410 1255 432 non
1282 399 1393 442 sign.;
1422 399 1467 432 cf.
1494 399 1597 436 infra,
1623 410 1716 432 mon.
1734 399 1803 433 litt.
1824 399 1914 441 (52).

156 453 308 486 Eaedem
344 452 486 486 litterae
513 451 651 496 positae
687 454 771 485 sunt
805 451 839 484 in
868 450 1111 494 compluribus
1146 450 1227 485 aliis
1255 451 1411 485 eiusdem
1446 451 1527 485 libri
1554 451 1779 492 editionibus,
1815 451 1915 485 utin

160 506 343 545 „Summa“
383 508 462 546 etc.,
501 504 667 538 Coloniae
706 504 806 544 1573,
845 504 870 538 f.
898 504 1063 537 ΑΘΒ-Α
1081 504 1157 543 11³;
1197 503 1233 538 in
1271 503 1455 547 „Summa“
1492 506 1571 546 etc.,
1610 504 1776 538 Coloniae
1815 505 1914 547 1576,

155 559 179 592 f.
199 560 229 592 A
245 559 359 592 6³—A
379 557 457 599 11b3
483 557 519 591 in
550 557 733 600 „Summa“
766 559 845 598 etc„
874 557 1042 592 Coloniae
1071 557 1172 598 1577,
1199 558 1223 592 f.
1242 558 1272 591 A
1288 558 1404 591 6³—A
1421 558 1489 591 11³.

273 626 440 663 Editoris
466 626 664 674 praefatio.
708 627 810 661 Anno
839 627 928 661 1569
955 626 1128 661 Albertus
1142 626 1184 661 V.
1213 627 1296 667 dux,
1324 627 1384 670 qui
1411 627 1602 661 Bavariam
1630 638 1661 661 a.
1684 627 1915 662 1550—1579

155 682 258 723 rexit,
285 681 480 722 mandavit,
507 685 548 715 ut
572 680 608 714 in
635 681 798 714 omnibus
824 680 1001 714 Bavariae
1028 680 1161 714 scholis
1188 680 1264 714 sive
1291 680 1413 714 latinis
1439 681 1516 714 sive
1543 680 1758 723 germanicis
1783 680 1916 715 Canisii

156 735 365 769 catechismi
383 735 496 768 maior
515 737 551 768 et
568 735 683 768 minor
701 733 986 778 explicarentur;
1013 745 1047 767 v.
1066 733 1171 774 infra,
1189 745 1281 769 mon.
1296 733 1364 768 litt.
1382 734 1472 777 (29).
1507 732 1623 774 Quare
1642 733 1806 768 Canisius
1824 737 1918 768 cate-

156 788 329 822 chismum
357 788 528 822 maiorem
555 787 633 821 sive
664 786 866 830 „Summam
886 786 1078 820 Doctrinae
1097 786 1344 821 Christianae“
1374 798 1394 821 a
1421 799 1458 821 se
1485 787 1705 829 recognitam
1732 789 1768 821 et
1793 787 1916 832 ampli-

155 841 299 875 ficata-m
326 853 358 875 a.
380 841 466 875 1571
497 842 532 874 in
558 852 662 875 usum
688 839 891 874 scholarum
920 839 1168 874 bavai-icarum
1193 839 1360 882 Dilingae
1387 840 1501 874 denuo
1528 840 1639 874 edidit
1664 842 1700 874 et
1727 839 1917 875 Guilielmo

157 894 297 928 Alberti
322 894 395 928 filio
421 895 509 928 natu
534 893 691 927 maximo
718 892 908 927 dedicavit.
961 893 1175 927 Guilielmus
1204 893 1470 937 (1548—1626)
1498 893 1611 928 Sociis
1636 894 1820 937 magistris
1845 893 1918 938 pie-

155 948 241 982 tatis
267 950 373 982 utens
399 947 522 981 orandi
549 947 771 987 assiduitate,
806 948 1033 991 peccatorum
1069 946 1225 987 horrore,
1260 946 1501 991 paenitentiae
1532 946 1660 988 studio,
1696 947 1918 981 oboedientia

157 1013 243 1045 erga
277 1001 398 1034 sedem
434 999 678 1045 apostolicam,
717 1000 954 1034 beneficentia
991 999 1026 1033 in
1062 1011 1239 1044 pauperes
1274 1000 1361 1034 adeo
1398 999 1606 1041 excellebat,
1646 1002 1685 1034 ut
1716 1000 1913 1044 „religiosi“

159 1054 260 1097 („der
278 1054 480 1097 Fromme“)
500 1064 696 1096 cognomen
716 1053 994 1098 adipisceretur;
1021 1053 1113 1087 idem
1141 1055 1177 1086 et
1202 1053 1342 1087 litteras
1361 1055 1397 1087 et
1415 1056 1521 1094 artes,
1541 1054 1715 1098 imprimis
1734 1054 1918 1095 musicam,

157 1108 301 1151 egregie
328 1107 472 1140 amabat
497 1109 605 1150 atque
625 1106 780 1140 fovebat.
817 1106 1049 1140 Liberalitate
1075 1108 1195 1140 autem
1221 1106 1256 1140 in
1276 1106 1491 1141 Societatem
1509 1106 1590 1140 Iesu
1609 1105 1839 1140 Guilielmum
1858 1106 1917 1140 IV.

157 1172 263 1195 avum
302 1160 376 1204 (qui
405 1160 686 1195 a.1508—155O
721 1159 898 1193 Bavariae
934 1159 1140 1203 imperavit)
1182 1161 1218 1193 et
1249 1159 1437 1193 Albertum
1457 1159 1499 1194 V.
1527 1162 1665 1204 patrem
1699 1172 1769 1194 non
1803 1160 1919 1194 solum

157 1214 344 1258 aequabat,
371 1213 432 1248 sed
453 1213 560 1247 etiam
580 1212 731 1246 inultum
758 1213 963 1258 superabat,
990 1212 1230 1257 pulcherrimo
1249 1212 1282 1247 S.
1301 1212 1490 1247 Michaelis
1508 1213 1638 1258 templo
1658 1213 1920 1257 magnificoque

157 1267 307 1311 collegio
334 1266 512 1300 Monachii
540 1267 746 1305 exstructis,
781 1267 865 1300 sede
892 1266 1080 1310 ottingana
1107 1266 1312 1307 constituta,
1347 1266 1510 1311 plurimis
1536 1266 1709 1301 reditibus
1736 1266 1920 1300 attributis

157 1323 223 1355 etc.
262 1321 371 1362 Idem,
398 1331 477 1354 cum
504 1331 535 1354 a.
554 1320 786 1354 1579—1598
813 1331 893 1353 cum
921 1318 1102 1353 Guilielmi
1116 1319 1158 1353 V.
1186 1319 1286 1353 ducis
1311 1319 1452 1353 nomine
1472 1319 1648 1354 Bavariae
1674 1331 1732 1353 res
1757 1319 1921 1364 publicas

156 1375 232 1419 ipse
268 1373 537 1408 administraret
565 1374 612 1416 (a.
644 1373 731 1407 1597
769 1375 923 1406 exeunte
955 1372 1201 1406 Maximiliano
1228 1372 1254 1407 Ι.
1291 1372 1364 1406 filio
1396 1384 1545 1416 regnum
1583 1373 1719 1416 cessit),
1755 1373 1789 1406 id
1825 1384 1920 1407 asse-

157 1430 261 1462 cutus
288 1430 353 1467 est,
388 1429 429 1460 ut
453 1426 682 1460 Monachium
715 1426 848 1468 „Roma
874 1426 1107 1460 Germaniae“
1139 1425 1359 1465 efficeretur;
1399 1426 1507 1460 simul
1532 1425 1695 1469 religioni
1722 1426 1920 1460 catholicae

156 1482 192 1515 in
219 1480 337 1521 Stiria,
357 1479 526 1520 Badenia,
546 1479 745 1513 Franconia
772 1479 1026 1513 instaurandae
1055 1482 1090 1513 et
1117 1478 1381 1513 confirmandae
1407 1491 1574 1523 magnam
1602 1491 1745 1524 operam
1770 1479 1921 1514 navavit

158 1537 194 1569 et
218 1533 385 1568 maximis
411 1533 594 1567 laboribus
620 1533 968 1578 archiepiscopatum
997 1532 1236 1567 coloniensem
1263 1532 1436 1567 ecclesiae
1463 1532 1661 1566 catholicae
1686 1533 1861 1567 servavit.

280 1605 533 1638 catechismum
568 1615 683 1647 smum,
719 1604 901 1637 catholicis
929 1604 1133 1647 probatum,
1171 1615 1192 1636 a
1221 1604 1501 1646 protestantibus
1534 1604 1752 1646 Δἱηῃυιιφιανί.
1803 1604 1922 1647 Neque

158 1664 270 1692 tamen
307 1669 342 1691 se
377 1659 423 1690 iis
458 1658 678 1701 respondere,
711 1659 923 1700 praesertim
961 1668 1039 1690 cum
1075 1668 1184 1690 eausa
1218 1657 1287 1690 sibi
1319 1658 1364 1689 sit
1400 1668 1477 1690 cum
1515 1657 1676 1690 omnibus
1705 1657 1923 1690 catechismis

158 1712 337 1745 catholicis
363 1712 567 1755 communis,
601 1716 631 1744 et
657 1722 734 1744 oum
760 1711 799 1743 P.
826 1711 989 1743 Busaeus·
1015 1708 1349 1754 „Autho›·itattbus“
1378 1711 1480 1743 editis
1506 1710 1752 1742 catechismum
1777 1711 1922 1743 eundem

159 1766 362 1798 illustrarit.
414 1765 485 1798 Nec
511 1775 590 1797 vero
616 1776 651 1797 se
676 1765 849 1806 impedire
874 1764 966 1807 velle,
999 1765 1188 1807 quominus
1212 1764 1263 1796 rel
1292 1763 1530 1796 Cateehismus
1557 1763 1739 1796 Romanus
1772 1764 1822 1796 vel
1848 1765 1923 1796 eius

158 1819 363 1861 compendia
389 1817 595 1851 catechismo
620 1828 684 1850 suo
705 1818 980 1860 praeferantur.
1018 1817 1119 1850 Recte
1144 1821 1260 1850 tamen
1287 1817 1482 1859 complures
1508 1817 1548 1849 de
1574 1817 1689 1849 eodem
1715 1821 1922 1859 uryumento

157 1872 318 1905 seribere.
367 1872 597 1904 Gm‘li'elmum
623 1872 769 1914 diffluum
795 1881 830 1903 se
850 1871 1022 1913 praebere
1052 1871 1242 1903 Guilielmo
1267 1870 1328 1902 IV.
1357 1880 1430 1902 (1¹00.
1474 1870 1654 1902 Eat-ariae
1674 1870 1859 1913 principes
1884 1872 1919 1903 rin

157 1926 225 1966 fide
250 1925 403 1957 catholic!
423 1928 619 1957 constantes
636 1935 705 1957 esse
713 1936 726 1966 ,·
751 1924 828 1956 *ideo
847 1925 1045 1956 Bal-(tricem
1073 1925 1110 1955 in
1129 1924 1231 1956 rebus
1257 1927 1287 1955 et
1304 1924 1418 1956 saeris
1444 1928 1473 1955 et
1487 1923 1658 1965 profanis
1684 1923 1783 1965 lonye
1799 1924 1923 1956 melius

159 1989 265 2021 quum
291 1978 384 2010 alias
409 1982 524 2010 terras
550 1977 687 2010 habere.
726 1978 955 2010 Gue'lielmmn
974 1977 1223 2019 christophori
1240 1976 1354 2009 Clarii
1379 1976 1510 2008 librum
1531 1976 1812 2009 mathematicum
1838 1977 1924 2009 laete

159 2033 337 2074 excepisse.

158 2118 591 2161 ILLVSTRISSIMO
636 2118 885 2160 PRINCIPI
923 2118 994 2159 AC
1033 2117 1261 2159 DOMINO
1301 2118 1351 2160 D.
1388 2117 1741 2168 GVILHELMQ
1784 2117 1925 2159 Rheni

321 2183 533 2234 Palatino,
568 2185 612 2225 et
644 2183 869 2236 Vtriusque
902 2182 1117 2224 Bauariae
1149 2183 1270 2233 Duci,
1307 2183 1495 2225 Patrono
1528 2182 1760 2236 benigniss.

847 2254 1003 2295 Petrus
1036 2253 1232 2295 Canisius

952 2318 994 2361 S.
1019 2318 1064 2361 P.
1090 2319 1142 2361 D.

276 2389 466 2432 COGOR
498 2389 610 2432 HOC
633 2389 779 2432 LOCO
813 2392 1025 2444 repetere,
1060 2389 1173 2442 quod
1205 2403 1298 2431 sum
1332 2389 1416 2431 iam
1451 2391 1553 2431 ante
1585 2391 1786 2440 testatus⁷
1821 2388 1924 2429 Illu-

160 2455 369 2498 strissime
394 2455 735 2497 GVILHELME
765 2454 984 2509 Princeps,
1019 2468 1087 2496 me
1119 2454 1321 2496 uidelicet
1353 2454 1549 2496 Viennae
1580 2453 1777 2507 primum,
1812 2453 1924 2506 quod

159 2521 222 2562 ita
253 2521 497 2574 postularet
530 2519 838 2562 Serenissimus
862 2520 1023 2562 Caesar
1045 2519 1479 2569 FERDINANDVS,
1512 2518 1592 2560 hoc
1626 2518 1825 2571 quicquid
1858 2520 1925 2560 est

161 2585 314 2638 operis,
347 2585 389 2626 in
422 2586 560 2626 lucem
596 2585 794 2635 edidisse,
829 2599 879 2628 ac
912 2585 1112 2628 editionis
1144 2584 1259 2626 illius
1293 2584 1516 2638 exemplar
1538 2583 1740 2625 Coloniae
1772 2585 1924 2637 postea

159 2650 484 2702 recognouisse,
527 2653 576 2692 ut
617 2650 829 2703 quaedam
871 2650 914 2691 in
954 2650 1027 2692 illo
1069 2653 1160 2692 tum
1204 2649 1419 2704 pleniora,
1461 2652 1552 2690 tum
1594 2648 1832 2691 illustriora
1870 2647 1925 2690 ad

160 2714 372 2767 publicam
406 2715 640 2757 utilitatem
674 2715 992 2759 efficerentur1.
1056 2715 1184 2757 Cuius
1223 2715 1392 2768 quidem
1428 2726 1584 2767 operae
1617 2713 1924 2766 qualiscunque

162 2778 329 2820 demum
354 2779 427 2820 illa
450 2780 545 2829 fuit,
570 2780 757 2821 nondum
781 2794 848 2822 ine
870 2794 975 2822 sane
997 2780 1205 2834 poenitet,
1233 2779 1308 2821 sed
1332 2778 1665 2821 clementissimo
1688 2778 1818 2829 DEO,
1853 2778 1924 2831 qui

285 2916 293 2935 ¹
321 2916 485 2950 Canisius
520 2917 608 2952 haec
634 2921 790 2953 testatus
817 2922 896 2954 erat
931 2920 965 2953 in
992 2919 1214 2964 praefatione
1246 2918 1433 2961 „Summae
1459 2918 1649 2952 Doctrinae
1677 2916 1920 2951 Christianae“

163 2979 183 3002 a
209 2979 246 3001 se
274 2969 479 3010 recognitae
507 2972 542 3003 et
569 2970 736 3005 Coloniae
764 2984 794 3006 a.
818 2973 905 3006 1566
934 2984 954 3006 a
979 2984 1018 3006 se
1045 2972 1161 3005 editae
1184 2970 1336 3015 (Can.V
1358 2971 1581 3013 159—163);
1609 2981 1714 3014 quam
1743 2969 1922 3003 Summam

162 3022 315 3066 primum
342 3032 374 3055 a.
396 3022 483 3055 1555
503 3021 732 3057 Vindobonae
769 3025 869 3058 iussu
896 3025 1111 3059 Ferdinandi
1136 3025 1163 3058 I.
1198 3025 1438 3059 Romanorum
1465 3024 1572 3067 regis,
1609 3023 1670 3067 qui
1704 3022 1808 3067 paulo
1844 3025 1925 3067 post

162 3075 357 3118 imperator
383 3074 519 3107 electus
546 3078 610 3115 est,
638 3076 798 3110 ediderat
827 3078 966 3119 (ccml
995 3078 1062 3111 :322
1090 3078 1189 3121 752).
