<?xml version="1.0" encoding="UTF-8"?>
<!DOCTYPE html PUBLIC "-//W3C//DTD XHTML 1.0 Transitional//EN"
    "http://www.w3.org/TR/xhtml1/DTD/xhtml1-transitional.dtd">
<html xmlns="http://www.w3.org/1999/xhtml" xml:lang="en" lang="en">
 <head>
  <title>
</title>
<meta http-equiv="Content-Type" content="text/html;charset=utf-8" />
  <meta name='ocr-system' content='tesseract 3.04.00' />
  <meta name='ocr-capabilities' content='ocr_page ocr_carea ocr_par ocr_line ocrx_word'/>
</head>
<body>
  <div class='ocr_page' id='page_1' title='image "beatipetricanisi06cani_0105.png"; bbox 0 0 2044 3335; ppageno 0'>
   <div class='ocr_carea' id='block_1_1' title="bbox 159 115 1875 159">
    <p class='ocr_par' dir='ltr' id='par_1_1' title="bbox 159 115 1875 159">
     <span class='ocr_line' id='line_1_1' title="bbox 159 115 1875 159; baseline -0.005 -2"><span class='ocrx_word' id='word_1_1' title='bbox 159 121 262 157; x_wconf 88' lang='lat'>1488.</span> <span class='ocrx_word' id='word_1_2' title='bbox 287 121 415 155; x_wconf 88' lang='lat' dir='ltr'>Franc.</span> <span class='ocrx_word' id='word_1_3' title='bbox 434 120 633 154; x_wconf 86' lang='lat' dir='ltr'>Turrianus</span> <span class='ocrx_word' id='word_1_4' title='bbox 652 119 739 154; x_wconf 85' lang='lat' dir='ltr'>can.</span> <span class='ocrx_word' id='word_1_5' title='bbox 766 119 880 153; x_wconf 86' lang='lat' dir='ltr'>Roma</span> <span class='ocrx_word' id='word_1_6' title='bbox 897 119 961 153; x_wconf 88' lang='lat' dir='ltr'>int.</span> <span class='ocrx_word' id='word_1_7' title='bbox 980 118 1072 153; x_wconf 88' lang='lat' dir='ltr'>med.</span> <span class='ocrx_word' id='word_1_8' title='bbox 1091 129 1136 152; x_wconf 90' lang='lat' dir='ltr'>m.</span> <span class='ocrx_word' id='word_1_9' title='bbox 1157 117 1222 152; x_wconf 90' lang='lat' dir='ltr'>Iul.</span> <span class='ocrx_word' id='word_1_10' title='bbox 1243 119 1279 151; x_wconf 89' lang='lat' dir='ltr'>et</span> <span class='ocrx_word' id='word_1_11' title='bbox 1297 118 1441 152; x_wconf 86' lang='lat' dir='ltr'>exeunt.</span> <span class='ocrx_word' id='word_1_12' title='bbox 1461 128 1506 151; x_wconf 91' lang='lat' dir='ltr'>m.</span> <span class='ocrx_word' id='word_1_13' title='bbox 1527 115 1606 150; x_wconf 89' lang='lat' dir='ltr'>Oct.</span> <span class='ocrx_word' id='word_1_14' title='bbox 1623 115 1726 150; x_wconf 90' lang='grc'><strong>1567.</strong></span> <span class='ocrx_word' id='word_1_15' title='bbox 1823 119 1875 159; x_wconf 81' lang='lat'>31</span> 
     </span>
    </p>
   </div>
   <div class='ocr_carea' id='block_1_2' title="bbox 104 234 1882 1831">
    <p class='ocr_par' dir='ltr' id='par_1_2' title="bbox 104 234 1881 548">
     <span class='ocr_line' id='line_1_2' title="bbox 105 234 1881 283; baseline -0.004 -9"><span class='ocrx_word' id='word_1_16' title='bbox 105 239 175 274; x_wconf 85' lang='lat' dir='ltr'>fuit</span> <span class='ocrx_word' id='word_1_17' title='bbox 211 239 397 282; x_wconf 79' lang='lat' dir='ltr'>Lavingae</span> <span class='ocrx_word' id='word_1_18' title='bbox 433 238 470 272; x_wconf 88' lang='lat' dir='ltr'>in</span> <span class='ocrx_word' id='word_1_19' title='bbox 506 238 714 283; x_wconf 84' lang='lat' dir='ltr'>praesentia</span> <span class='ocrx_word' id='word_1_20' title='bbox 752 238 995 272; x_wconf 85' lang='lat' dir='ltr'>Illustrissimi</span> <span class='ocrx_word' id='word_1_21' title='bbox 1033 236 1147 271; x_wconf 77' lang='lat' dir='ltr'>nostri</span> <span class='ocrx_word' id='word_1_22' title='bbox 1185 235 1364 280; x_wconf 86' lang='lat' dir='ltr'>Principis</span> <span class='ocrx_word' id='word_1_23' title='bbox 1402 234 1545 269; x_wconf 87' lang='lat' dir='ltr'><strong>Domini</strong></span> <span class='ocrx_word' id='word_1_24' title='bbox 1582 234 1805 277; x_wconf 86' lang='lat' dir='ltr'>Wolffgangi</span> <span class='ocrx_word' id='word_1_25' title='bbox 1844 236 1881 268; x_wconf 85' lang='lat' dir='ltr'>et</span> 
     </span>
     <span class='ocr_line' id='line_1_3' title="bbox 105 286 1878 335; baseline -0.004 -8"><span class='ocrx_word' id='word_1_26' title='bbox 105 292 278 327; x_wconf 91' lang='lat' dir='ltr'>Ludovici</span> <span class='ocrx_word' id='word_1_27' title='bbox 314 292 463 326; x_wconf 87' lang='lat' dir='ltr'>Comitis</span> <span class='ocrx_word' id='word_1_28' title='bbox 498 290 726 334; x_wconf 85' lang='lat' dir='ltr'>Ottingensis</span> <span class='ocrx_word' id='word_1_29' title='bbox 765 294 802 325; x_wconf 93' lang='lat' dir='ltr'>et</span> <span class='ocrx_word' id='word_1_30' title='bbox 838 291 1156 335; x_wconf 86' lang='lat' dir='ltr'>freqventissimae</span> <span class='ocrx_word' id='word_1_31' title='bbox 1193 288 1436 323; x_wconf 76' lang='lat' dir='ltr'>multitudinis</span> <span class='ocrx_word' id='word_1_32' title='bbox 1475 287 1617 333; x_wconf 87' lang='lat' dir='ltr'>publice</span> <span class='ocrx_word' id='word_1_33' title='bbox 1656 286 1878 321; x_wconf 86' lang='lat' dir='ltr'>Jesuitarum</span> 
     </span>
     <span class='ocr_line' id='line_1_4' title="bbox 104 340 1880 390; baseline -0.004 -10"><span class='ocrx_word' id='word_1_34' title='bbox 104 345 349 390; x_wconf 80' lang='lat' dir='ltr'>blasphemias</span> <span class='ocrx_word' id='word_1_35' title='bbox 374 344 564 379; x_wconf 86' lang='lat' dir='ltr'>revocavit</span> <span class='ocrx_word' id='word_1_36' title='bbox 598 346 635 378; x_wconf 91' lang='lat' dir='ltr'>et</span> <span class='ocrx_word' id='word_1_37' title='bbox 661 343 809 389; x_wconf 85' lang='lat' dir='ltr'>abjecit,</span> <span class='ocrx_word' id='word_1_38' title='bbox 845 355 887 378; x_wconf 86' lang='lat' dir='ltr'>ac</span> <span class='ocrx_word' id='word_1_39' title='bbox 922 345 1083 378; x_wconf 88' lang='lat' dir='ltr'>nostram</span> <span class='ocrx_word' id='word_1_40' title='bbox 1119 342 1382 377; x_wconf 86' lang='lat' dir='ltr'>confessionem</span> <span class='ocrx_word' id='word_1_41' title='bbox 1418 343 1475 375; x_wconf 86' lang='lat' dir='ltr'>est</span> <span class='ocrx_word' id='word_1_42' title='bbox 1500 341 1702 385; x_wconf 81' lang='lat' dir='ltr'>amplexus.</span> <span class='ocrx_word' id='word_1_43' title='bbox 1754 340 1880 384; x_wconf 87' lang='lat' dir='ltr'>ltaque</span> 
     </span>
     <span class='ocr_line' id='line_1_5' title="bbox 105 393 1879 444; baseline -0.004 -11"><span class='ocrx_word' id='word_1_44' title='bbox 105 410 170 444; x_wconf 89' lang='lat' dir='ltr'>per</span> <span class='ocrx_word' id='word_1_45' title='bbox 194 410 252 432; x_wconf 88' lang='lat' dir='ltr'>me</span> <span class='ocrx_word' id='word_1_46' title='bbox 277 397 421 443; x_wconf 89' lang='lat' dir='ltr'>publice</span> <span class='ocrx_word' id='word_1_47' title='bbox 456 399 492 431; x_wconf 91' lang='lat' dir='ltr'>et</span> <span class='ocrx_word' id='word_1_48' title='bbox 517 396 716 431; x_wconf 79' lang='lat' dir='ltr'>solenniter</span> <span class='ocrx_word' id='word_1_49' title='bbox 751 400 807 431; x_wconf 89' lang='lat' dir='ltr'>est</span> <span class='ocrx_word' id='word_1_50' title='bbox 833 396 1032 431; x_wconf 88' lang='lat' dir='ltr'>absolutus.</span> <span class='ocrx_word' id='word_1_51' title='bbox 1082 395 1233 429; x_wconf 84' lang='lat' dir='ltr'>Publica</span> <span class='ocrx_word' id='word_1_52' title='bbox 1259 395 1458 439; x_wconf 84' lang='lat' dir='ltr'>gratiarum</span> <span class='ocrx_word' id='word_1_53' title='bbox 1487 393 1581 428; x_wconf 87' lang='lat' dir='ltr'>actio</span> <span class='ocrx_word' id='word_1_54' title='bbox 1615 405 1679 438; x_wconf 91' lang='lat' dir='ltr'>pro</span> <span class='ocrx_word' id='word_1_55' title='bbox 1705 393 1773 427; x_wconf 90' lang='lat' dir='ltr'>hac</span> <span class='ocrx_word' id='word_1_56' title='bbox 1799 404 1879 427; x_wconf 88' lang='lat' dir='ltr'>con-</span> 
     </span>
     <span class='ocr_line' id='line_1_6' title="bbox 105 447 1879 495; baseline -0.002 -10"><span class='ocrx_word' id='word_1_57' title='bbox 105 451 272 486; x_wconf 86' lang='lat' dir='ltr'>versione</span> <span class='ocrx_word' id='word_1_58' title='bbox 310 450 468 485; x_wconf 88' lang='lat' dir='ltr'>Edvardi</span> <span class='ocrx_word' id='word_1_59' title='bbox 506 461 601 484; x_wconf 91' lang='lat' dir='ltr'>nunc</span> <span class='ocrx_word' id='word_1_60' title='bbox 638 452 695 484; x_wconf 89' lang='lat' dir='ltr'>est</span> <span class='ocrx_word' id='word_1_61' title='bbox 732 450 799 484; x_wconf 85' lang='lat' dir='ltr'>sub</span> <span class='ocrx_word' id='word_1_62' title='bbox 836 450 968 495; x_wconf 85' lang='lat' dir='ltr'>prelo.“</span> <span class='ocrx_word' id='word_1_63' title='bbox 1033 448 1235 494; x_wconf 75' lang='lat' dir='ltr'>Epistulam</span> <span class='ocrx_word' id='word_1_64' title='bbox 1275 449 1453 491; x_wconf 84' lang='lat' dir='ltr'>integram</span> <span class='ocrx_word' id='word_1_65' title='bbox 1491 447 1613 492; x_wconf 80' lang='lat' dir='ltr'>posuit</span> <span class='ocrx_word' id='word_1_66' title='bbox 1647 447 1722 481; x_wconf 78' lang='lat' dir='ltr'>[oh.</span> <span class='ocrx_word' id='word_1_67' title='bbox 1753 448 1879 489; x_wconf 73' lang='lat' dir='ltr'>Geory.</span> 
     </span>
     <span class='ocr_line' id='line_1_7' title="bbox 107 501 1662 548; baseline -0.003 -10"><span class='ocrx_word' id='word_1_68' title='bbox 107 505 312 548; x_wconf 82' lang='lat' dir='ltr'>Leuckfeld,</span> <span class='ocrx_word' id='word_1_69' title='bbox 339 504 501 538; x_wconf 75' lang='lat' dir='ltr'>Historia</span> <span class='ocrx_word' id='word_1_70' title='bbox 527 503 768 545; x_wconf 85' lang='lat' dir='ltr'>Heshusiana‚</span> <span class='ocrx_word' id='word_1_71' title='bbox 795 502 1042 546; x_wconf 86' lang='lat' dir='ltr'>Quedlinburg</span> <span class='ocrx_word' id='word_1_72' title='bbox 1067 502 1139 536; x_wconf 92' lang='lat' dir='ltr'>und</span> <span class='ocrx_word' id='word_1_73' title='bbox 1166 501 1430 536; x_wconf 88' lang='lat' dir='ltr'>Aschersleben</span> <span class='ocrx_word' id='word_1_74' title='bbox 1459 501 1561 542; x_wconf 90' lang='lat'>1716,</span> <span class='ocrx_word' id='word_1_75' title='bbox 1589 501 1662 535; x_wconf 73' lang='lat'>71¹¹.</span> 
     </span>
    </p>

    <p class='ocr_par' dir='ltr' id='par_1_3' title="bbox 104 552 1882 1562">
     <span class='ocr_line' id='line_1_8' title="bbox 224 552 1880 601; baseline -0.003 -10"><span class='ocrx_word' id='word_1_76' title='bbox 224 557 343 601; x_wconf 85' lang='lat' dir='ltr'>Magis</span> <span class='ocrx_word' id='word_1_77' title='bbox 378 557 487 591; x_wconf 86' lang='lat' dir='ltr'>etiam</span> <span class='ocrx_word' id='word_1_78' title='bbox 523 556 739 599; x_wconf 85' lang='lat' dir='ltr'>singillatim</span> <span class='ocrx_word' id='word_1_79' title='bbox 774 557 974 590; x_wconf 76' lang='lat' dir='ltr'>Heshusias</span> <span class='ocrx_word' id='word_1_80' title='bbox 1010 556 1046 589; x_wconf 88' lang='lat' dir='ltr'>in</span> <span class='ocrx_word' id='word_1_81' title='bbox 1084 555 1175 589; x_wconf 92' lang='lat' dir='ltr'>libro</span> <span class='ocrx_word' id='word_1_82' title='bbox 1213 555 1275 588; x_wconf 89' lang='lat' dir='ltr'>illo</span> <span class='ocrx_word' id='word_1_83' title='bbox 1315 553 1544 597; x_wconf 75' lang='lat' dir='ltr'>„Gratiarum</span> <span class='ocrx_word' id='word_1_84' title='bbox 1572 553 1686 587; x_wconf 87' lang='lat' dir='ltr'>actio“</span> <span class='ocrx_word' id='word_1_85' title='bbox 1727 552 1784 595; x_wconf 91' lang='lat' dir='ltr'>[de</span> <span class='ocrx_word' id='word_1_86' title='bbox 1810 563 1880 596; x_wconf 91' lang='lat' dir='ltr'>quo</span> 
     </span>
     <span class='ocr_line' id='line_1_9' title="bbox 105 606 1881 654; baseline -0.003 -9"><span class='ocrx_word' id='word_1_87' title='bbox 105 611 210 653; x_wconf 90' lang='lat' dir='ltr'>infra,</span> <span class='ocrx_word' id='word_1_88' title='bbox 236 622 331 645; x_wconf 90' lang='lat' dir='ltr'>mon.</span> <span class='ocrx_word' id='word_1_89' title='bbox 357 622 433 645; x_wconf 89' lang='lat' dir='ltr'>var.</span> <span class='ocrx_word' id='word_1_90' title='bbox 462 610 533 654; x_wconf 83' lang='lat'><strong>(3)]</strong></span> <span class='ocrx_word' id='word_1_91' title='bbox 568 609 658 644; x_wconf 90' lang='lat' dir='ltr'>haec</span> <span class='ocrx_word' id='word_1_92' title='bbox 684 610 865 644; x_wconf 87' lang='lat' dir='ltr'>narravit:</span> <span class='ocrx_word' id='word_1_93' title='bbox 902 610 934 643; x_wconf 85' lang='lat'>2.</span> <span class='ocrx_word' id='word_1_94' title='bbox 962 608 1184 654; x_wconf 87' lang='lat' dir='ltr'>Septembris</span> <span class='ocrx_word' id='word_1_95' title='bbox 1213 608 1315 648; x_wconf 89' lang='lat'>1567,</span> <span class='ocrx_word' id='word_1_96' title='bbox 1350 619 1431 642; x_wconf 91' lang='lat' dir='ltr'>cum</span> <span class='ocrx_word' id='word_1_97' title='bbox 1466 606 1657 641; x_wconf 87' lang='lat' dir='ltr'>Eduardus</span> <span class='ocrx_word' id='word_1_98' title='bbox 1693 617 1777 651; x_wconf 84' lang='lat' dir='ltr'>„per</span> <span class='ocrx_word' id='word_1_99' title='bbox 1803 606 1881 640; x_wconf 89' lang='lat' dir='ltr'>dies</span> 
     </span>
     <span class='ocr_line' id='line_1_10' title="bbox 107 659 1879 708; baseline -0.003 -10"><span class='ocrx_word' id='word_1_100' title='bbox 107 664 379 708; x_wconf 88' lang='lat' dir='ltr'>quatuordecim</span> <span class='ocrx_word' id='word_1_101' title='bbox 399 690 407 699; x_wconf 93' lang='lat'><strong>.</strong></span> <span class='ocrx_word' id='word_1_102' title='bbox 427 691 433 698; x_wconf 93' lang='lat'><strong>.</strong></span> <span class='ocrx_word' id='word_1_103' title='bbox 454 691 462 698; x_wconf 89' lang='lat'><strong>.</strong></span> <span class='ocrx_word' id='word_1_104' title='bbox 489 665 526 697; x_wconf 91' lang='lat' dir='ltr'>et</span> <span class='ocrx_word' id='word_1_105' title='bbox 543 663 757 697; x_wconf 80' lang='lat' dir='ltr'>modestiam</span> <span class='ocrx_word' id='word_1_106' title='bbox 784 663 819 696; x_wconf 90' lang='lat' dir='ltr'>in</span> <span class='ocrx_word' id='word_1_107' title='bbox 846 662 1007 696; x_wconf 87' lang='lat' dir='ltr'>moribus</span> <span class='ocrx_word' id='word_1_108' title='bbox 1034 662 1241 707; x_wconf 84' lang='lat' dir='ltr'>probasset:</span> <span class='ocrx_word' id='word_1_109' title='bbox 1270 663 1306 695; x_wconf 92' lang='lat' dir='ltr'>et</span> <span class='ocrx_word' id='word_1_110' title='bbox 1331 661 1473 706; x_wconf 90' lang='lat' dir='ltr'>priuato</span> <span class='ocrx_word' id='word_1_111' title='bbox 1500 659 1657 694; x_wconf 85' lang='lat' dir='ltr'>examini</span> <span class='ocrx_word' id='word_1_112' title='bbox 1684 659 1879 701; x_wconf 88' lang='lat' dir='ltr'>subiectus,</span> 
     </span>
     <span class='ocr_line' id='line_1_11' title="bbox 106 712 1879 763; baseline -0.003 -11"><span class='ocrx_word' id='word_1_113' title='bbox 106 719 149 752; x_wconf 88' lang='lat' dir='ltr'>de</span> <span class='ocrx_word' id='word_1_114' title='bbox 175 717 379 763; x_wconf 79' lang='lat' dir='ltr'>praecipuis</span> <span class='ocrx_word' id='word_1_115' title='bbox 404 716 568 751; x_wconf 85' lang='lat' dir='ltr'>articulis</span> <span class='ocrx_word' id='word_1_116' title='bbox 594 719 740 750; x_wconf 85' lang='lat' dir='ltr'>nostrae</span> <span class='ocrx_word' id='word_1_117' title='bbox 765 716 859 757; x_wconf 81' lang='lat' dir='ltr'>fidei,</span> <span class='ocrx_word' id='word_1_118' title='bbox 886 716 945 760; x_wconf 90' lang='lat' dir='ltr'>pie</span> <span class='ocrx_word' id='word_1_119' title='bbox 971 717 1008 750; x_wconf 89' lang='lat' dir='ltr'>et</span> <span class='ocrx_word' id='word_1_120' title='bbox 1033 717 1132 749; x_wconf 88' lang='lat' dir='ltr'>recte</span> <span class='ocrx_word' id='word_1_121' title='bbox 1158 727 1203 749; x_wconf 84' lang='lat' dir='ltr'>ex</span> <span class='ocrx_word' id='word_1_122' title='bbox 1221 715 1330 749; x_wconf 89' lang='lat' dir='ltr'>uerbo</span> <span class='ocrx_word' id='word_1_123' title='bbox 1348 714 1414 748; x_wconf 91' lang='lat' dir='ltr'>Dei</span> <span class='ocrx_word' id='word_1_124' title='bbox 1441 713 1709 759; x_wconf 82' lang='lat' dir='ltr'>respondisset:</span> <span class='ocrx_word' id='word_1_125' title='bbox 1736 714 1773 746; x_wconf 88' lang='lat' dir='ltr'>et</span> <span class='ocrx_word' id='word_1_126' title='bbox 1798 712 1879 746; x_wconf 90' lang='lat' dir='ltr'>sub-</span> 
     </span>
     <span class='ocr_line' id='line_1_12' title="bbox 105 765 1879 816; baseline -0.004 -10"><span class='ocrx_word' id='word_1_127' title='bbox 105 771 214 806; x_wconf 86' lang='lat' dir='ltr'>misse</span> <span class='ocrx_word' id='word_1_128' title='bbox 241 771 443 816; x_wconf 88' lang='lat' dir='ltr'>petiuisset,</span> <span class='ocrx_word' id='word_1_129' title='bbox 479 772 519 804; x_wconf 92' lang='lat' dir='ltr'>ut</span> <span class='ocrx_word' id='word_1_130' title='bbox 545 770 588 804; x_wconf 89' lang='lat' dir='ltr'>ad</span> <span class='ocrx_word' id='word_1_131' title='bbox 616 770 828 804; x_wconf 88' lang='lat' dir='ltr'>societatem</span> <span class='ocrx_word' id='word_1_132' title='bbox 855 771 1001 803; x_wconf 88' lang='lat' dir='ltr'>nostrae</span> <span class='ocrx_word' id='word_1_133' title='bbox 1027 768 1213 803; x_wconf 83' lang='lat' dir='ltr'>Ecclesiae</span> <span class='ocrx_word' id='word_1_134' title='bbox 1240 768 1511 802; x_wconf 86' lang='lat' dir='ltr'>admitteretur:</span> <span class='ocrx_word' id='word_1_135' title='bbox 1538 778 1670 810; x_wconf 84' lang='lat' dir='ltr'>magna</span> <span class='ocrx_word' id='word_1_136' title='bbox 1696 765 1879 800; x_wconf 89' lang='lat' dir='ltr'>hominum</span> 
     </span>
     <span class='ocr_line' id='line_1_13' title="bbox 106 820 1879 868; baseline -0.003 -10"><span class='ocrx_word' id='word_1_137' title='bbox 106 825 298 859; x_wconf 86' lang='lat' dir='ltr'>multitudo</span> <span class='ocrx_word' id='word_1_138' title='bbox 325 851 333 859; x_wconf 90' lang='lat'><strong>.</strong></span> <span class='ocrx_word' id='word_1_139' title='bbox 349 852 355 858; x_wconf 95' lang='lat'><em>.</em></span> <span class='ocrx_word' id='word_1_140' title='bbox 373 851 380 858; x_wconf 94' lang='lat'>.</span> <span class='ocrx_word' id='word_1_141' title='bbox 407 824 443 858; x_wconf 90' lang='lat' dir='ltr'>in</span> <span class='ocrx_word' id='word_1_142' title='bbox 461 823 595 868; x_wconf 90' lang='lat' dir='ltr'>templo</span> <span class='ocrx_word' id='word_1_143' title='bbox 614 822 825 866; x_wconf 82' lang='lat' dir='ltr'>Lauingano</span> <span class='ocrx_word' id='word_1_144' title='bbox 844 823 1022 857; x_wconf 88' lang='lat' dir='ltr'>conuenit.</span> <span class='ocrx_word' id='word_1_145' title='bbox 1042 849 1050 857; x_wconf 87' lang='lat'><strong>.</strong></span> <span class='ocrx_word' id='word_1_146' title='bbox 1067 848 1074 856; x_wconf 89' lang='lat'><strong>.</strong></span> <span class='ocrx_word' id='word_1_147' title='bbox 1091 848 1098 856; x_wconf 93' lang='lat'>.</span> <span class='ocrx_word' id='word_1_148' title='bbox 1134 821 1312 856; x_wconf 89' lang='lat' dir='ltr'>Concione</span> <span class='ocrx_word' id='word_1_149' title='bbox 1338 820 1382 855; x_wconf 87' lang='lat' dir='ltr'>ad</span> <span class='ocrx_word' id='word_1_150' title='bbox 1409 820 1581 866; x_wconf 90' lang='lat' dir='ltr'>populum</span> <span class='ocrx_word' id='word_1_151' title='bbox 1607 831 1671 865; x_wconf 91' lang='lat' dir='ltr'>per</span> <span class='ocrx_word' id='word_1_152' title='bbox 1696 821 1879 864; x_wconf 85' lang='lat' dir='ltr'>pastorem</span> 
     </span>
     <span class='ocr_line' id='line_1_14' title="bbox 105 872 1881 921; baseline -0.003 -9"><span class='ocrx_word' id='word_1_153' title='bbox 105 877 240 920; x_wconf 86' lang='lat' dir='ltr'>habita,</span> <span class='ocrx_word' id='word_1_154' title='bbox 276 878 466 912; x_wconf 91' lang='lat' dir='ltr'>Eduardus</span> <span class='ocrx_word' id='word_1_155' title='bbox 501 877 536 910; x_wconf 93' lang='lat' dir='ltr'>in</span> <span class='ocrx_word' id='word_1_156' title='bbox 564 888 681 920; x_wconf 86' lang='lat' dir='ltr'>genua</span> <span class='ocrx_word' id='word_1_157' title='bbox 708 876 948 921; x_wconf 86' lang='lat' dir='ltr'>procumbens</span> <span class='ocrx_word' id='word_1_158' title='bbox 974 875 1018 909; x_wconf 89' lang='lat' dir='ltr'>ad</span> <span class='ocrx_word' id='word_1_159' title='bbox 1046 875 1171 917; x_wconf 85' lang='lat' dir='ltr'>altare,</span> <span class='ocrx_word' id='word_1_160' title='bbox 1208 877 1243 909; x_wconf 91' lang='lat' dir='ltr'>et</span> <span class='ocrx_word' id='word_1_161' title='bbox 1270 874 1344 908; x_wconf 88' lang='lat' dir='ltr'>Deo</span> <span class='ocrx_word' id='word_1_162' title='bbox 1372 876 1408 908; x_wconf 86' lang='lat' dir='ltr'>et</span> <span class='ocrx_word' id='word_1_163' title='bbox 1434 873 1618 908; x_wconf 85' lang='lat' dir='ltr'>Ecclesiae</span> <span class='ocrx_word' id='word_1_164' title='bbox 1644 872 1799 918; x_wconf 83' lang='lat' dir='ltr'>supplex</span> <span class='ocrx_word' id='word_1_165' title='bbox 1825 874 1881 906; x_wconf 91' lang='lat' dir='ltr'>est</span> 
     </span>
     <span class='ocr_line' id='line_1_15' title="bbox 104 926 1879 972; baseline -0.004 -6"><span class='ocrx_word' id='word_1_166' title='bbox 104 931 235 966; x_wconf 90' lang='lat' dir='ltr'>factus.</span> <span class='ocrx_word' id='word_1_167' title='bbox 287 930 378 972; x_wconf 81' lang='lat' dir='ltr'>Quia</span> <span class='ocrx_word' id='word_1_168' title='bbox 404 942 489 965; x_wconf 91' lang='lat' dir='ltr'>uero</span> <span class='ocrx_word' id='word_1_169' title='bbox 523 929 708 964; x_wconf 87' lang='lat' dir='ltr'>idiomatis</span> <span class='ocrx_word' id='word_1_170' title='bbox 734 929 848 964; x_wconf 84' lang='lat' dir='ltr'>nostri</span> <span class='ocrx_word' id='word_1_171' title='bbox 876 928 1081 964; x_wconf 87' lang='lat' dir='ltr'>Germanici</span> <span class='ocrx_word' id='word_1_172' title='bbox 1116 928 1266 972; x_wconf 82' lang='lat' dir='ltr'>ignarus</span> <span class='ocrx_word' id='word_1_173' title='bbox 1292 927 1382 969; x_wconf 70' lang='lat' dir='ltr'>est‘,</span> <span class='ocrx_word' id='word_1_174' title='bbox 1418 927 1534 961; x_wconf 89' lang='lat' dir='ltr'>latina</span> <span class='ocrx_word' id='word_1_175' title='bbox 1569 926 1683 960; x_wconf 89' lang='lat' dir='ltr'>oratio</span> <span class='ocrx_word' id='word_1_176' title='bbox 1717 926 1761 960; x_wconf 89' lang='lat' dir='ltr'>ad</span> <span class='ocrx_word' id='word_1_177' title='bbox 1798 937 1879 959; x_wconf 91' lang='lat' dir='ltr'>eum</span> 
     </span>
     <span class='ocr_line' id='line_1_16' title="bbox 105 978 1879 1028; baseline -0.004 -9"><span class='ocrx_word' id='word_1_178' title='bbox 105 984 229 1019; x_wconf 88' lang='lat' dir='ltr'>habita</span> <span class='ocrx_word' id='word_1_179' title='bbox 255 987 322 1019; x_wconf 89' lang='lat' dir='ltr'>est.</span> <span class='ocrx_word' id='word_1_180' title='bbox 374 984 413 1018; x_wconf 92' lang='lat' dir='ltr'>In</span> <span class='ocrx_word' id='word_1_181' title='bbox 448 995 519 1028; x_wconf 87' lang='lat' dir='ltr'>qua</span> <span class='ocrx_word' id='word_1_182' title='bbox 552 983 620 1018; x_wconf 90' lang='lat' dir='ltr'>hoc</span> <span class='ocrx_word' id='word_1_183' title='bbox 655 983 764 1017; x_wconf 89' lang='lat' dir='ltr'>etiam</span> <span class='ocrx_word' id='word_1_184' title='bbox 801 983 937 1017; x_wconf 89' lang='lat' dir='ltr'>dictum</span> <span class='ocrx_word' id='word_1_185' title='bbox 964 984 1038 1016; x_wconf 88' lang='lat' dir='ltr'>est:</span> <span class='ocrx_word' id='word_1_186' title='bbox 1080 981 1299 1024; x_wconf 87' lang='lat' dir='ltr'>„Fatendum</span> <span class='ocrx_word' id='word_1_187' title='bbox 1327 981 1470 1015; x_wconf 88' lang='lat' dir='ltr'>omnino</span> <span class='ocrx_word' id='word_1_188' title='bbox 1497 982 1569 1021; x_wconf 83' lang='lat' dir='ltr'>est,</span> <span class='ocrx_word' id='word_1_189' title='bbox 1606 979 1760 1013; x_wconf 89' lang='lat' dir='ltr'>Iesuitas</span> <span class='ocrx_word' id='word_1_190' title='bbox 1786 978 1879 1013; x_wconf 85' lang='lat' dir='ltr'>blas-</span> 
     </span>
     <span class='ocr_line' id='line_1_17' title="bbox 105 1032 1879 1083; baseline -0.004 -10"><span class='ocrx_word' id='word_1_191' title='bbox 105 1038 269 1083; x_wconf 88' lang='lat' dir='ltr'>phemias</span> <span class='ocrx_word' id='word_1_192' title='bbox 287 1040 429 1072; x_wconf 87' lang='lat' dir='ltr'>atroces</span> <span class='ocrx_word' id='word_1_193' title='bbox 453 1038 489 1071; x_wconf 90' lang='lat' dir='ltr'>in</span> <span class='ocrx_word' id='word_1_194' title='bbox 509 1037 623 1072; x_wconf 90' lang='lat' dir='ltr'>Deum</span> <span class='ocrx_word' id='word_1_195' title='bbox 641 1048 819 1077; x_wconf 86' lang='lat' dir='ltr'>euomere,</span> <span class='ocrx_word' id='word_1_196' title='bbox 847 1036 931 1070; x_wconf 90' lang='lat' dir='ltr'>dum</span> <span class='ocrx_word' id='word_1_197' title='bbox 958 1047 1101 1070; x_wconf 89' lang='lat' dir='ltr'>omnem</span> <span class='ocrx_word' id='word_1_198' title='bbox 1126 1034 1296 1069; x_wconf 90' lang='lat' dir='ltr'>fiduciam</span> <span class='ocrx_word' id='word_1_199' title='bbox 1322 1034 1357 1068; x_wconf 91' lang='lat' dir='ltr'>in</span> <span class='ocrx_word' id='word_1_200' title='bbox 1384 1035 1461 1068; x_wconf 89' lang='lat' dir='ltr'>suis</span> <span class='ocrx_word' id='word_1_201' title='bbox 1487 1033 1667 1068; x_wconf 90' lang='lat' dir='ltr'>collocant</span> <span class='ocrx_word' id='word_1_202' title='bbox 1692 1032 1879 1078; x_wconf 90' lang='lat' dir='ltr'>operibus:</span> 
     </span>
     <span class='ocr_line' id='line_1_18' title="bbox 106 1086 1879 1136; baseline -0.004 -10"><span class='ocrx_word' id='word_1_203' title='bbox 106 1091 242 1126; x_wconf 80' lang='lat' dir='ltr'>Christi</span> <span class='ocrx_word' id='word_1_204' title='bbox 268 1091 442 1126; x_wconf 89' lang='lat' dir='ltr'>beneficia</span> <span class='ocrx_word' id='word_1_205' title='bbox 476 1090 627 1136; x_wconf 88' lang='lat' dir='ltr'>pedibus</span> <span class='ocrx_word' id='word_1_206' title='bbox 654 1090 888 1124; x_wconf 89' lang='lat' dir='ltr'>conculcant:</span> <span class='ocrx_word' id='word_1_207' title='bbox 925 1089 1020 1123; x_wconf 90' lang='lat' dir='ltr'>idola</span> <span class='ocrx_word' id='word_1_208' title='bbox 1055 1100 1121 1123; x_wconf 91' lang='lat' dir='ltr'>sua</span> <span class='ocrx_word' id='word_1_209' title='bbox 1146 1089 1337 1122; x_wconf 89' lang='lat' dir='ltr'>inuocant:</span> <span class='ocrx_word' id='word_1_210' title='bbox 1373 1087 1599 1132; x_wconf 90' lang='lat' dir='ltr'>aspernando</span> <span class='ocrx_word' id='word_1_211' title='bbox 1626 1086 1692 1120; x_wconf 91' lang='lat' dir='ltr'>Dei</span> <span class='ocrx_word' id='word_1_212' title='bbox 1718 1086 1879 1126; x_wconf 87' lang='lat' dir='ltr'>uerbum,</span> 
     </span>
     <span class='ocr_line' id='line_1_19' title="bbox 105 1139 1880 1188; baseline -0.003 -9"><span class='ocrx_word' id='word_1_213' title='bbox 105 1145 180 1179; x_wconf 88' lang='lat' dir='ltr'>Deo</span> <span class='ocrx_word' id='word_1_214' title='bbox 207 1157 347 1179; x_wconf 91' lang='lat' dir='ltr'>omnem</span> <span class='ocrx_word' id='word_1_215' title='bbox 366 1146 541 1188; x_wconf 81' lang='lat' dir='ltr'>derogant</span> <span class='ocrx_word' id='word_1_216' title='bbox 558 1143 850 1178; x_wconf 87' lang='lat' dir='ltr'>authoritatem.“</span> <span class='ocrx_word' id='word_1_217' title='bbox 886 1142 1023 1177; x_wconf 86' lang='lat' dir='ltr'>Deinde</span> <span class='ocrx_word' id='word_1_218' title='bbox 1050 1141 1240 1176; x_wconf 87' lang='lat' dir='ltr'>Eduardus</span> <span class='ocrx_word' id='word_1_219' title='bbox 1266 1142 1387 1175; x_wconf 89' lang='lat' dir='ltr'>iussus</span> <span class='ocrx_word' id='word_1_220' title='bbox 1414 1143 1470 1174; x_wconf 91' lang='lat' dir='ltr'>est</span> <span class='ocrx_word' id='word_1_221' title='bbox 1487 1140 1532 1174; x_wconf 89' lang='lat' dir='ltr'>ad</span> <span class='ocrx_word' id='word_1_222' title='bbox 1551 1142 1630 1174; x_wconf 90' lang='lat' dir='ltr'>octo</span> <span class='ocrx_word' id='word_1_223' title='bbox 1649 1139 1880 1184; x_wconf 87' lang='lat' dir='ltr'>quaestiones</span> 
     </span>
     <span class='ocr_line' id='line_1_20' title="bbox 105 1193 1879 1243; baseline -0.004 -10"><span class='ocrx_word' id='word_1_224' title='bbox 105 1199 340 1243; x_wconf 87' lang='lat' dir='ltr'>respondere;</span> <span class='ocrx_word' id='word_1_225' title='bbox 368 1209 521 1242; x_wconf 88' lang='lat' dir='ltr'>quarum</span> <span class='ocrx_word' id='word_1_226' title='bbox 539 1197 654 1242; x_wconf 87' lang='lat' dir='ltr'>prima</span> <span class='ocrx_word' id='word_1_227' title='bbox 673 1197 763 1231; x_wconf 86' lang='lat' dir='ltr'>haec</span> <span class='ocrx_word' id='word_1_228' title='bbox 782 1198 878 1231; x_wconf 89' lang='lat' dir='ltr'>erat:</span> <span class='ocrx_word' id='word_1_229' title='bbox 911 1196 1099 1239; x_wconf 89' lang='lat' dir='ltr'>„Eduarde</span> <span class='ocrx_word' id='word_1_230' title='bbox 1125 1196 1248 1236; x_wconf 86' lang='lat' dir='ltr'>frater,</span> <span class='ocrx_word' id='word_1_231' title='bbox 1277 1194 1491 1238; x_wconf 85' lang='lat' dir='ltr'>agnoscisne</span> <span class='ocrx_word' id='word_1_232' title='bbox 1515 1195 1551 1227; x_wconf 90' lang='lat' dir='ltr'>et</span> <span class='ocrx_word' id='word_1_233' title='bbox 1569 1193 1669 1228; x_wconf 88' lang='lat' dir='ltr'>doles</span> <span class='ocrx_word' id='word_1_234' title='bbox 1687 1205 1732 1227; x_wconf 88' lang='lat' dir='ltr'>ex</span> <span class='ocrx_word' id='word_1_235' title='bbox 1751 1193 1879 1233; x_wconf 88' lang='lat' dir='ltr'>animo,</span> 
     </span>
     <span class='ocr_line' id='line_1_21' title="bbox 104 1246 1876 1297; baseline -0.003 -11"><span class='ocrx_word' id='word_1_236' title='bbox 104 1254 142 1286; x_wconf 91' lang='lat' dir='ltr'>te</span> <span class='ocrx_word' id='word_1_237' title='bbox 167 1252 262 1297; x_wconf 91' lang='lat' dir='ltr'>apud</span> <span class='ocrx_word' id='word_1_238' title='bbox 289 1253 443 1287; x_wconf 85' lang='lat' dir='ltr'>Iesuitas</span> <span class='ocrx_word' id='word_1_239' title='bbox 469 1251 583 1285; x_wconf 91' lang='lat' dir='ltr'>fuisse</span> <span class='ocrx_word' id='word_1_240' title='bbox 610 1252 643 1285; x_wconf 90' lang='lat' dir='ltr'>in</span> <span class='ocrx_word' id='word_1_241' title='bbox 671 1262 804 1294; x_wconf 85' lang='lat' dir='ltr'>magno</span> <span class='ocrx_word' id='word_1_242' title='bbox 831 1262 962 1291; x_wconf 88' lang='lat' dir='ltr'>errore,</span> <span class='ocrx_word' id='word_1_243' title='bbox 1001 1261 1071 1293; x_wconf 92' lang='lat' dir='ltr'>quo</span> <span class='ocrx_word' id='word_1_244' title='bbox 1097 1249 1187 1283; x_wconf 90' lang='lat' dir='ltr'>iram</span> <span class='ocrx_word' id='word_1_245' title='bbox 1215 1248 1279 1282; x_wconf 91' lang='lat' dir='ltr'>Dei</span> <span class='ocrx_word' id='word_1_246' title='bbox 1306 1250 1343 1282; x_wconf 90' lang='lat' dir='ltr'>et</span> <span class='ocrx_word' id='word_1_247' title='bbox 1369 1248 1634 1281; x_wconf 87' lang='lat' dir='ltr'>damnationem</span> <span class='ocrx_word' id='word_1_248' title='bbox 1661 1246 1876 1281; x_wconf 73' lang='lat' dir='ltr'>meruisti‘?“</span> 
     </span>
     <span class='ocr_line' id='line_1_22' title="bbox 106 1300 1880 1350; baseline -0.004 -10"><span class='ocrx_word' id='word_1_249' title='bbox 106 1305 305 1350; x_wconf 87' lang='lat' dir='ltr'>Respondit</span> <span class='ocrx_word' id='word_1_250' title='bbox 329 1305 410 1340; x_wconf 89' lang='lat' dir='ltr'>ille:</span> <span class='ocrx_word' id='word_1_251' title='bbox 452 1307 652 1348; x_wconf 60' lang='lat' dir='ltr'>„Agnoscm</span> <span class='ocrx_word' id='word_1_252' title='bbox 680 1307 716 1338; x_wconf 91' lang='lat' dir='ltr'>et</span> <span class='ocrx_word' id='word_1_253' title='bbox 742 1304 897 1348; x_wconf 83' lang='lat' dir='ltr'>deploro,</span> <span class='ocrx_word' id='word_1_254' title='bbox 924 1314 981 1337; x_wconf 90' lang='lat' dir='ltr'>me</span> <span class='ocrx_word' id='word_1_255' title='bbox 1007 1302 1102 1348; x_wconf 88' lang='lat' dir='ltr'>apud</span> <span class='ocrx_word' id='word_1_256' title='bbox 1128 1303 1284 1337; x_wconf 84' lang='lat' dir='ltr'>Iesuitas</span> <span class='ocrx_word' id='word_1_257' title='bbox 1311 1301 1444 1335; x_wconf 85' lang='lat' dir='ltr'>crassis</span> <span class='ocrx_word' id='word_1_258' title='bbox 1470 1301 1651 1335; x_wconf 86' lang='lat' dir='ltr'>erroribus</span> <span class='ocrx_word' id='word_1_259' title='bbox 1676 1300 1790 1334; x_wconf 91' lang='lat' dir='ltr'>fuisse</span> <span class='ocrx_word' id='word_1_260' title='bbox 1815 1300 1880 1333; x_wconf 89' lang='lat' dir='ltr'>im-</span> 
     </span>
     <span class='ocr_line' id='line_1_23' title="bbox 106 1354 1881 1403; baseline -0.003 -10"><span class='ocrx_word' id='word_1_261' title='bbox 106 1359 312 1403; x_wconf 82' lang='lat' dir='ltr'>plicitum“;</span> <span class='ocrx_word' id='word_1_262' title='bbox 349 1359 476 1393; x_wconf 91' lang='lat' dir='ltr'>deinde</span> <span class='ocrx_word' id='word_1_263' title='bbox 511 1358 571 1392; x_wconf 91' lang='lat' dir='ltr'>ille</span> <span class='ocrx_word' id='word_1_264' title='bbox 601 1358 830 1400; x_wconf 80' lang='lat' dir='ltr'>„absolutus“</span> <span class='ocrx_word' id='word_1_265' title='bbox 870 1359 926 1391; x_wconf 88' lang='lat' dir='ltr'>est</span> <span class='ocrx_word' id='word_1_266' title='bbox 958 1359 994 1390; x_wconf 88' lang='lat' dir='ltr'>et</span> <span class='ocrx_word' id='word_1_267' title='bbox 1024 1368 1190 1399; x_wconf 84' lang='lat' dir='ltr'>„coenam</span> <span class='ocrx_word' id='word_1_268' title='bbox 1219 1354 1453 1389; x_wconf 82' lang='lat' dir='ltr'>dominicam“</span> <span class='ocrx_word' id='word_1_269' title='bbox 1489 1354 1555 1388; x_wconf 91' lang='lat' dir='ltr'>sub</span> <span class='ocrx_word' id='word_1_270' title='bbox 1582 1356 1735 1398; x_wconf 88' lang='lat' dir='ltr'>utraque</span> <span class='ocrx_word' id='word_1_271' title='bbox 1761 1354 1881 1398; x_wconf 91' lang='lat' dir='ltr'>specie</span> 
     </span>
     <span class='ocr_line' id='line_1_24' title="bbox 106 1407 1882 1458; baseline -0.004 -11"><span class='ocrx_word' id='word_1_272' title='bbox 106 1413 273 1458; x_wconf 84' lang='lat' dir='ltr'>sumpsit.</span> <span class='ocrx_word' id='word_1_273' title='bbox 303 1412 550 1456; x_wconf 84' lang='lat' dir='ltr'>Wolfgangus</span> <span class='ocrx_word' id='word_1_274' title='bbox 576 1412 649 1446; x_wconf 90' lang='lat' dir='ltr'>dux</span> <span class='ocrx_word' id='word_1_275' title='bbox 676 1423 756 1445; x_wconf 89' lang='lat' dir='ltr'>eum</span> <span class='ocrx_word' id='word_1_276' title='bbox 788 1412 843 1454; x_wconf 90' lang='lat' dir='ltr'>„in</span> <span class='ocrx_word' id='word_1_277' title='bbox 870 1410 1022 1444; x_wconf 89' lang='lat' dir='ltr'>tutelam</span> <span class='ocrx_word' id='word_1_278' title='bbox 1050 1412 1086 1444; x_wconf 91' lang='lat' dir='ltr'>et</span> <span class='ocrx_word' id='word_1_279' title='bbox 1112 1409 1349 1454; x_wconf 86' lang='lat' dir='ltr'>patrocinium</span> <span class='ocrx_word' id='word_1_280' title='bbox 1376 1408 1571 1453; x_wconf 86' lang='lat' dir='ltr'>suscepit“‚</span> <span class='ocrx_word' id='word_1_281' title='bbox 1599 1407 1764 1449; x_wconf 87' lang='lat' dir='ltr'>alumnis,</span> <span class='ocrx_word' id='word_1_282' title='bbox 1792 1418 1882 1451; x_wconf 91' lang='lat' dir='ltr'>quos</span> 
     </span>
     <span class='ocr_line' id='line_1_25' title="bbox 106 1460 1881 1509; baseline -0.003 -9"><span class='ocrx_word' id='word_1_283' title='bbox 106 1466 141 1499; x_wconf 89' lang='lat' dir='ltr'>in</span> <span class='ocrx_word' id='word_1_284' title='bbox 176 1466 301 1500; x_wconf 89' lang='lat' dir='ltr'>schola</span> <span class='ocrx_word' id='word_1_285' title='bbox 335 1466 531 1509; x_wconf 86' lang='lat' dir='ltr'>lauingana</span> <span class='ocrx_word' id='word_1_286' title='bbox 565 1465 724 1507; x_wconf 87' lang='lat' dir='ltr'>fovebat,</span> <span class='ocrx_word' id='word_1_287' title='bbox 760 1464 935 1506; x_wconf 81' lang='lat' dir='ltr'>adiunxit,</span> <span class='ocrx_word' id='word_1_288' title='bbox 976 1475 1144 1507; x_wconf 88' lang='lat' dir='ltr'>„munere</span> <span class='ocrx_word' id='word_1_289' title='bbox 1179 1463 1299 1508; x_wconf 89' lang='lat' dir='ltr'>amplo</span> <span class='ocrx_word' id='word_1_290' title='bbox 1334 1462 1501 1496; x_wconf 57' lang='grc' dir='ltr'>(1011111111,ιι</span> <span class='ocrx_word' id='word_1_291' title='bbox 1535 1460 1759 1505; x_wconf 81' lang='lat' dir='ltr'>(Gratiarum</span> <span class='ocrx_word' id='word_1_292' title='bbox 1785 1461 1881 1495; x_wconf 87' lang='lat' dir='ltr'>actio</span> 
     </span>
     <span class='ocr_line' id='line_1_26' title="bbox 105 1520 588 1562; baseline 0 -8"><span class='ocrx_word' id='word_1_293' title='bbox 105 1520 247 1554; x_wconf 85' lang='lat'>41—43</span> <span class='ocrx_word' id='word_1_294' title='bbox 271 1520 317 1554; x_wconf 85' lang='lat'>47</span> <span class='ocrx_word' id='word_1_295' title='bbox 343 1521 389 1555; x_wconf 88' lang='grc'>49</span> <span class='ocrx_word' id='word_1_296' title='bbox 416 1520 588 1562; x_wconf 83' lang='grc'><strong>52-55).</strong></span> 
     </span>
    </p>

    <p class='ocr_par' dir='ltr' id='par_1_4' title="bbox 105 1568 1882 1831">
     <span class='ocr_line' id='line_1_27' title="bbox 225 1568 1882 1618; baseline -0.004 -10"><span class='ocrx_word' id='word_1_297' title='bbox 225 1573 402 1618; x_wconf 88' lang='lat' dir='ltr'>Epistulis</span> <span class='ocrx_word' id='word_1_298' title='bbox 427 1573 639 1607; x_wconf 89' lang='lat' dir='ltr'>Theodorici</span> <span class='ocrx_word' id='word_1_299' title='bbox 668 1572 803 1607; x_wconf 85' lang='lat' dir='ltr'>Canisii</span> <span class='ocrx_word' id='word_1_300' title='bbox 837 1573 873 1606; x_wconf 90' lang='lat' dir='ltr'>in</span> <span class='ocrx_word' id='word_1_301' title='bbox 900 1571 1079 1606; x_wconf 89' lang='lat' dir='ltr'>Thornaei</span> <span class='ocrx_word' id='word_1_302' title='bbox 1109 1571 1207 1604; x_wconf 88' lang='lat' dir='ltr'>facto</span> <span class='ocrx_word' id='word_1_303' title='bbox 1233 1569 1411 1604; x_wconf 87' lang='lat' dir='ltr'>narrando</span> <span class='ocrx_word' id='word_1_304' title='bbox 1437 1580 1525 1603; x_wconf 89' lang='lat' dir='ltr'>usus</span> <span class='ocrx_word' id='word_1_305' title='bbox 1553 1570 1608 1603; x_wconf 90' lang='lat' dir='ltr'>est</span> <span class='ocrx_word' id='word_1_306' title='bbox 1634 1569 1771 1602; x_wconf 74' lang='lat' dir='ltr'>Frane.</span> <span class='ocrx_word' id='word_1_307' title='bbox 1797 1568 1882 1602; x_wconf 85' lang='lat' dir='ltr'>Sao-</span> 
     </span>
     <span class='ocr_line' id='line_1_28' title="bbox 106 1622 1880 1668; baseline -0.003 -7"><span class='ocrx_word' id='word_1_308' title='bbox 106 1628 233 1661; x_wconf 79' lang='lat' dir='ltr'>chz&#39;nas</span> <span class='ocrx_word' id='word_1_309' title='bbox 250 1626 284 1662; x_wconf 86' lang='grc'><strong>8.</strong></span> <span class='ocrx_word' id='word_1_310' title='bbox 301 1628 346 1668; x_wconf 75' lang='lat' dir='ltr'>J.y</span> <span class='ocrx_word' id='word_1_311' title='bbox 366 1627 460 1661; x_wconf 89' lang='lat' dir='ltr'>Hist.</span> <span class='ocrx_word' id='word_1_312' title='bbox 479 1627 514 1662; x_wconf 85' lang='lat' dir='ltr'>S.</span> <span class='ocrx_word' id='word_1_313' title='bbox 529 1627 562 1661; x_wconf 85' lang='lat' dir='ltr'>J.</span> <span class='ocrx_word' id='word_1_314' title='bbox 582 1626 644 1668; x_wconf 84' lang='lat'>111,</span> <span class='ocrx_word' id='word_1_315' title='bbox 672 1626 694 1660; x_wconf 90' lang='lat' dir='ltr'>l.</span> <span class='ocrx_word' id='word_1_316' title='bbox 715 1627 748 1668; x_wconf 86' lang='lat'>3,</span> <span class='ocrx_word' id='word_1_317' title='bbox 775 1638 809 1660; x_wconf 94' lang='grc'>11.</span> <span class='ocrx_word' id='word_1_318' title='bbox 827 1626 1025 1660; x_wconf 81' lang='grc'><strong>125-127.</strong></span> <span class='ocrx_word' id='word_1_319' title='bbox 1057 1624 1125 1666; x_wconf 83' lang='lat' dir='ltr'>Qui</span> <span class='ocrx_word' id='word_1_320' title='bbox 1143 1624 1232 1658; x_wconf 84' lang='lat' dir='ltr'>haec</span> <span class='ocrx_word' id='word_1_321' title='bbox 1251 1623 1370 1658; x_wconf 87' lang='lat' dir='ltr'>addit:</span> <span class='ocrx_word' id='word_1_322' title='bbox 1401 1622 1638 1666; x_wconf 86' lang='lat' dir='ltr'>„Inquirendo</span> <span class='ocrx_word' id='word_1_323' title='bbox 1665 1633 1705 1655; x_wconf 93' lang='lat' dir='ltr'>eo</span> <span class='ocrx_word' id='word_1_324' title='bbox 1731 1623 1880 1655; x_wconf 89' lang='lat' dir='ltr'>ventum</span> 
     </span>
     <span class='ocr_line' id='line_1_29' title="bbox 106 1674 1881 1726; baseline -0.004 -11"><span class='ocrx_word' id='word_1_325' title='bbox 106 1683 177 1722; x_wconf 91' lang='lat' dir='ltr'>est,</span> <span class='ocrx_word' id='word_1_326' title='bbox 213 1684 254 1715; x_wconf 85' lang='lat' dir='ltr'>vt</span> <span class='ocrx_word' id='word_1_327' title='bbox 289 1680 568 1726; x_wconf 86' lang='lat' dir='ltr'>comperiretur,</span> <span class='ocrx_word' id='word_1_328' title='bbox 604 1692 683 1714; x_wconf 91' lang='lat' dir='ltr'>cum</span> <span class='ocrx_word' id='word_1_329' title='bbox 720 1679 844 1725; x_wconf 90' lang='lat' dir='ltr'>procul</span> <span class='ocrx_word' id='word_1_330' title='bbox 880 1679 1016 1724; x_wconf 82' lang='lat' dir='ltr'>patria,</span> <span class='ocrx_word' id='word_1_331' title='bbox 1053 1681 1199 1722; x_wconf 85' lang='lat' dir='ltr'>egestas</span> <span class='ocrx_word' id='word_1_332' title='bbox 1234 1688 1368 1720; x_wconf 85' lang='lat' dir='ltr'>vagum</span> <span class='ocrx_word' id='word_1_333' title='bbox 1410 1678 1607 1721; x_wconf 85' lang='lat' dir='ltr'>premeret;</span> <span class='ocrx_word' id='word_1_334' title='bbox 1645 1674 1822 1718; x_wconf 85' lang='lat' dir='ltr'>sacrilego</span> <span class='ocrx_word' id='word_1_335' title='bbox 1862 1686 1881 1708; x_wconf 90' lang='lat' dir='ltr'>e</span> 
     </span>
     <span class='ocr_line' id='line_1_30' title="bbox 105 1727 1881 1779; baseline -0.005 -10"><span class='ocrx_word' id='word_1_336' title='bbox 105 1734 336 1769; x_wconf 83' lang='lat' dir='ltr'>simulatione</span> <span class='ocrx_word' id='word_1_337' title='bbox 362 1736 517 1779; x_wconf 87' lang='lat' dir='ltr'>quaestu</span> <span class='ocrx_word' id='word_1_338' title='bbox 542 1733 642 1775; x_wconf 82' lang='lat' dir='ltr'>inito,</span> <span class='ocrx_word' id='word_1_339' title='bbox 669 1733 764 1768; x_wconf 89' lang='lat' dir='ltr'>haud</span> <span class='ocrx_word' id='word_1_340' title='bbox 791 1744 972 1777; x_wconf 88' lang='lat' dir='ltr'>quaquam</span> <span class='ocrx_word' id='word_1_341' title='bbox 1000 1732 1158 1777; x_wconf 87' lang='lat' dir='ltr'>pietatis,</span> <span class='ocrx_word' id='word_1_342' title='bbox 1184 1731 1247 1765; x_wconf 87' lang='lat' dir='ltr'>sed</span> <span class='ocrx_word' id='word_1_343' title='bbox 1276 1730 1414 1764; x_wconf 86' lang='lat' dir='ltr'>ventris</span> <span class='ocrx_word' id='word_1_344' title='bbox 1441 1741 1549 1764; x_wconf 87' lang='lat' dir='ltr'>causa</span> <span class='ocrx_word' id='word_1_345' title='bbox 1576 1728 1767 1772; x_wconf 89' lang='lat' dir='ltr'>religiosae</span> <span class='ocrx_word' id='word_1_346' title='bbox 1790 1727 1881 1762; x_wconf 81' lang='lat' dir='ltr'>mili-</span> 
     </span>
     <span class='ocr_line' id='line_1_31' title="bbox 105 1785 1405 1831; baseline -0.003 -9"><span class='ocrx_word' id='word_1_347' title='bbox 105 1788 179 1822; x_wconf 89' lang='lat' dir='ltr'>tiae</span> <span class='ocrx_word' id='word_1_348' title='bbox 205 1788 347 1822; x_wconf 90' lang='lat' dir='ltr'>dedisse</span> <span class='ocrx_word' id='word_1_349' title='bbox 373 1788 535 1823; x_wconf 78' lang='lat' dir='ltr'>nomen.“</span> <span class='ocrx_word' id='word_1_350' title='bbox 588 1787 641 1821; x_wconf 91' lang='lat' dir='ltr'>De</span> <span class='ocrx_word' id='word_1_351' title='bbox 668 1798 740 1831; x_wconf 88' lang='lat' dir='ltr'>qua</span> <span class='ocrx_word' id='word_1_352' title='bbox 765 1799 804 1821; x_wconf 92' lang='lat' dir='ltr'>re</span> <span class='ocrx_word' id='word_1_353' title='bbox 831 1786 935 1831; x_wconf 91' lang='lat' dir='ltr'>plura</span> <span class='ocrx_word' id='word_1_354' title='bbox 962 1786 1067 1827; x_wconf 82' lang='lat' dir='ltr'>infra,</span> <span class='ocrx_word' id='word_1_355' title='bbox 1094 1785 1138 1819; x_wconf 91' lang='lat' dir='ltr'>ad</span> <span class='ocrx_word' id='word_1_356' title='bbox 1166 1796 1220 1829; x_wconf 86' lang='lat' dir='ltr'>ep.</span> <span class='ocrx_word' id='word_1_357' title='bbox 1247 1796 1282 1819; x_wconf 92' lang='lat' dir='ltr'>n.</span> <span class='ocrx_word' id='word_1_358' title='bbox 1304 1785 1405 1818; x_wconf 81' lang='lat'>1534.</span> 
     </span>
    </p>
   </div>
   <div class='ocr_carea' id='block_1_3' title="bbox 107 1850 1700 1995">
    <p class='ocr_par' dir='ltr' id='par_1_5' title="bbox 107 1850 1700 1995">
     <span class='ocr_line' id='line_1_32' title="bbox 226 1850 1222 1897; baseline -0.004 -10"><span class='ocrx_word' id='word_1_359' title='bbox 226 1853 378 1897; x_wconf 84' lang='lat' dir='ltr'>Borgias</span> <span class='ocrx_word' id='word_1_360' title='bbox 406 1852 548 1887; x_wconf 88' lang='lat' dir='ltr'>Canisio</span> <span class='ocrx_word' id='word_1_361' title='bbox 574 1851 760 1896; x_wconf 88' lang='lat' dir='ltr'>respondit</span> <span class='ocrx_word' id='word_1_362' title='bbox 786 1851 842 1887; x_wconf 81' lang='lat'>23.</span> <span class='ocrx_word' id='word_1_363' title='bbox 871 1850 1092 1896; x_wconf 85' lang='lat' dir='ltr'>Septembris</span> <span class='ocrx_word' id='word_1_364' title='bbox 1121 1850 1222 1884; x_wconf 85' lang='lat'>1567.</span> 
     </span>
     <span class='ocr_line' id='line_1_33' title="bbox 107 1952 1700 1995; baseline -0.004 0"><span class='ocrx_word' id='word_1_365' title='bbox 107 1958 262 1995; x_wconf 80' lang='grc'><strong>1488.</strong></span> <span class='ocrx_word' id='word_1_366' title='bbox 361 1959 422 1995; x_wconf 83' lang='grc' dir='ltr'>Ρ.</span> <span class='ocrx_word' id='word_1_367' title='bbox 450 1956 882 1995; x_wconf 77' lang='lat' dir='ltr'>FRANCISGUS</span> <span class='ocrx_word' id='word_1_368' title='bbox 911 1954 1312 1993; x_wconf 79' lang='lat' dir='ltr'><strong>TURRIANUS</strong></span> <span class='ocrx_word' id='word_1_369' title='bbox 1341 1953 1394 1990; x_wconf 85' lang='lat' dir='ltr'>S.</span> <span class='ocrx_word' id='word_1_370' title='bbox 1414 1953 1468 1989; x_wconf 87' lang='lat' dir='ltr'>J.</span> <span class='ocrx_word' id='word_1_371' title='bbox 1498 1952 1700 1988; x_wconf 84' lang='lat' dir='ltr'>CANISIO.</span> 
     </span>
    </p>
   </div>
   <div class='ocr_carea' id='block_1_4' title="bbox 106 2007 1888 2629">
    <p class='ocr_par' dir='ltr' id='par_1_6' title="bbox 495 2007 1832 2047">
     <span class='ocr_line' id='line_1_34' title="bbox 495 2007 1832 2047; baseline -0.005 0"><span class='ocrx_word' id='word_1_372' title='bbox 495 2012 609 2047; x_wconf 85' lang='lat' dir='ltr'>Roma</span> <span class='ocrx_word' id='word_1_373' title='bbox 635 2012 729 2046; x_wconf 90' lang='lat' dir='ltr'>inter</span> <span class='ocrx_word' id='word_1_374' title='bbox 755 2012 912 2046; x_wconf 88' lang='lat' dir='ltr'>medium</span> <span class='ocrx_word' id='word_1_375' title='bbox 939 2023 984 2046; x_wconf 90' lang='grc'><strong>111.</strong></span> <span class='ocrx_word' id='word_1_376' title='bbox 1003 2010 1135 2044; x_wconf 84' lang='grc'><strong>1111111111</strong></span> <span class='ocrx_word' id='word_1_377' title='bbox 1162 2012 1198 2043; x_wconf 91' lang='lat' dir='ltr'>et</span> <span class='ocrx_word' id='word_1_378' title='bbox 1225 2010 1417 2043; x_wconf 79' lang='lat' dir='ltr'>exeuntem</span> <span class='ocrx_word' id='word_1_379' title='bbox 1444 2019 1490 2042; x_wconf 90' lang='lat' dir='ltr'>m.</span> <span class='ocrx_word' id='word_1_380' title='bbox 1510 2007 1701 2042; x_wconf 88' lang='lat' dir='ltr'>Octobrem</span> <span class='ocrx_word' id='word_1_381' title='bbox 1731 2007 1832 2040; x_wconf 82' lang='lat'>1567.</span> 
     </span>
    </p>

    <p class='ocr_par' dir='ltr' id='par_1_7' title="bbox 226 2075 1225 2124">
     <span class='ocr_line' id='line_1_35' title="bbox 226 2075 1225 2124; baseline -0.005 -10"><span class='ocrx_word' id='word_1_382' title='bbox 226 2079 281 2113; x_wconf 87' lang='lat' dir='ltr'>Ex</span> <span class='ocrx_word' id='word_1_383' title='bbox 308 2079 463 2124; x_wconf 89' lang='lat' dir='ltr'>epistula</span> <span class='ocrx_word' id='word_1_384' title='bbox 490 2079 533 2113; x_wconf 91' lang='lat' dir='ltr'>ad</span> <span class='ocrx_word' id='word_1_385' title='bbox 560 2079 741 2123; x_wconf 84' lang='lat' dir='ltr'>Borgiam,</span> <span class='ocrx_word' id='word_1_386' title='bbox 768 2078 811 2112; x_wconf 90' lang='lat' dir='ltr'>de</span> <span class='ocrx_word' id='word_1_387' title='bbox 838 2089 909 2122; x_wconf 89' lang='lat' dir='ltr'>qua</span> <span class='ocrx_word' id='word_1_388' title='bbox 935 2077 1040 2118; x_wconf 82' lang='lat' dir='ltr'>infra,</span> <span class='ocrx_word' id='word_1_389' title='bbox 1067 2088 1101 2110; x_wconf 86' lang='lat' dir='ltr'>n.</span> <span class='ocrx_word' id='word_1_390' title='bbox 1123 2075 1225 2110; x_wconf 82' lang='lat'>1525.</span> 
     </span>
    </p>

    <p class='ocr_par' dir='ltr' id='par_1_8' title="bbox 225 2139 1393 2189">
     <span class='ocr_line' id='line_1_36' title="bbox 225 2139 1393 2189; baseline -0.005 -11"><span class='ocrx_word' id='word_1_391' title='bbox 225 2145 279 2178; x_wconf 89' lang='lat' dir='ltr'>De</span> <span class='ocrx_word' id='word_1_392' title='bbox 304 2145 396 2178; x_wconf 73' lang='lat' dir='ltr'>libro</span> <span class='ocrx_word' id='word_1_393' title='bbox 424 2145 500 2189; x_wconf 88' lang='lat' dir='ltr'>„De</span> <span class='ocrx_word' id='word_1_394' title='bbox 526 2145 774 2178; x_wconf 78' lang='lat' dir='ltr'>Hierarchicis</span> <span class='ocrx_word' id='word_1_395' title='bbox 800 2139 1112 2177; x_wconf 74' lang='lat' dir='ltr'>ordinationz‘bus“</span> <span class='ocrx_word' id='word_1_396' title='bbox 1143 2152 1165 2174; x_wconf 88' lang='lat' dir='ltr'>a</span> <span class='ocrx_word' id='word_1_397' title='bbox 1190 2152 1224 2174; x_wconf 82' lang='lat' dir='ltr'>se</span> <span class='ocrx_word' id='word_1_398' title='bbox 1249 2141 1393 2183; x_wconf 72' lang='lat' dir='ltr'>scripto.</span> 
     </span>
    </p>

    <p class='ocr_par' dir='ltr' id='par_1_9' title="bbox 106 2203 1888 2629">
     <span class='ocr_line' id='line_1_37' title="bbox 231 2203 1882 2252; baseline -0.004 -9"><span class='ocrx_word' id='word_1_399' title='bbox 231 2210 398 2243; x_wconf 73' lang='lat' dir='ltr'>canisius</span> <span class='ocrx_word' id='word_1_400' title='bbox 425 2210 459 2243; x_wconf 88' lang='lat' dir='ltr'>S.</span> <span class='ocrx_word' id='word_1_401' title='bbox 480 2210 678 2243; x_wconf 77' lang='lat' dir='ltr'>Francisco</span> <span class='ocrx_word' id='word_1_402' title='bbox 702 2209 858 2252; x_wconf 72' lang='lat' dir='ltr'>B07·9iae</span> <span class='ocrx_word' id='word_1_403' title='bbox 878 2209 1084 2252; x_wconf 74' lang='lat' dir='ltr'>praeposito</span> <span class='ocrx_word' id='word_1_404' title='bbox 1107 2207 1268 2249; x_wconf 76' lang='lat' dir='ltr'>yenerali</span> <span class='ocrx_word' id='word_1_405' title='bbox 1294 2205 1486 2238; x_wconf 74' lang='lat' dir='ltr'>Monachio</span> <span class='ocrx_word' id='word_1_406' title='bbox 1514 2206 1544 2238; x_wconf 87' lang='grc'><strong>8.</strong></span> <span class='ocrx_word' id='word_1_407' title='bbox 1566 2203 1772 2237; x_wconf 79' lang='lat' dir='ltr'>Novembris</span> <span class='ocrx_word' id='word_1_408' title='bbox 1789 2205 1882 2236; x_wconf 79' lang='lat'><em>1567</em></span> 
     </span>
     <span class='ocr_line' id='line_1_38' title="bbox 108 2257 1884 2307; baseline -0.005 -10"><span class='ocrx_word' id='word_1_409' title='bbox 108 2265 256 2306; x_wconf 76' lang='lat' dir='ltr'>(litteris</span> <span class='ocrx_word' id='word_1_410' title='bbox 278 2263 486 2307; x_wconf 76' lang='lat' dir='ltr'>prioribus)</span> <span class='ocrx_word' id='word_1_411' title='bbox 512 2264 564 2296; x_wconf 79' lang='lat' dir='ltr'>ita</span> <span class='ocrx_word' id='word_1_412' title='bbox 589 2264 734 2306; x_wconf 69' lang='lat' dir='ltr'>scripsit</span> <span class='ocrx_word' id='word_1_413' title='bbox 759 2264 801 2295; x_wconf 79' lang='lat' dir='ltr'>de</span> <span class='ocrx_word' id='word_1_414' title='bbox 826 2263 864 2295; x_wconf 87' lang='lat' dir='ltr'>P.</span> <span class='ocrx_word' id='word_1_415' title='bbox 886 2261 1079 2295; x_wconf 71' lang='lat' dir='ltr'>Francisci</span> <span class='ocrx_word' id='word_1_416' title='bbox 1100 2261 1282 2293; x_wconf 73' lang='lat' dir='ltr'>Tarriani</span> <span class='ocrx_word' id='word_1_417' title='bbox 1308 2260 1343 2293; x_wconf 88' lang='lat' dir='ltr'>S.</span> <span class='ocrx_word' id='word_1_418' title='bbox 1364 2260 1399 2292; x_wconf 88' lang='lat' dir='ltr'>J.</span> <span class='ocrx_word' id='word_1_419' title='bbox 1420 2259 1511 2291; x_wconf 73' lang='lat' dir='ltr'>libro</span> <span class='ocrx_word' id='word_1_420' title='bbox 1541 2258 1616 2301; x_wconf 85' lang='lat' dir='ltr'>„De</span> <span class='ocrx_word' id='word_1_421' title='bbox 1634 2257 1884 2290; x_wconf 77' lang='lat' dir='ltr'>Hierarohicis</span> 
     </span>
     <span class='ocr_line' id='line_1_39' title="bbox 108 2311 1883 2358; baseline -0.005 -7"><span class='ocrx_word' id='word_1_422' title='bbox 108 2317 400 2351; x_wconf 73' lang='lat' dir='ltr'>ordinationibus</span> <span class='ocrx_word' id='word_1_423' title='bbox 433 2319 686 2350; x_wconf 76' lang='lat' dir='ltr'>ministrorum</span> <span class='ocrx_word' id='word_1_424' title='bbox 720 2317 900 2350; x_wconf 69' lang='lat' dir='ltr'>Ecclesiae</span> <span class='ocrx_word' id='word_1_425' title='bbox 940 2315 1160 2358; x_wconf 71' lang='lat' dir='ltr'>Catholicae,</span> <span class='ocrx_word' id='word_1_426' title='bbox 1200 2314 1370 2347; x_wconf 75' lang='lat' dir='ltr'>adversas</span> <span class='ocrx_word' id='word_1_427' title='bbox 1407 2312 1650 2345; x_wconf 68' lang='lat' dir='ltr'>schismaticas</span> <span class='ocrx_word' id='word_1_428' title='bbox 1686 2311 1883 2344; x_wconf 64' lang='lat' dir='ltr'>vocationes</span> 
     </span>
     <span class='ocr_line' id='line_1_40' title="bbox 107 2365 1882 2414; baseline -0.005 -10"><span class='ocrx_word' id='word_1_429' title='bbox 107 2372 362 2404; x_wconf 77' lang='lat' dir='ltr'>Ministrorum</span> <span class='ocrx_word' id='word_1_430' title='bbox 397 2376 427 2404; x_wconf 76' lang='lat' dir='ltr'>et</span> <span class='ocrx_word' id='word_1_431' title='bbox 463 2368 874 2414; x_wconf 79' lang='lat' dir='ltr'>Superz&#39;ntendentium“‚</span> <span class='ocrx_word' id='word_1_432' title='bbox 911 2371 973 2412; x_wconf 75' lang='lat' dir='ltr'>qui</span> <span class='ocrx_word' id='word_1_433' title='bbox 1008 2369 1121 2401; x_wconf 78' lang='lat' dir='ltr'>medio</span> <span class='ocrx_word' id='word_1_434' title='bbox 1155 2379 1200 2401; x_wconf 83' lang='lat' dir='ltr'>m.</span> <span class='ocrx_word' id='word_1_435' title='bbox 1227 2368 1323 2400; x_wconf 72' lang='lat' dir='ltr'><em>Iulio</em></span> <span class='ocrx_word' id='word_1_436' title='bbox 1352 2368 1444 2399; x_wconf 83' lang='lat'><em>1567</em></span> <span class='ocrx_word' id='word_1_437' title='bbox 1469 2366 1585 2399; x_wconf 83' lang='lat' dir='ltr'>Roma</span> <span class='ocrx_word' id='word_1_438' title='bbox 1620 2365 1667 2397; x_wconf 83' lang='lat' dir='ltr'>ad</span> <span class='ocrx_word' id='word_1_439' title='bbox 1696 2365 1882 2397; x_wconf 74' lang='lat' dir='ltr'>canisium</span> 
     </span>
     <span class='ocr_line' id='line_1_41' title="bbox 106 2417 1888 2468; baseline -0.004 -10"><span class='ocrx_word' id='word_1_440' title='bbox 106 2426 236 2459; x_wconf 79' lang='lat' dir='ltr'>missus</span> <span class='ocrx_word' id='word_1_441' title='bbox 261 2430 350 2468; x_wconf 83' lang='lat' dir='ltr'>erat,</span> <span class='ocrx_word' id='word_1_442' title='bbox 380 2429 420 2458; x_wconf 77' lang='lat' dir='ltr'>ut</span> <span class='ocrx_word' id='word_1_443' title='bbox 445 2427 521 2468; x_wconf 72' lang='lat' dir='ltr'>ipso</span> <span class='ocrx_word' id='word_1_444' title='bbox 547 2430 695 2458; x_wconf 79' lang='lat' dir='ltr'>curante</span> <span class='ocrx_word' id='word_1_445' title='bbox 720 2425 771 2457; x_wconf 80' lang='lat' dir='ltr'>vel</span> <span class='ocrx_word' id='word_1_446' title='bbox 797 2423 968 2467; x_wconf 67' lang='lat' dir='ltr'>Dz&#39;linyae</span> <span class='ocrx_word' id='word_1_447' title='bbox 993 2422 1043 2456; x_wconf 73' lang='lat' dir='ltr'>vel</span> <span class='ocrx_word' id='word_1_448' title='bbox 1070 2422 1288 2464; x_wconf 78' lang='lat' dir='ltr'>Antverpiae</span> <span class='ocrx_word' id='word_1_449' title='bbox 1313 2421 1406 2464; x_wconf 75' lang='lat' dir='ltr'>typis</span> <span class='ocrx_word' id='word_1_450' title='bbox 1432 2419 1691 2452; x_wconf 71' lang='lat' dir='ltr'>exscriberetur</span> <span class='ocrx_word' id='word_1_451' title='bbox 1717 2417 1828 2459; x_wconf 79' lang='lat' dir='ltr'>(Can.</span> <span class='ocrx_word' id='word_1_452' title='bbox 1855 2418 1888 2450; x_wconf 89' lang='lat' dir='ltr'><em>V</em></span> 
     </span>
     <span class='ocr_line' id='line_1_42' title="bbox 108 2471 1883 2523; baseline -0.005 -11"><span class='ocrx_word' id='word_1_453' title='bbox 108 2481 196 2519; x_wconf 88' lang='lat'><em>509)</em></span> <span class='ocrx_word' id='word_1_454' title='bbox 208 2491 219 2512; x_wconf 93' lang='lat'>.·</span> <span class='ocrx_word' id='word_1_455' title='bbox 254 2479 381 2523; x_wconf 76' lang='lat' dir='ltr'>„Mitto</span> <span class='ocrx_word' id='word_1_456' title='bbox 407 2489 591 2512; x_wconf 77' lang='lat' dir='ltr'>censuram</span> <span class='ocrx_word' id='word_1_457' title='bbox 620 2479 665 2511; x_wconf 90' lang='lat' dir='ltr'>D.</span> <span class='ocrx_word' id='word_1_458' title='bbox 684 2479 789 2511; x_wconf 81' lang='lat' dir='ltr'>Pisae</span> <span class='ocrx_word' id='word_1_459' title='bbox 824 2478 865 2510; x_wconf 82' lang='lat' dir='ltr'>de</span> <span class='ocrx_word' id='word_1_460' title='bbox 901 2488 1004 2520; x_wconf 82' lang='lat' dir='ltr'>opere</span> <span class='ocrx_word' id='word_1_461' title='bbox 1034 2486 1128 2508; x_wconf 78' lang='lat' dir='ltr'>nouo</span> <span class='ocrx_word' id='word_1_462' title='bbox 1164 2475 1201 2508; x_wconf 90' lang='lat' dir='ltr'>P.</span> <span class='ocrx_word' id='word_1_463' title='bbox 1236 2474 1425 2507; x_wconf 68' lang='lat' dir='ltr'>Francisci</span> <span class='ocrx_word' id='word_1_464' title='bbox 1455 2472 1636 2505; x_wconf 73' lang='lat' dir='ltr'>Turriam·</span> <span class='ocrx_word' id='word_1_465' title='bbox 1654 2497 1662 2505; x_wconf 83' lang='lat'><strong>.</strong></span> <span class='ocrx_word' id='word_1_466' title='bbox 1682 2498 1689 2505; x_wconf 91' lang='lat'><strong>.</strong></span> <span class='ocrx_word' id='word_1_467' title='bbox 1709 2497 1716 2505; x_wconf 90' lang='lat'><strong><em>.</em></strong></span> <span class='ocrx_word' id='word_1_468' title='bbox 1760 2471 1883 2504; x_wconf 76' lang='lat' dir='ltr'>Audio</span> 
     </span>
     <span class='ocr_line' id='line_1_43' title="bbox 108 2525 1883 2574; baseline -0.005 -8"><span class='ocrx_word' id='word_1_469' title='bbox 108 2534 153 2566; x_wconf 89' lang='lat' dir='ltr'>D.</span> <span class='ocrx_word' id='word_1_470' title='bbox 180 2533 410 2565; x_wconf 74' lang='lat' dir='ltr'>Emanaelem</span> <span class='ocrx_word' id='word_1_471' title='bbox 446 2536 477 2565; x_wconf 77' lang='lat' dir='ltr'>et</span> <span class='ocrx_word' id='word_1_472' title='bbox 512 2533 556 2566; x_wconf 91' lang='lat' dir='ltr'>D.</span> <span class='ocrx_word' id='word_1_473' title='bbox 583 2532 791 2565; x_wconf 78' lang='lat' dir='ltr'>Ledesmam</span> <span class='ocrx_word' id='word_1_474' title='bbox 816 2531 949 2574; x_wconf 63' lang='lat' dir='ltr'>leytsse,</span> <span class='ocrx_word' id='word_1_475' title='bbox 980 2530 1178 2563; x_wconf 71' lang='lat' dir='ltr'>correxisse</span> <span class='ocrx_word' id='word_1_476' title='bbox 1207 2532 1237 2561; x_wconf 75' lang='lat' dir='ltr'>et</span> <span class='ocrx_word' id='word_1_477' title='bbox 1264 2527 1480 2571; x_wconf 74' lang='lat' dir='ltr'>approbasse</span> <span class='ocrx_word' id='word_1_478' title='bbox 1505 2526 1569 2558; x_wconf 79' lang='lat' dir='ltr'>hoc</span> <span class='ocrx_word' id='word_1_479' title='bbox 1596 2535 1694 2568; x_wconf 77' lang='lat' dir='ltr'>opaS,</span> <span class='ocrx_word' id='word_1_480' title='bbox 1719 2525 1810 2558; x_wconf 76' lang='lat' dir='ltr'>sicut</span> <span class='ocrx_word' id='word_1_481' title='bbox 1835 2525 1883 2558; x_wconf 80' lang='lat' dir='ltr'>acl</span> 
     </span>
     <span class='ocr_line' id='line_1_44' title="bbox 106 2583 528 2629; baseline -0.002 -10"><span class='ocrx_word' id='word_1_482' title='bbox 106 2597 159 2619; x_wconf 82' lang='lat' dir='ltr'>me</span> <span class='ocrx_word' id='word_1_483' title='bbox 182 2587 326 2629; x_wconf 77' lang='lat' dir='ltr'>scripsit</span> <span class='ocrx_word' id='word_1_484' title='bbox 351 2583 528 2619; x_wconf 74' lang='lat' dir='ltr'>Author.“</span> 
     </span>
    </p>
   </div>
   <div class='ocr_carea' id='block_1_5' title="bbox 108 2642 1885 3176">
    <p class='ocr_par' dir='ltr' id='par_1_10' title="bbox 108 2642 1885 3176">
     <span class='ocr_line' id='line_1_45' title="bbox 228 2642 1882 2688; baseline -0.006 -3"><span class='ocrx_word' id='word_1_485' title='bbox 228 2650 280 2684; x_wconf 92' lang='lat' dir='ltr'>De</span> <span class='ocrx_word' id='word_1_486' title='bbox 312 2651 382 2685; x_wconf 91' lang='grc' dir='ltr'>ΡΡ.</span> <span class='ocrx_word' id='word_1_487' title='bbox 410 2650 644 2685; x_wconf 84' lang='lat' dir='ltr'>Emmanuele</span> <span class='ocrx_word' id='word_1_488' title='bbox 671 2649 718 2684; x_wconf 82' lang='lat' dir='ltr'>Sa</span> <span class='ocrx_word' id='word_1_489' title='bbox 754 2651 791 2683; x_wconf 89' lang='lat' dir='ltr'>et</span> <span class='ocrx_word' id='word_1_490' title='bbox 826 2648 953 2682; x_wconf 84' lang='lat' dir='ltr'>Iacobo</span> <span class='ocrx_word' id='word_1_491' title='bbox 980 2647 1154 2681; x_wconf 88' lang='lat' dir='ltr'>Ledesma</span> <span class='ocrx_word' id='word_1_492' title='bbox 1189 2645 1393 2688; x_wconf 85' lang='lat' dir='ltr'>theologiae</span> <span class='ocrx_word' id='word_1_493' title='bbox 1429 2643 1635 2677; x_wconf 90' lang='lat' dir='ltr'>doctoribus</span> <span class='ocrx_word' id='word_1_494' title='bbox 1669 2654 1704 2677; x_wconf 88' lang='lat' dir='ltr'>v.</span> <span class='ocrx_word' id='word_1_495' title='bbox 1734 2643 1822 2677; x_wconf 81' lang='lat' dir='ltr'>Can.</span> <span class='ocrx_word' id='word_1_496' title='bbox 1849 2642 1882 2676; x_wconf 91' lang='grc' dir='ltr'>Π</span> 
     </span>
     <span class='ocr_line' id='line_1_46' title="bbox 108 2696 1883 2745; baseline -0.006 -6"><span class='ocrx_word' id='word_1_497' title='bbox 108 2704 170 2738; x_wconf 80' lang='lat'>97²</span> <span class='ocrx_word' id='word_1_498' title='bbox 189 2704 292 2745; x_wconf 83' lang='lat'>353¹;</span> <span class='ocrx_word' id='word_1_499' title='bbox 320 2704 353 2739; x_wconf 94' lang='lat' dir='ltr'><strong>V</strong></span> <span class='ocrx_word' id='word_1_500' title='bbox 374 2705 440 2739; x_wconf 86' lang='lat'>183</span> <span class='ocrx_word' id='word_1_501' title='bbox 460 2705 539 2738; x_wconf 82' lang='lat'>792.</span> <span class='ocrx_word' id='word_1_502' title='bbox 578 2704 794 2738; x_wconf 86' lang='lat' dir='ltr'>Franciscus</span> <span class='ocrx_word' id='word_1_503' title='bbox 812 2703 942 2736; x_wconf 88' lang='lat' dir='ltr'>Torres</span> <span class='ocrx_word' id='word_1_504' title='bbox 963 2699 1179 2745; x_wconf 90' lang='lat' dir='ltr'>(Torrensis,</span> <span class='ocrx_word' id='word_1_505' title='bbox 1198 2698 1411 2741; x_wconf 87' lang='lat' dir='ltr'>Turrianus)</span> <span class='ocrx_word' id='word_1_506' title='bbox 1439 2697 1618 2731; x_wconf 88' lang='lat' dir='ltr'>Herrerae</span> <span class='ocrx_word' id='word_1_507' title='bbox 1643 2696 1679 2730; x_wconf 89' lang='lat' dir='ltr'>in</span> <span class='ocrx_word' id='word_1_508' title='bbox 1706 2696 1883 2741; x_wconf 88' lang='lat' dir='ltr'>Hispania</span> 
     </span>
     <span class='ocr_line' id='line_1_47' title="bbox 110 2750 1883 2802; baseline -0.005 -10"><span class='ocrx_word' id='word_1_509' title='bbox 110 2758 202 2793; x_wconf 82' lang='lat'>1504</span> <span class='ocrx_word' id='word_1_510' title='bbox 229 2758 339 2801; x_wconf 88' lang='lat'>(1509</span> <span class='ocrx_word' id='word_1_511' title='bbox 350 2758 385 2802; x_wconf 84' lang='lat'>‘?)</span> <span class='ocrx_word' id='word_1_512' title='bbox 413 2760 531 2799; x_wconf 85' lang='lat' dir='ltr'>natus,</span> <span class='ocrx_word' id='word_1_513' title='bbox 558 2757 712 2801; x_wconf 84' lang='lat' dir='ltr'>insignis</span> <span class='ocrx_word' id='word_1_514' title='bbox 738 2759 813 2791; x_wconf 90' lang='lat' dir='ltr'>tum</span> <span class='ocrx_word' id='word_1_515' title='bbox 842 2754 1076 2801; x_wconf 90' lang='lat' dir='ltr'>philosophus</span> <span class='ocrx_word' id='word_1_516' title='bbox 1103 2756 1179 2787; x_wconf 89' lang='lat' dir='ltr'>turn</span> <span class='ocrx_word' id='word_1_517' title='bbox 1206 2752 1409 2795; x_wconf 84' lang='lat' dir='ltr'>theologus,</span> <span class='ocrx_word' id='word_1_518' title='bbox 1442 2762 1594 2795; x_wconf 86' lang='lat' dir='ltr'>graecae</span> <span class='ocrx_word' id='word_1_519' title='bbox 1620 2750 1766 2794; x_wconf 81' lang='lat' dir='ltr'>linguae</span> <span class='ocrx_word' id='word_1_520' title='bbox 1792 2750 1883 2795; x_wconf 89' lang='lat' dir='ltr'>peri-</span> 
     </span>
     <span class='ocr_line' id='line_1_48' title="bbox 108 2803 1885 2856; baseline -0.006 -10"><span class='ocrx_word' id='word_1_521' title='bbox 108 2812 283 2852; x_wconf 89' lang='lat' dir='ltr'>tissimus,</span> <span class='ocrx_word' id='word_1_522' title='bbox 310 2811 608 2846; x_wconf 86' lang='lat' dir='ltr'>bibliothecarum</span> <span class='ocrx_word' id='word_1_523' title='bbox 636 2812 885 2856; x_wconf 86' lang='lat' dir='ltr'>perscrutator</span> <span class='ocrx_word' id='word_1_524' title='bbox 910 2809 1125 2848; x_wconf 89' lang='lat' dir='ltr'>indefessus,</span> <span class='ocrx_word' id='word_1_525' title='bbox 1155 2818 1236 2841; x_wconf 87' lang='lat' dir='ltr'>cum</span> <span class='ocrx_word' id='word_1_526' title='bbox 1262 2806 1299 2840; x_wconf 90' lang='lat' dir='ltr'>in</span> <span class='ocrx_word' id='word_1_527' title='bbox 1317 2805 1467 2840; x_wconf 88' lang='lat' dir='ltr'>familiis</span> <span class='ocrx_word' id='word_1_528' title='bbox 1485 2803 1720 2839; x_wconf 87' lang='lat' dir='ltr'>cardinalium</span> <span class='ocrx_word' id='word_1_529' title='bbox 1740 2803 1885 2837; x_wconf 81' lang='lat' dir='ltr'>Ioannis</span> 
     </span>
     <span class='ocr_line' id='line_1_49' title="bbox 109 2856 1884 2910; baseline -0.006 -10"><span class='ocrx_word' id='word_1_530' title='bbox 109 2864 262 2900; x_wconf 80' lang='lat' dir='ltr'>Salviati</span> <span class='ocrx_word' id='word_1_531' title='bbox 289 2867 325 2899; x_wconf 91' lang='lat' dir='ltr'>et</span> <span class='ocrx_word' id='word_1_532' title='bbox 350 2865 558 2910; x_wconf 84' lang='lat' dir='ltr'>Hieronymi</span> <span class='ocrx_word' id='word_1_533' title='bbox 588 2864 776 2909; x_wconf 85' lang='lat' dir='ltr'>Seripandi</span> <span class='ocrx_word' id='word_1_534' title='bbox 804 2863 959 2897; x_wconf 83' lang='lat' dir='ltr'>vixisset</span> <span class='ocrx_word' id='word_1_535' title='bbox 991 2864 1027 2895; x_wconf 89' lang='lat' dir='ltr'>et</span> <span class='ocrx_word' id='word_1_536' title='bbox 1053 2860 1204 2895; x_wconf 88' lang='lat' dir='ltr'>concilio</span> <span class='ocrx_word' id='word_1_537' title='bbox 1230 2859 1426 2894; x_wconf 88' lang='lat' dir='ltr'>tridentino</span> <span class='ocrx_word' id='word_1_538' title='bbox 1452 2858 1644 2900; x_wconf 83' lang='lat' dir='ltr'>theologus</span> <span class='ocrx_word' id='word_1_539' title='bbox 1678 2856 1884 2902; x_wconf 91' lang='lat' dir='ltr'>pontificius</span> 
     </span>
     <span class='ocr_line' id='line_1_50' title="bbox 108 2910 1884 2962; baseline -0.005 -9"><span class='ocrx_word' id='word_1_540' title='bbox 108 2918 330 2962; x_wconf 88' lang='lat' dir='ltr'>aliquamdiu</span> <span class='ocrx_word' id='word_1_541' title='bbox 356 2919 592 2960; x_wconf 85' lang='lat' dir='ltr'>interfuisset,</span> <span class='ocrx_word' id='word_1_542' title='bbox 629 2930 659 2953; x_wconf 88' lang='lat' dir='ltr'>a.</span> <span class='ocrx_word' id='word_1_543' title='bbox 682 2918 773 2952; x_wconf 88' lang='grc'><strong>1566</strong></span> <span class='ocrx_word' id='word_1_544' title='bbox 800 2917 934 2950; x_wconf 85' lang='lat' dir='ltr'>Romae</span> <span class='ocrx_word' id='word_1_545' title='bbox 962 2914 1133 2950; x_wconf 81' lang='lat' dir='ltr'>societati</span> <span class='ocrx_word' id='word_1_546' title='bbox 1160 2915 1242 2948; x_wconf 87' lang='lat' dir='ltr'>Iesu</span> <span class='ocrx_word' id='word_1_547' title='bbox 1277 2925 1407 2947; x_wconf 86' lang='lat' dir='ltr'>nomen</span> <span class='ocrx_word' id='word_1_548' title='bbox 1434 2912 1533 2946; x_wconf 88' lang='lat' dir='ltr'>dedit</span> <span class='ocrx_word' id='word_1_549' title='bbox 1560 2913 1597 2955; x_wconf 81' lang='lat'>(†</span> <span class='ocrx_word' id='word_1_550' title='bbox 1625 2911 1746 2955; x_wconf 88' lang='lat'>1584).</span> <span class='ocrx_word' id='word_1_551' title='bbox 1797 2910 1884 2944; x_wconf 88' lang='lat' dir='ltr'>Inde</span> 
     </span>
     <span class='ocr_line' id='line_1_51' title="bbox 113 2963 1884 3014; baseline -0.005 -8"><span class='ocrx_word' id='word_1_552' title='bbox 113 2983 178 3014; x_wconf 81' lang='lat' dir='ltr'>„ex</span> <span class='ocrx_word' id='word_1_553' title='bbox 204 2971 307 3006; x_wconf 90' lang='lat' dir='ltr'>domo</span> <span class='ocrx_word' id='word_1_554' title='bbox 333 2971 519 3006; x_wconf 87' lang='lat' dir='ltr'>societatis</span> <span class='ocrx_word' id='word_1_555' title='bbox 544 2972 647 3006; x_wconf 82' lang='lat' dir='ltr'>Iesu“</span> <span class='ocrx_word' id='word_1_556' title='bbox 680 2972 735 3006; x_wconf 81' lang='lat'>12.</span> <span class='ocrx_word' id='word_1_557' title='bbox 762 2970 844 3004; x_wconf 90' lang='lat' dir='ltr'>Iulii</span> <span class='ocrx_word' id='word_1_558' title='bbox 873 2971 963 3004; x_wconf 84' lang='grc'><strong>1567</strong></span> <span class='ocrx_word' id='word_1_559' title='bbox 992 2968 1167 3003; x_wconf 86' lang='lat' dir='ltr'>cardinali</span> <span class='ocrx_word' id='word_1_560' title='bbox 1193 2966 1373 3002; x_wconf 82' lang='lat' dir='ltr'>Stanislao</span> <span class='ocrx_word' id='word_1_561' title='bbox 1400 2966 1511 3000; x_wconf 88' lang='lat' dir='ltr'>Hosio</span> <span class='ocrx_word' id='word_1_562' title='bbox 1537 2965 1731 3010; x_wconf 77' lang='lat' dir='ltr'>*sci-ipsit:</span> <span class='ocrx_word' id='word_1_563' title='bbox 1767 2963 1884 3007; x_wconf 82' lang='lat' dir='ltr'>„Libri</span> 
     </span>
     <span class='ocr_line' id='line_1_52' title="bbox 108 3018 1883 3068; baseline -0.004 -10"><span class='ocrx_word' id='word_1_564' title='bbox 108 3025 220 3058; x_wconf 87' lang='lat' dir='ltr'>nostri</span> <span class='ocrx_word' id='word_1_565' title='bbox 247 3025 291 3059; x_wconf 94' lang='lat' dir='ltr'>de</span> <span class='ocrx_word' id='word_1_566' title='bbox 317 3025 601 3060; x_wconf 87' lang='lat' dir='ltr'>ordinationibus</span> <span class='ocrx_word' id='word_1_567' title='bbox 626 3024 862 3059; x_wconf 85' lang='lat' dir='ltr'>hierarchicis</span> <span class='ocrx_word' id='word_1_568' title='bbox 888 3023 1167 3068; x_wconf 84' lang='lat' dir='ltr'>proficiscuntur</span> <span class='ocrx_word' id='word_1_569' title='bbox 1193 3021 1236 3055; x_wconf 88' lang='lat' dir='ltr'>ad</span> <span class='ocrx_word' id='word_1_570' title='bbox 1262 3020 1445 3055; x_wconf 87' lang='lat' dir='ltr'>Canisium</span> <span class='ocrx_word' id='word_1_571' title='bbox 1473 3019 1611 3060; x_wconf 86' lang='lat' dir='ltr'>edendi,</span> <span class='ocrx_word' id='word_1_572' title='bbox 1637 3018 1700 3053; x_wconf 92' lang='lat' dir='ltr'>sed</span> <span class='ocrx_word' id='word_1_573' title='bbox 1726 3018 1883 3052; x_wconf 88' lang='lat' dir='ltr'>nondum</span> 
     </span>
     <span class='ocr_line' id='line_1_53' title="bbox 108 3072 1883 3124; baseline -0.005 -12"><span class='ocrx_word' id='word_1_574' title='bbox 108 3077 152 3112; x_wconf 84' lang='lat' dir='ltr'>ad</span> <span class='ocrx_word' id='word_1_575' title='bbox 179 3089 259 3112; x_wconf 91' lang='lat' dir='ltr'>eum</span> <span class='ocrx_word' id='word_1_576' title='bbox 286 3081 540 3124; x_wconf 85' lang='lat' dir='ltr'>peruenerunt.</span> <span class='ocrx_word' id='word_1_577' title='bbox 575 3078 757 3113; x_wconf 86' lang='lat' dir='ltr'>Fortassis</span> <span class='ocrx_word' id='word_1_578' title='bbox 783 3089 863 3112; x_wconf 89' lang='lat' dir='ltr'>cum</span> <span class='ocrx_word' id='word_1_579' title='bbox 892 3076 978 3110; x_wconf 87' lang='lat' dir='ltr'>editi</span> <span class='ocrx_word' id='word_1_580' title='bbox 1005 3078 1121 3116; x_wconf 89' lang='lat' dir='ltr'>erunt,</span> <span class='ocrx_word' id='word_1_581' title='bbox 1148 3075 1248 3120; x_wconf 86' lang='lat' dir='ltr'>prius</span> <span class='ocrx_word' id='word_1_582' title='bbox 1275 3075 1309 3108; x_wconf 89' lang='lat' dir='ltr'>in</span> <span class='ocrx_word' id='word_1_583' title='bbox 1336 3072 1523 3119; x_wconf 84' lang='lat' dir='ltr'>Polonjam</span> <span class='ocrx_word' id='word_1_584' title='bbox 1550 3073 1594 3107; x_wconf 91' lang='lat' dir='ltr'>ad</span> <span class='ocrx_word' id='word_1_585' title='bbox 1621 3074 1658 3106; x_wconf 92' lang='lat' dir='ltr'>te</span> <span class='ocrx_word' id='word_1_586' title='bbox 1683 3072 1883 3112; x_wconf 87' lang='lat' dir='ltr'>mittentur,</span> 
     </span>
     <span class='ocr_line' id='line_1_54' title="bbox 109 3123 1884 3176; baseline -0.005 -11"><span class='ocrx_word' id='word_1_587' title='bbox 109 3142 216 3175; x_wconf 87' lang='lat' dir='ltr'>quam</span> <span class='ocrx_word' id='word_1_588' title='bbox 255 3132 325 3167; x_wconf 90' lang='lat' dir='ltr'>huc</span> <span class='ocrx_word' id='word_1_589' title='bbox 364 3133 407 3167; x_wconf 87' lang='lat' dir='ltr'>ad</span> <span class='ocrx_word' id='word_1_590' title='bbox 445 3133 530 3167; x_wconf 83' lang='lat' dir='ltr'>nos“</span> <span class='ocrx_word' id='word_1_591' title='bbox 575 3132 636 3176; x_wconf 83' lang='lat' dir='ltr'>(ex</span> <span class='ocrx_word' id='word_1_592' title='bbox 676 3130 921 3176; x_wconf 85' lang='lat' dir='ltr'>autographo,</span> <span class='ocrx_word' id='word_1_593' title='bbox 960 3129 1054 3174; x_wconf 87' lang='lat' dir='ltr'>quod</span> <span class='ocrx_word' id='word_1_594' title='bbox 1090 3131 1213 3163; x_wconf 88' lang='lat' dir='ltr'>exstat</span> <span class='ocrx_word' id='word_1_595' title='bbox 1248 3128 1447 3163; x_wconf 86' lang='lat' dir='ltr'>Cracoviae</span> <span class='ocrx_word' id='word_1_596' title='bbox 1482 3127 1519 3161; x_wconf 91' lang='lat' dir='ltr'>in</span> <span class='ocrx_word' id='word_1_597' title='bbox 1553 3137 1677 3160; x_wconf 90' lang='lat' dir='ltr'>museo</span> <span class='ocrx_word' id='word_1_598' title='bbox 1712 3123 1884 3170; x_wconf 87' lang='lat' dir='ltr'>principis</span> 
     </span>
    </p>
   </div>
  </div>
 </body>
</html>
