<?xml version="1.0" encoding="UTF-8"?>
<!DOCTYPE html PUBLIC "-//W3C//DTD XHTML 1.0 Transitional//EN"
    "http://www.w3.org/TR/xhtml1/DTD/xhtml1-transitional.dtd">
<html xmlns="http://www.w3.org/1999/xhtml" xml:lang="en" lang="en">
 <head>
  <title>
</title>
<meta http-equiv="Content-Type" content="text/html;charset=utf-8" />
  <meta name='ocr-system' content='tesseract 3.04.00' />
  <meta name='ocr-capabilities' content='ocr_page ocr_carea ocr_par ocr_line ocrx_word'/>
</head>
<body>
  <div class='ocr_page' id='page_1' title='image "beatipetricanisi06cani_0378.png"; bbox 0 0 2044 3335; ppageno 0'>
   <div class='ocr_carea' id='block_1_1' title="bbox 157 95 1410 141">
    <p class='ocr_par' dir='ltr' id='par_1_1' title="bbox 157 95 1410 141">
     <span class='ocr_line' id='line_1_1' title="bbox 157 95 1410 141; baseline 0 -9"><span class='ocrx_word' id='word_1_1' title='bbox 157 100 241 141; x_wconf 83' lang='lat'>304</span> <span class='ocrx_word' id='word_1_2' title='bbox 653 97 753 132; x_wconf 84' lang='lat'><strong>1650.</strong></span> <span class='ocrx_word' id='word_1_3' title='bbox 783 96 948 130; x_wconf 85' lang='lat' dir='ltr'>Canisius</span> <span class='ocrx_word' id='word_1_4' title='bbox 975 96 1008 130; x_wconf 80' lang='lat' dir='ltr'>S.</span> <span class='ocrx_word' id='word_1_5' title='bbox 1029 95 1219 130; x_wconf 81' lang='lat' dir='ltr'>Francisco</span> <span class='ocrx_word' id='word_1_6' title='bbox 1245 97 1410 141; x_wconf 83' lang='lat' dir='ltr'>Borgiae.</span> 
     </span>
    </p>
   </div>
   <div class='ocr_carea' id='block_1_2' title="bbox 155 213 1923 1053">
    <p class='ocr_par' dir='ltr' id='par_1_2' title="bbox 156 213 1923 450">
     <span class='ocr_line' id='line_1_2' title="bbox 156 213 1921 268; baseline 0 -12"><span class='ocrx_word' id='word_1_7' title='bbox 156 215 407 256; x_wconf 82' lang='lat' dir='ltr'>consulatur</span> <span class='ocrx_word' id='word_1_8' title='bbox 448 227 522 255; x_wconf 91' lang='lat' dir='ltr'>oro</span> <span class='ocrx_word' id='word_1_9' title='bbox 564 213 607 255; x_wconf 91' lang='lat' dir='ltr'>in</span> <span class='ocrx_word' id='word_1_10' title='bbox 641 213 799 255; x_wconf 88' lang='lat' dir='ltr'>Christi</span> <span class='ocrx_word' id='word_1_11' title='bbox 840 213 1046 265; x_wconf 81' lang='lat' dir='ltr'>gloriam:</span> <span class='ocrx_word' id='word_1_12' title='bbox 1090 213 1173 255; x_wconf 88' lang='lat' dir='ltr'>erit</span> <span class='ocrx_word' id='word_1_13' title='bbox 1213 214 1316 256; x_wconf 90' lang='lat' dir='ltr'>mihi</span> <span class='ocrx_word' id='word_1_14' title='bbox 1357 228 1528 268; x_wconf 81' lang='lat' dir='ltr'>semper</span> <span class='ocrx_word' id='word_1_15' title='bbox 1560 214 1921 268; x_wconf 89' lang='lat' dir='ltr'>acceptissimum,</span> 
     </span>
     <span class='ocr_line' id='line_1_3' title="bbox 156 278 1923 333; baseline 0.001 -13"><span class='ocrx_word' id='word_1_16' title='bbox 156 279 356 332; x_wconf 89' lang='lat' dir='ltr'>quicquid</span> <span class='ocrx_word' id='word_1_17' title='bbox 390 278 660 320; x_wconf 80' lang='lat' dir='ltr'>obedientiae</span> <span class='ocrx_word' id='word_1_18' title='bbox 692 281 872 319; x_wconf 88' lang='lat' dir='ltr'>sanctae</span> <span class='ocrx_word' id='word_1_19' title='bbox 905 278 1044 319; x_wconf 92' lang='lat' dir='ltr'>uisum</span> <span class='ocrx_word' id='word_1_20' title='bbox 1076 278 1221 330; x_wconf 85' lang='lat' dir='ltr'>fuerit,</span> <span class='ocrx_word' id='word_1_21' title='bbox 1265 279 1500 332; x_wconf 73' lang='lat' dir='ltr'>statimque</span> <span class='ocrx_word' id='word_1_22' title='bbox 1543 279 1754 333; x_wconf 83' lang='lat' dir='ltr'>deponam</span> <span class='ocrx_word' id='word_1_23' title='bbox 1787 293 1923 333; x_wconf 89' lang='lat' dir='ltr'>graue</span> 
     </span>
     <span class='ocr_line' id='line_1_4' title="bbox 156 343 1923 398; baseline 0 -13"><span class='ocrx_word' id='word_1_24' title='bbox 156 358 276 393; x_wconf 90' lang='lat' dir='ltr'>onus,</span> <span class='ocrx_word' id='word_1_25' title='bbox 311 357 407 385; x_wconf 88' lang='lat' dir='ltr'>cum</span> <span class='ocrx_word' id='word_1_26' title='bbox 440 343 652 396; x_wconf 82' lang='lat' dir='ltr'>placuerit</span> <span class='ocrx_word' id='word_1_27' title='bbox 686 343 731 386; x_wconf 97' lang='lat' dir='ltr'>P.</span> <span class='ocrx_word' id='word_1_28' title='bbox 766 343 814 385; x_wconf 85' lang='grc' dir='ltr'>Τ.</span> <span class='ocrx_word' id='word_1_29' title='bbox 850 356 1032 395; x_wconf 88' lang='lat' dir='ltr'>magnas</span> <span class='ocrx_word' id='word_1_30' title='bbox 1066 343 1197 386; x_wconf 90' lang='lat' dir='ltr'>etiam</span> <span class='ocrx_word' id='word_1_31' title='bbox 1230 344 1398 397; x_wconf 79' lang='lat' dir='ltr'>gratias</span> <span class='ocrx_word' id='word_1_32' title='bbox 1431 344 1601 386; x_wconf 83' lang='lat' dir='ltr'>Christo</span> <span class='ocrx_word' id='word_1_33' title='bbox 1636 347 1680 386; x_wconf 91' lang='lat' dir='ltr'>et</span> <span class='ocrx_word' id='word_1_34' title='bbox 1711 344 1923 398; x_wconf 83' lang='lat' dir='ltr'>superiori</span> 
     </span>
     <span class='ocr_line' id='line_1_5' title="bbox 157 409 363 450; baseline -0.005 0"><span class='ocrx_word' id='word_1_35' title='bbox 157 409 363 450; x_wconf 90' lang='lat' dir='ltr'>dicturus.</span> 
     </span>
    </p>

    <p class='ocr_par' dir='ltr' id='par_1_3' title="bbox 155 478 1923 1053">
     <span class='ocr_line' id='line_1_6' title="bbox 274 478 1922 533; baseline 0.002 -14"><span class='ocrx_word' id='word_1_36' title='bbox 274 479 400 520; x_wconf 89' lang='lat' dir='ltr'>Nunc</span> <span class='ocrx_word' id='word_1_37' title='bbox 423 478 542 520; x_wconf 90' lang='lat' dir='ltr'>uenit</span> <span class='ocrx_word' id='word_1_38' title='bbox 565 479 808 532; x_wconf 76' lang='lat' dir='ltr'>Augustam</span> <span class='ocrx_word' id='word_1_39' title='bbox 832 479 995 521; x_wconf 85' lang='lat' dir='ltr'>Rector</span> <span class='ocrx_word' id='word_1_40' title='bbox 1017 479 1294 532; x_wconf 91' lang='lat' dir='ltr'>Dilingensis,</span> <span class='ocrx_word' id='word_1_41' title='bbox 1329 483 1376 522; x_wconf 93' lang='lat' dir='ltr'>ut</span> <span class='ocrx_word' id='word_1_42' title='bbox 1408 480 1583 533; x_wconf 86' lang='lat' dir='ltr'>paulum</span> <span class='ocrx_word' id='word_1_43' title='bbox 1613 493 1709 521; x_wconf 90' lang='lat' dir='ltr'>sese</span> <span class='ocrx_word' id='word_1_44' title='bbox 1741 482 1922 530; x_wconf 89' lang='lat' dir='ltr'>recreet,</span> 
     </span>
     <span class='ocr_line' id='line_1_7' title="bbox 155 543 1921 597; baseline 0.001 -13"><span class='ocrx_word' id='word_1_45' title='bbox 155 544 268 585; x_wconf 91' lang='lat' dir='ltr'>sicut</span> <span class='ocrx_word' id='word_1_46' title='bbox 314 544 452 586; x_wconf 85' lang='lat' dir='ltr'>suasit</span> <span class='ocrx_word' id='word_1_47' title='bbox 499 543 701 587; x_wconf 90' lang='lat' dir='ltr'>medicus.</span> <span class='ocrx_word' id='word_1_48' title='bbox 775 544 854 585; x_wconf 84' lang='lat' dir='ltr'>Fui</span> <span class='ocrx_word' id='word_1_49' title='bbox 898 546 1044 586; x_wconf 89' lang='lat' dir='ltr'>autem</span> <span class='ocrx_word' id='word_1_50' title='bbox 1088 544 1155 586; x_wconf 90' lang='lat' dir='ltr'>his</span> <span class='ocrx_word' id='word_1_51' title='bbox 1202 544 1351 587; x_wconf 90' lang='lat' dir='ltr'>diebus</span> <span class='ocrx_word' id='word_1_52' title='bbox 1399 544 1640 597; x_wconf 68' lang='lat' dir='ltr'>Dilingae1,</span> <span class='ocrx_word' id='word_1_53' title='bbox 1690 548 1734 587; x_wconf 92' lang='lat' dir='ltr'>et</span> <span class='ocrx_word' id='word_1_54' title='bbox 1781 544 1921 594; x_wconf 88' lang='lat' dir='ltr'>didici,</span> 
     </span>
     <span class='ocr_line' id='line_1_8' title="bbox 156 608 1923 663; baseline 0.001 -14"><span class='ocrx_word' id='word_1_55' title='bbox 156 608 307 660; x_wconf 89' lang='lat' dir='ltr'>quanti</span> <span class='ocrx_word' id='word_1_56' title='bbox 338 608 516 656; x_wconf 81' lang='lat' dir='ltr'>referat,</span> <span class='ocrx_word' id='word_1_57' title='bbox 551 609 684 650; x_wconf 86' lang='lat' dir='ltr'>talem</span> <span class='ocrx_word' id='word_1_58' title='bbox 708 609 937 651; x_wconf 80' lang='lat' dir='ltr'>Rectorem</span> <span class='ocrx_word' id='word_1_59' title='bbox 971 623 1173 663; x_wconf 85' lang='lat' dir='ltr'>praeesse</span> <span class='ocrx_word' id='word_1_60' title='bbox 1207 610 1371 651; x_wconf 89' lang='lat' dir='ltr'>duobus</span> <span class='ocrx_word' id='word_1_61' title='bbox 1405 610 1635 663; x_wconf 77' lang='lat' dir='ltr'>collegijs³,</span> <span class='ocrx_word' id='word_1_62' title='bbox 1669 612 1761 651; x_wconf 90' lang='lat' dir='ltr'>tum</span> <span class='ocrx_word' id='word_1_63' title='bbox 1795 609 1923 650; x_wconf 91' lang='lat' dir='ltr'>semi-</span> 
     </span>
     <span class='ocr_line' id='line_1_9' title="bbox 156 674 1923 728; baseline 0.001 -14"><span class='ocrx_word' id='word_1_64' title='bbox 156 674 277 714; x_wconf 85' lang='lat' dir='ltr'>nario</span> <span class='ocrx_word' id='word_1_65' title='bbox 320 676 452 726; x_wconf 88' lang='lat' dir='ltr'>atque</span> <span class='ocrx_word' id='word_1_66' title='bbox 493 674 576 716; x_wconf 93' lang='lat' dir='ltr'>toti</span> <span class='ocrx_word' id='word_1_67' title='bbox 617 674 885 728; x_wconf 79' lang='lat' dir='ltr'>gymnasio‘2.</span> <span class='ocrx_word' id='word_1_68' title='bbox 951 674 1063 715; x_wconf 92' lang='lat' dir='ltr'>Hinc</span> <span class='ocrx_word' id='word_1_69' title='bbox 1102 677 1255 728; x_wconf 89' lang='lat' dir='ltr'>optare</span> <span class='ocrx_word' id='word_1_70' title='bbox 1288 674 1472 728; x_wconf 89' lang='lat' dir='ltr'>quidem,</span> <span class='ocrx_word' id='word_1_71' title='bbox 1516 675 1591 716; x_wconf 90' lang='lat' dir='ltr'>sed</span> <span class='ocrx_word' id='word_1_72' title='bbox 1623 688 1708 716; x_wconf 92' lang='lat' dir='ltr'>non</span> <span class='ocrx_word' id='word_1_73' title='bbox 1741 674 1923 716; x_wconf 88' lang='lat' dir='ltr'>suadere</span> 
     </span>
     <span class='ocr_line' id='line_1_10' title="bbox 156 738 1921 793; baseline 0.001 -14"><span class='ocrx_word' id='word_1_74' title='bbox 156 738 306 787; x_wconf 84' lang='lat' dir='ltr'>audeo,</span> <span class='ocrx_word' id='word_1_75' title='bbox 347 742 396 781; x_wconf 87' lang='lat' dir='ltr'>vt</span> <span class='ocrx_word' id='word_1_76' title='bbox 428 752 483 780; x_wconf 83' lang='lat' dir='ltr'>ex</span> <span class='ocrx_word' id='word_1_77' title='bbox 516 753 565 781; x_wconf 93' lang='lat' dir='ltr'>eo</span> <span class='ocrx_word' id='word_1_78' title='bbox 598 739 785 782; x_wconf 89' lang='lat' dir='ltr'>Rectore</span> <span class='ocrx_word' id='word_1_79' title='bbox 816 741 894 781; x_wconf 87' lang='lat' dir='ltr'>fiat</span> <span class='ocrx_word' id='word_1_80' title='bbox 927 739 1170 793; x_wconf 89' lang='lat' dir='ltr'>prouintiae</span> <span class='ocrx_word' id='word_1_81' title='bbox 1203 740 1543 790; x_wconf 89' lang='lat' dir='ltr'>administrator,</span> <span class='ocrx_word' id='word_1_82' title='bbox 1578 742 1626 781; x_wconf 92' lang='lat' dir='ltr'>ut</span> <span class='ocrx_word' id='word_1_83' title='bbox 1659 740 1727 781; x_wconf 91' lang='lat' dir='ltr'>cui</span> <span class='ocrx_word' id='word_1_84' title='bbox 1758 739 1921 780; x_wconf 92' lang='lat' dir='ltr'>nullum</span> 
     </span>
     <span class='ocr_line' id='line_1_11' title="bbox 155 802 1923 858; baseline 0.001 -14"><span class='ocrx_word' id='word_1_85' title='bbox 155 802 355 844; x_wconf 92' lang='lat' dir='ltr'>idoneum</span> <span class='ocrx_word' id='word_1_86' title='bbox 396 818 687 846; x_wconf 82' lang='lat' dir='ltr'>successorem</span> <span class='ocrx_word' id='word_1_87' title='bbox 726 804 857 846; x_wconf 88' lang='lat' dir='ltr'>liceat</span> <span class='ocrx_word' id='word_1_88' title='bbox 890 804 1168 854; x_wconf 86' lang='lat' dir='ltr'>substituere,</span> <span class='ocrx_word' id='word_1_89' title='bbox 1211 808 1259 847; x_wconf 91' lang='lat' dir='ltr'>ut</span> <span class='ocrx_word' id='word_1_90' title='bbox 1291 805 1479 847; x_wconf 84' lang='lat' dir='ltr'>arbitror</span> <span class='ocrx_word' id='word_1_91' title='bbox 1510 805 1650 858; x_wconf 89' lang='lat' dir='ltr'>plane.</span> <span class='ocrx_word' id='word_1_92' title='bbox 1715 804 1923 845; x_wconf 87' lang='lat' dir='ltr'>Dominus</span> 
     </span>
     <span class='ocr_line' id='line_1_12' title="bbox 155 867 1923 923; baseline 0.001 -14"><span class='ocrx_word' id='word_1_93' title='bbox 155 867 198 909; x_wconf 92' lang='lat' dir='ltr'>in</span> <span class='ocrx_word' id='word_1_94' title='bbox 232 882 354 910; x_wconf 87' lang='lat' dir='ltr'>suam</span> <span class='ocrx_word' id='word_1_95' title='bbox 386 869 569 921; x_wconf 84' lang='lat' dir='ltr'>gloriam</span> <span class='ocrx_word' id='word_1_96' title='bbox 604 872 749 911; x_wconf 86' lang='lat' dir='ltr'>uertat</span> <span class='ocrx_word' id='word_1_97' title='bbox 779 869 933 920; x_wconf 89' lang='lat' dir='ltr'>omnia,</span> <span class='ocrx_word' id='word_1_98' title='bbox 969 872 1013 911; x_wconf 90' lang='lat' dir='ltr'>et</span> <span class='ocrx_word' id='word_1_99' title='bbox 1044 870 1264 923; x_wconf 88' lang='lat' dir='ltr'>praesenti</span> <span class='ocrx_word' id='word_1_100' title='bbox 1295 873 1473 912; x_wconf 88' lang='lat' dir='ltr'>nostrae</span> <span class='ocrx_word' id='word_1_101' title='bbox 1506 869 1704 911; x_wconf 89' lang='lat' dir='ltr'>consulat</span> <span class='ocrx_word' id='word_1_102' title='bbox 1735 868 1923 910; x_wconf 92' lang='lat' dir='ltr'>necessi-</span> 
     </span>
     <span class='ocr_line' id='line_1_13' title="bbox 155 933 1923 988; baseline 0 -14"><span class='ocrx_word' id='word_1_103' title='bbox 155 933 238 975; x_wconf 85' lang='lat' dir='ltr'>tati</span> <span class='ocrx_word' id='word_1_104' title='bbox 272 947 348 987; x_wconf 87' lang='lat' dir='ltr'>per</span> <span class='ocrx_word' id='word_1_105' title='bbox 380 934 427 975; x_wconf 84' lang='lat' dir='ltr'>T.</span> <span class='ocrx_word' id='word_1_106' title='bbox 462 934 508 976; x_wconf 89' lang='lat' dir='ltr'>P.</span> <span class='ocrx_word' id='word_1_107' title='bbox 543 948 593 976; x_wconf 86' lang='lat' dir='ltr'>ac</span> <span class='ocrx_word' id='word_1_108' title='bbox 625 935 751 978; x_wconf 92' lang='lat' dir='ltr'>Doct.</span> <span class='ocrx_word' id='word_1_109' title='bbox 784 935 1003 984; x_wconf 83' lang='lat' dir='ltr'>Natalem,</span> <span class='ocrx_word' id='word_1_110' title='bbox 1046 937 1095 976; x_wconf 88' lang='lat' dir='ltr'>ut-</span> <span class='ocrx_word' id='word_1_111' title='bbox 1136 935 1208 987; x_wconf 90' lang='lat' dir='ltr'>qui</span> <span class='ocrx_word' id='word_1_112' title='bbox 1249 949 1318 976; x_wconf 89' lang='lat' dir='ltr'>res</span> <span class='ocrx_word' id='word_1_113' title='bbox 1360 934 1602 988; x_wconf 82' lang='lat' dir='ltr'>prouintiae</span> <span class='ocrx_word' id='word_1_114' title='bbox 1635 935 1811 976; x_wconf 87' lang='lat' dir='ltr'>nostrae</span> <span class='ocrx_word' id='word_1_115' title='bbox 1843 933 1923 975; x_wconf 89' lang='lat' dir='ltr'>sibi</span> 
     </span>
     <span class='ocr_line' id='line_1_14' title="bbox 157 998 798 1053; baseline 0.005 -14"><span class='ocrx_word' id='word_1_116' title='bbox 157 998 346 1040; x_wconf 76' lang='lat' dir='ltr'>maxime</span> <span class='ocrx_word' id='word_1_117' title='bbox 378 1002 631 1053; x_wconf 88' lang='lat' dir='ltr'>perspectas</span> <span class='ocrx_word' id='word_1_118' title='bbox 663 1003 798 1042; x_wconf 91' lang='lat' dir='ltr'>tenet.</span> 
     </span>
    </p>
   </div>
   <div class='ocr_carea' id='block_1_3' title="bbox 153 1069 1923 2360">
    <p class='ocr_par' dir='ltr' id='par_1_4' title="bbox 153 1069 1923 2360">
     <span class='ocr_line' id='line_1_15' title="bbox 276 1069 1923 1125; baseline -0.001 -14"><span class='ocrx_word' id='word_1_119' title='bbox 276 1069 374 1111; x_wconf 91' lang='lat' dir='ltr'>Misi</span> <span class='ocrx_word' id='word_1_120' title='bbox 407 1070 462 1111; x_wconf 87' lang='lat' dir='ltr'>ad</span> <span class='ocrx_word' id='word_1_121' title='bbox 496 1071 546 1113; x_wconf 91' lang='lat' dir='ltr'>D.</span> <span class='ocrx_word' id='word_1_122' title='bbox 582 1071 791 1113; x_wconf 86' lang='lat' dir='ltr'>Thomam</span> <span class='ocrx_word' id='word_1_123' title='bbox 827 1071 996 1112; x_wconf 86' lang='lat' dir='ltr'>Gallum</span> <span class='ocrx_word' id='word_1_124' title='bbox 1031 1084 1095 1120; x_wconf 89' lang='lat' dir='ltr'>ea,</span> <span class='ocrx_word' id='word_1_125' title='bbox 1130 1085 1241 1124; x_wconf 89' lang='lat' dir='ltr'>quae</span> <span class='ocrx_word' id='word_1_126' title='bbox 1273 1071 1447 1125; x_wconf 88' lang='lat' dir='ltr'>scripsit</span> <span class='ocrx_word' id='word_1_127' title='bbox 1480 1071 1525 1113; x_wconf 89' lang='lat' dir='ltr'>P.</span> <span class='ocrx_word' id='word_1_128' title='bbox 1560 1070 1608 1112; x_wconf 89' lang='lat' dir='ltr'>T.</span> <span class='ocrx_word' id='word_1_129' title='bbox 1643 1069 1842 1111; x_wconf 88' lang='lat' dir='ltr'>nimirum</span> <span class='ocrx_word' id='word_1_130' title='bbox 1875 1072 1923 1111; x_wconf 90' lang='lat' dir='ltr'>ut</span> 
     </span>
     <span class='ocr_line' id='line_1_16' title="bbox 156 1134 1921 1188; baseline -0.001 -12"><span class='ocrx_word' id='word_1_131' title='bbox 156 1135 390 1176; x_wconf 86' lang='lat' dir='ltr'>Lauretum</span> <span class='ocrx_word' id='word_1_132' title='bbox 418 1136 470 1176; x_wconf 92' lang='lat' dir='ltr'>ob</span> <span class='ocrx_word' id='word_1_133' title='bbox 494 1150 648 1177; x_wconf 86' lang='lat' dir='ltr'>causas</span> <span class='ocrx_word' id='word_1_134' title='bbox 671 1136 790 1185; x_wconf 78' lang='lat' dir='ltr'>duas,</span> <span class='ocrx_word' id='word_1_135' title='bbox 827 1140 904 1177; x_wconf 89' lang='lat' dir='ltr'>aut</span> <span class='ocrx_word' id='word_1_136' title='bbox 926 1136 1106 1177; x_wconf 84' lang='lat' dir='ltr'>Romam</span> <span class='ocrx_word' id='word_1_137' title='bbox 1142 1150 1312 1188; x_wconf 91' lang='lat' dir='ltr'>quoque</span> <span class='ocrx_word' id='word_1_138' title='bbox 1344 1137 1396 1177; x_wconf 92' lang='lat' dir='ltr'>ob</span> <span class='ocrx_word' id='word_1_139' title='bbox 1430 1139 1630 1178; x_wconf 83' lang='lat' dir='ltr'>votorum</span> <span class='ocrx_word' id='word_1_140' title='bbox 1664 1134 1921 1177; x_wconf 89' lang='lat' dir='ltr'>solutionem</span> 
     </span>
     <span class='ocr_line' id='line_1_17' title="bbox 157 1199 1922 1255; baseline 0.001 -15"><span class='ocrx_word' id='word_1_141' title='bbox 157 1200 470 1253; x_wconf 87' lang='lat' dir='ltr'>proficiscatur,</span> <span class='ocrx_word' id='word_1_142' title='bbox 514 1201 548 1242; x_wconf 93' lang='lat' dir='ltr'>si</span> <span class='ocrx_word' id='word_1_143' title='bbox 590 1201 698 1243; x_wconf 90' lang='lat' dir='ltr'>nolit</span> <span class='ocrx_word' id='word_1_144' title='bbox 732 1201 943 1242; x_wconf 84' lang='lat' dir='ltr'>Viennam</span> <span class='ocrx_word' id='word_1_145' title='bbox 986 1200 1106 1242; x_wconf 89' lang='lat' dir='ltr'>adire</span> <span class='ocrx_word' id='word_1_146' title='bbox 1120 1202 1149 1243; x_wconf 81' lang='lat'>3.</span> <span class='ocrx_word' id='word_1_147' title='bbox 1213 1201 1452 1255; x_wconf 82' lang='lat' dir='ltr'>Respondit</span> <span class='ocrx_word' id='word_1_148' title='bbox 1484 1204 1629 1243; x_wconf 89' lang='lat' dir='ltr'>autem</span> <span class='ocrx_word' id='word_1_149' title='bbox 1662 1200 1813 1242; x_wconf 88' lang='lat' dir='ltr'>literas</span> <span class='ocrx_word' id='word_1_150' title='bbox 1846 1199 1922 1241; x_wconf 89' lang='lat' dir='ltr'>ad-</span> 
     </span>
     <span class='ocr_line' id='line_1_18' title="bbox 156 1264 1921 1319; baseline -0.001 -13"><span class='ocrx_word' id='word_1_151' title='bbox 156 1264 314 1307; x_wconf 79' lang='lat' dir='ltr'>serenti</span> <span class='ocrx_word' id='word_1_152' title='bbox 355 1265 482 1307; x_wconf 84' lang='lat' dir='ltr'>fratri</span> <span class='ocrx_word' id='word_1_153' title='bbox 523 1269 694 1316; x_wconf 86' lang='lat' dir='ltr'>nostro,</span> <span class='ocrx_word' id='word_1_154' title='bbox 737 1279 876 1318; x_wconf 89' lang='lat' dir='ltr'>neque</span> <span class='ocrx_word' id='word_1_155' title='bbox 918 1265 1164 1315; x_wconf 88' lang='lat' dir='ltr'>Austriam,</span> <span class='ocrx_word' id='word_1_156' title='bbox 1214 1280 1352 1319; x_wconf 91' lang='lat' dir='ltr'>neque</span> <span class='ocrx_word' id='word_1_157' title='bbox 1393 1266 1572 1308; x_wconf 86' lang='lat' dir='ltr'>Jtaliam</span> <span class='ocrx_word' id='word_1_158' title='bbox 1615 1265 1694 1306; x_wconf 89' lang='lat' dir='ltr'>sibi</span> <span class='ocrx_word' id='word_1_159' title='bbox 1736 1265 1921 1318; x_wconf 88' lang='lat' dir='ltr'>placere.</span> 
     </span>
     <span class='ocr_line' id='line_1_19' title="bbox 156 1329 1922 1384; baseline 0.001 -14"><span class='ocrx_word' id='word_1_160' title='bbox 156 1330 392 1372; x_wconf 87' lang='lat' dir='ltr'>Praeterea</span> <span class='ocrx_word' id='word_1_161' title='bbox 423 1330 597 1384; x_wconf 86' lang='lat' dir='ltr'>scripsit</span> <span class='ocrx_word' id='word_1_162' title='bbox 629 1331 683 1372; x_wconf 88' lang='lat' dir='ltr'>ad</span> <span class='ocrx_word' id='word_1_163' title='bbox 717 1344 784 1372; x_wconf 91' lang='lat' dir='ltr'>me</span> <span class='ocrx_word' id='word_1_164' title='bbox 817 1330 947 1372; x_wconf 90' lang='lat' dir='ltr'>miser</span> <span class='ocrx_word' id='word_1_165' title='bbox 979 1344 1043 1380; x_wconf 90' lang='lat' dir='ltr'>ea,</span> <span class='ocrx_word' id='word_1_166' title='bbox 1087 1345 1197 1384; x_wconf 89' lang='lat' dir='ltr'>quae</span> <span class='ocrx_word' id='word_1_167' title='bbox 1229 1331 1295 1372; x_wconf 91' lang='lat' dir='ltr'>his</span> <span class='ocrx_word' id='word_1_168' title='bbox 1328 1331 1532 1372; x_wconf 89' lang='lat' dir='ltr'>adiuncta</span> <span class='ocrx_word' id='word_1_169' title='bbox 1565 1330 1690 1372; x_wconf 88' lang='lat' dir='ltr'>mitto</span> <span class='ocrx_word' id='word_1_170' title='bbox 1704 1332 1732 1379; x_wconf 78' lang='lat'>4,</span> <span class='ocrx_word' id='word_1_171' title='bbox 1771 1329 1843 1370; x_wconf 90' lang='lat' dir='ltr'>ubi</span> <span class='ocrx_word' id='word_1_172' title='bbox 1876 1342 1922 1370; x_wconf 90' lang='lat' dir='ltr'>se</span> 
     </span>
     <span class='ocr_line' id='line_1_20' title="bbox 156 1395 1921 1450; baseline -0.001 -14"><span class='ocrx_word' id='word_1_173' title='bbox 156 1395 312 1448; x_wconf 89' lang='lat' dir='ltr'>prodit,</span> <span class='ocrx_word' id='word_1_174' title='bbox 347 1396 399 1437; x_wconf 93' lang='lat' dir='ltr'>de</span> <span class='ocrx_word' id='word_1_175' title='bbox 423 1396 617 1437; x_wconf 85' lang='lat' dir='ltr'>Romano</span> <span class='ocrx_word' id='word_1_176' title='bbox 641 1396 863 1449; x_wconf 91' lang='lat' dir='ltr'>superiore</span> <span class='ocrx_word' id='word_1_177' title='bbox 896 1398 940 1437; x_wconf 90' lang='lat' dir='ltr'>et</span> <span class='ocrx_word' id='word_1_178' title='bbox 972 1410 1138 1437; x_wconf 89' lang='lat' dir='ltr'>summo</span> <span class='ocrx_word' id='word_1_179' title='bbox 1163 1397 1318 1450; x_wconf 92' lang='lat' dir='ltr'>capite,</span> <span class='ocrx_word' id='word_1_180' title='bbox 1353 1396 1490 1449; x_wconf 92' lang='lat' dir='ltr'>deque</span> <span class='ocrx_word' id='word_1_181' title='bbox 1512 1399 1713 1438; x_wconf 82' lang='lat' dir='ltr'>votorum</span> <span class='ocrx_word' id='word_1_182' title='bbox 1747 1408 1921 1435; x_wconf 88' lang='lat' dir='ltr'>suorum</span> 
     </span>
     <span class='ocr_line' id='line_1_21' title="bbox 157 1459 1921 1514; baseline -0.001 -12"><span class='ocrx_word' id='word_1_183' title='bbox 157 1461 420 1514; x_wconf 88' lang='lat' dir='ltr'>obligatione</span> <span class='ocrx_word' id='word_1_184' title='bbox 452 1461 565 1502; x_wconf 88' lang='lat' dir='ltr'>male</span> <span class='ocrx_word' id='word_1_185' title='bbox 598 1474 774 1514; x_wconf 85' lang='lat' dir='ltr'>prorsus</span> <span class='ocrx_word' id='word_1_186' title='bbox 802 1461 1007 1504; x_wconf 88' lang='lat' dir='ltr'>iudicare.</span> <span class='ocrx_word' id='word_1_187' title='bbox 1061 1461 1189 1504; x_wconf 87' lang='lat' dir='ltr'>Mitto</span> <span class='ocrx_word' id='word_1_188' title='bbox 1223 1461 1354 1503; x_wconf 91' lang='lat' dir='ltr'>etiam</span> <span class='ocrx_word' id='word_1_189' title='bbox 1386 1460 1594 1514; x_wconf 89' lang='lat' dir='ltr'>scriptum</span> <span class='ocrx_word' id='word_1_190' title='bbox 1618 1459 1789 1501; x_wconf 87' lang='lat' dir='ltr'>Domini</span> <span class='ocrx_word' id='word_1_191' title='bbox 1812 1459 1921 1500; x_wconf 83' lang='lat' dir='ltr'>Can-</span> 
     </span>
     <span class='ocr_line' id='line_1_22' title="bbox 157 1524 1922 1580; baseline -0.002 -13"><span class='ocrx_word' id='word_1_192' title='bbox 157 1526 320 1580; x_wconf 87' lang='lat' dir='ltr'>cellarij</span> <span class='ocrx_word' id='word_1_193' title='bbox 356 1525 597 1575; x_wconf 79' lang='lat' dir='ltr'>Bauarici5,</span> <span class='ocrx_word' id='word_1_194' title='bbox 641 1525 706 1567; x_wconf 88' lang='lat' dir='ltr'>cui</span> <span class='ocrx_word' id='word_1_195' title='bbox 745 1526 941 1579; x_wconf 83' lang='lat' dir='ltr'>profecto</span> <span class='ocrx_word' id='word_1_196' title='bbox 975 1526 1192 1576; x_wconf 87' lang='lat' dir='ltr'>debemus,</span> <span class='ocrx_word' id='word_1_197' title='bbox 1227 1525 1365 1578; x_wconf 84' lang='lat' dir='ltr'>quodb</span> <span class='ocrx_word' id='word_1_198' title='bbox 1397 1529 1488 1568; x_wconf 84' lang='lat' dir='ltr'>tam</span> <span class='ocrx_word' id='word_1_199' title='bbox 1522 1525 1590 1579; x_wconf 88' lang='lat' dir='ltr'>pie</span> <span class='ocrx_word' id='word_1_200' title='bbox 1623 1528 1667 1567; x_wconf 92' lang='lat' dir='ltr'>et</span> <span class='ocrx_word' id='word_1_201' title='bbox 1700 1524 1811 1566; x_wconf 88' lang='lat' dir='ltr'>serio</span> <span class='ocrx_word' id='word_1_202' title='bbox 1845 1524 1922 1565; x_wconf 87' lang='lat' dir='ltr'>ad—</span> 
     </span>
     <span class='ocr_line' id='line_1_23' title="bbox 154 1589 1920 1641; baseline -0.002 -8"><span class='ocrx_word' id='word_1_203' title='bbox 154 1594 330 1633; x_wconf 88' lang='lat' dir='ltr'>moneat</span> <span class='ocrx_word' id='word_1_204' title='bbox 361 1591 591 1641; x_wconf 84' lang='lat' dir='ltr'>hominem,</span> <span class='ocrx_word' id='word_1_205' title='bbox 625 1594 674 1633; x_wconf 91' lang='lat' dir='ltr'>vt</span> <span class='ocrx_word' id='word_1_206' title='bbox 706 1591 760 1632; x_wconf 87' lang='lat' dir='ltr'>ad</span> <span class='ocrx_word' id='word_1_207' title='bbox 783 1605 830 1632; x_wconf 93' lang='lat' dir='ltr'>se</span> <span class='ocrx_word' id='word_1_208' title='bbox 863 1594 907 1633; x_wconf 90' lang='lat' dir='ltr'>et</span> <span class='ocrx_word' id='word_1_209' title='bbox 930 1591 1201 1633; x_wconf 90' lang='lat' dir='ltr'>vocationem</span> <span class='ocrx_word' id='word_1_210' title='bbox 1235 1605 1355 1633; x_wconf 87' lang='lat' dir='ltr'>suam</span> <span class='ocrx_word' id='word_1_211' title='bbox 1389 1591 1542 1633; x_wconf 87' lang='lat' dir='ltr'>redeat</span> <span class='ocrx_word' id='word_1_212' title='bbox 1564 1604 1713 1632; x_wconf 89' lang='lat' dir='ltr'>errans</span> <span class='ocrx_word' id='word_1_213' title='bbox 1739 1589 1879 1631; x_wconf 81' lang='lat' dir='ltr'>frater</span> <span class='ocrx_word' id='word_1_214' title='bbox 1892 1590 1920 1630; x_wconf 76' lang='grc'>6.</span> 
     </span>
     <span class='ocr_line' id='line_1_24' title="bbox 154 1653 1922 1710; baseline -0.002 -12"><span class='ocrx_word' id='word_1_215' title='bbox 154 1657 210 1699; x_wconf 89' lang='lat' dir='ltr'>Et</span> <span class='ocrx_word' id='word_1_216' title='bbox 244 1671 338 1698; x_wconf 85' lang='lat' dir='ltr'>curn</span> <span class='ocrx_word' id='word_1_217' title='bbox 373 1655 641 1698; x_wconf 85' lang='lat' dir='ltr'>Cancellario</span> <span class='ocrx_word' id='word_1_218' title='bbox 676 1656 845 1709; x_wconf 90' lang='lat' dir='ltr'>quidem</span> <span class='ocrx_word' id='word_1_219' title='bbox 880 1657 1013 1698; x_wconf 89' lang='lat' dir='ltr'>semel</span> <span class='ocrx_word' id='word_1_220' title='bbox 1055 1659 1100 1699; x_wconf 91' lang='lat' dir='ltr'>et</span> <span class='ocrx_word' id='word_1_221' title='bbox 1130 1656 1288 1698; x_wconf 88' lang='lat' dir='ltr'>iterum</span> <span class='ocrx_word' id='word_1_222' title='bbox 1331 1656 1434 1710; x_wconf 89' lang='lat' dir='ltr'>egit,</span> <span class='ocrx_word' id='word_1_223' title='bbox 1478 1656 1553 1697; x_wconf 91' lang='lat' dir='ltr'>sed</span> <span class='ocrx_word' id='word_1_224' title='bbox 1595 1655 1773 1704; x_wconf 86' lang='lat' dir='ltr'>frustra,</span> <span class='ocrx_word' id='word_1_225' title='bbox 1816 1653 1922 1694; x_wconf 88' lang='lat' dir='ltr'>nihil</span> 
     </span>
     <span class='ocr_line' id='line_1_25' title="bbox 155 1718 1921 1775; baseline -0.003 -11"><span class='ocrx_word' id='word_1_226' title='bbox 155 1736 303 1764; x_wconf 93' lang='lat' dir='ltr'>eorum</span> <span class='ocrx_word' id='word_1_227' title='bbox 345 1722 556 1770; x_wconf 79' lang='lat' dir='ltr'>obtinens,</span> <span class='ocrx_word' id='word_1_228' title='bbox 601 1735 710 1774; x_wconf 90' lang='lat' dir='ltr'>quae</span> <span class='ocrx_word' id='word_1_229' title='bbox 753 1721 1030 1770; x_wconf 90' lang='lat' dir='ltr'>desiderauit,</span> <span class='ocrx_word' id='word_1_230' title='bbox 1073 1722 1271 1763; x_wconf 90' lang='lat' dir='ltr'>nimirum</span> <span class='ocrx_word' id='word_1_231' title='bbox 1315 1724 1363 1763; x_wconf 88' lang='lat' dir='ltr'>ut</span> <span class='ocrx_word' id='word_1_232' title='bbox 1402 1719 1642 1775; x_wconf 87' lang='lat' dir='ltr'>parochiali</span> <span class='ocrx_word' id='word_1_233' title='bbox 1683 1733 1811 1761; x_wconf 88' lang='lat' dir='ltr'>curae</span> <span class='ocrx_word' id='word_1_234' title='bbox 1852 1718 1921 1759; x_wconf 90' lang='lat' dir='ltr'>uel</span> 
     </span>
     <span class='ocr_line' id='line_1_26' title="bbox 155 1783 1920 1840; baseline -0.002 -12"><span class='ocrx_word' id='word_1_235' title='bbox 155 1787 491 1828; x_wconf 85' lang='lat' dir='ltr'>Ecclesiasticae</span> <span class='ocrx_word' id='word_1_236' title='bbox 533 1786 743 1829; x_wconf 85' lang='lat' dir='ltr'>functioni</span> <span class='ocrx_word' id='word_1_237' title='bbox 784 1787 826 1827; x_wconf 91' lang='lat' dir='ltr'>in</span> <span class='ocrx_word' id='word_1_238' title='bbox 866 1787 1054 1828; x_wconf 89' lang='lat' dir='ltr'>Bauaria</span> <span class='ocrx_word' id='word_1_239' title='bbox 1096 1788 1407 1840; x_wconf 84' lang='lat' dir='ltr'>praeficeretur</span> <span class='ocrx_word' id='word_1_240' title='bbox 1448 1801 1473 1828; x_wconf 91' lang='lat' dir='ltr'>a</span> <span class='ocrx_word' id='word_1_241' title='bbox 1506 1785 1717 1839; x_wconf 86' lang='lat' dir='ltr'>Principe.</span> <span class='ocrx_word' id='word_1_242' title='bbox 1782 1783 1920 1825; x_wconf 89' lang='lat' dir='ltr'>Hodie</span> 
     </span>
     <span class='ocr_line' id='line_1_27' title="bbox 154 1849 1919 1904; baseline -0.002 -11"><span class='ocrx_word' id='word_1_243' title='bbox 154 1852 272 1894; x_wconf 87' lang='lat' dir='ltr'>misit</span> <span class='ocrx_word' id='word_1_244' title='bbox 304 1852 358 1893; x_wconf 89' lang='lat' dir='ltr'>ad</span> <span class='ocrx_word' id='word_1_245' title='bbox 391 1866 469 1893; x_wconf 88' lang='lat' dir='ltr'>nos</span> <span class='ocrx_word' id='word_1_246' title='bbox 495 1853 695 1894; x_wconf 89' lang='lat' dir='ltr'>Decanus</span> <span class='ocrx_word' id='word_1_247' title='bbox 718 1851 941 1893; x_wconf 87' lang='lat' dir='ltr'>Ecclesiae</span> <span class='ocrx_word' id='word_1_248' title='bbox 964 1852 1233 1894; x_wconf 81' lang='lat' dir='ltr'>Gathedralis</span> <span class='ocrx_word' id='word_1_249' title='bbox 1266 1852 1432 1901; x_wconf 89' lang='lat' dir='ltr'>huius7,</span> <span class='ocrx_word' id='word_1_250' title='bbox 1468 1855 1512 1893; x_wconf 88' lang='lat' dir='ltr'>et</span> <span class='ocrx_word' id='word_1_251' title='bbox 1544 1850 1758 1904; x_wconf 80' lang='lat' dir='ltr'>exposuit,</span> <span class='ocrx_word' id='word_1_252' title='bbox 1793 1849 1919 1890; x_wconf 90' lang='lat' dir='ltr'>Doct.</span> 
     </span>
     <span class='ocr_line' id='line_1_28' title="bbox 154 1913 1920 1970; baseline -0.002 -12"><span class='ocrx_word' id='word_1_253' title='bbox 154 1917 363 1958; x_wconf 86' lang='lat' dir='ltr'>Thomam</span> <span class='ocrx_word' id='word_1_254' title='bbox 397 1917 622 1970; x_wconf 86' lang='lat' dir='ltr'>quinquies</span> <span class='ocrx_word' id='word_1_255' title='bbox 655 1917 709 1958; x_wconf 87' lang='lat' dir='ltr'>ad</span> <span class='ocrx_word' id='word_1_256' title='bbox 742 1931 788 1958; x_wconf 92' lang='lat' dir='ltr'>se</span> <span class='ocrx_word' id='word_1_257' title='bbox 811 1917 981 1958; x_wconf 88' lang='lat' dir='ltr'>uenisse</span> <span class='ocrx_word' id='word_1_258' title='bbox 1008 1916 1246 1970; x_wconf 90' lang='lat' dir='ltr'>(nunquam</span> <span class='ocrx_word' id='word_1_259' title='bbox 1280 1920 1425 1959; x_wconf 89' lang='lat' dir='ltr'>autem</span> <span class='ocrx_word' id='word_1_260' title='bbox 1458 1930 1536 1957; x_wconf 90' lang='lat' dir='ltr'>nos</span> <span class='ocrx_word' id='word_1_261' title='bbox 1559 1916 1723 1957; x_wconf 89' lang='lat' dir='ltr'>vicinos</span> <span class='ocrx_word' id='word_1_262' title='bbox 1754 1913 1920 1967; x_wconf 90' lang='lat' dir='ltr'>inuisit)</span> 
     </span>
     <span class='ocr_line' id='line_1_29' title="bbox 154 1979 1921 2034; baseline -0.003 -10"><span class='ocrx_word' id='word_1_263' title='bbox 154 1986 198 2025; x_wconf 94' lang='lat' dir='ltr'>et</span> <span class='ocrx_word' id='word_1_264' title='bbox 230 1982 436 2023; x_wconf 86' lang='lat' dir='ltr'>maiorem</span> <span class='ocrx_word' id='word_1_265' title='bbox 469 1982 512 2023; x_wconf 92' lang='lat' dir='ltr'>in</span> <span class='ocrx_word' id='word_1_266' title='bbox 544 1982 715 2023; x_wconf 90' lang='lat' dir='ltr'>modum</span> <span class='ocrx_word' id='word_1_267' title='bbox 748 1996 917 2034; x_wconf 88' lang='lat' dir='ltr'>rogare,</span> <span class='ocrx_word' id='word_1_268' title='bbox 952 1985 1000 2024; x_wconf 90' lang='lat' dir='ltr'>vt</span> <span class='ocrx_word' id='word_1_269' title='bbox 1032 1982 1086 2023; x_wconf 87' lang='lat' dir='ltr'>ad</span> <span class='ocrx_word' id='word_1_270' title='bbox 1119 1996 1241 2024; x_wconf 88' lang='lat' dir='ltr'>suam</span> <span class='ocrx_word' id='word_1_271' title='bbox 1274 1984 1318 2024; x_wconf 91' lang='lat' dir='ltr'>et</span> <span class='ocrx_word' id='word_1_272' title='bbox 1351 1995 1524 2023; x_wconf 86' lang='lat' dir='ltr'>suorum</span> <span class='ocrx_word' id='word_1_273' title='bbox 1557 1980 1744 2034; x_wconf 90' lang='lat' dir='ltr'>inopiam</span> <span class='ocrx_word' id='word_1_274' title='bbox 1778 1979 1921 2021; x_wconf 92' lang='lat' dir='ltr'>suble-</span> 
     </span>
     <span class='ocr_line' id='line_1_30' title="bbox 154 2045 1919 2101; baseline -0.002 -12"><span class='ocrx_word' id='word_1_275' title='bbox 154 2048 340 2090; x_wconf 89' lang='lat' dir='ltr'>uandam</span> <span class='ocrx_word' id='word_1_276' title='bbox 386 2047 427 2088; x_wconf 90' lang='lat' dir='ltr'>in</span> <span class='ocrx_word' id='word_1_277' title='bbox 470 2046 624 2088; x_wconf 88' lang='lat' dir='ltr'>vicinis</span> <span class='ocrx_word' id='word_1_278' title='bbox 656 2047 863 2100; x_wconf 87' lang='lat' dir='ltr'>Ecclesijs</span> <span class='ocrx_word' id='word_1_279' title='bbox 907 2050 1059 2101; x_wconf 86' lang='lat' dir='ltr'>pastor</span> <span class='ocrx_word' id='word_1_280' title='bbox 1099 2047 1257 2088; x_wconf 88' lang='lat' dir='ltr'>ruralis</span> <span class='ocrx_word' id='word_1_281' title='bbox 1302 2061 1396 2088; x_wconf 92' lang='lat' dir='ltr'>esse</span> <span class='ocrx_word' id='word_1_282' title='bbox 1441 2046 1599 2100; x_wconf 91' lang='lat' dir='ltr'>possit:</span> <span class='ocrx_word' id='word_1_283' title='bbox 1645 2045 1737 2094; x_wconf 85' lang='lat' dir='ltr'>Qua</span> <span class='ocrx_word' id='word_1_284' title='bbox 1779 2045 1830 2085; x_wconf 86' lang='lat' dir='ltr'>de</span> <span class='ocrx_word' id='word_1_285' title='bbox 1871 2057 1919 2085; x_wconf 90' lang='lat' dir='ltr'>re</span> 
     </span>
     <span class='ocr_line' id='line_1_31' title="bbox 154 2109 1919 2166; baseline -0.002 -12"><span class='ocrx_word' id='word_1_286' title='bbox 154 2112 394 2166; x_wconf 88' lang='lat' dir='ltr'>postulauit</span> <span class='ocrx_word' id='word_1_287' title='bbox 426 2112 537 2153; x_wconf 87' lang='lat' dir='ltr'>idern</span> <span class='ocrx_word' id='word_1_288' title='bbox 571 2113 771 2153; x_wconf 89' lang='lat' dir='ltr'>Decanus</span> <span class='ocrx_word' id='word_1_289' title='bbox 804 2114 998 2153; x_wconf 88' lang='lat' dir='ltr'>nostram</span> <span class='ocrx_word' id='word_1_290' title='bbox 1031 2112 1305 2161; x_wconf 87' lang='lat' dir='ltr'>sententiam,</span> <span class='ocrx_word' id='word_1_291' title='bbox 1341 2114 1492 2165; x_wconf 90' lang='lat' dir='ltr'>utpote</span> <span class='ocrx_word' id='word_1_292' title='bbox 1525 2125 1610 2153; x_wconf 92' lang='lat' dir='ltr'>non</span> <span class='ocrx_word' id='word_1_293' title='bbox 1642 2110 1750 2152; x_wconf 90' lang='lat' dir='ltr'>satis</span> <span class='ocrx_word' id='word_1_294' title='bbox 1782 2109 1919 2150; x_wconf 89' lang='lat' dir='ltr'>fidens</span> 
     </span>
     <span class='ocr_line' id='line_1_32' title="bbox 153 2174 1916 2229; baseline -0.001 -11"><span class='ocrx_word' id='word_1_295' title='bbox 153 2177 312 2219; x_wconf 87' lang='lat' dir='ltr'>homini</span> <span class='ocrx_word' id='word_1_296' title='bbox 356 2177 516 2218; x_wconf 89' lang='lat' dir='ltr'>ordinis</span> <span class='ocrx_word' id='word_1_297' title='bbox 550 2177 615 2218; x_wconf 92' lang='lat' dir='ltr'>sui</span> <span class='ocrx_word' id='word_1_298' title='bbox 648 2177 872 2227; x_wconf 89' lang='lat' dir='ltr'>desertori,</span> <span class='ocrx_word' id='word_1_299' title='bbox 917 2180 961 2219; x_wconf 90' lang='lat' dir='ltr'>et</span> <span class='ocrx_word' id='word_1_300' title='bbox 992 2176 1165 2227; x_wconf 80' lang='lat' dir='ltr'>fratreS,</span> <span class='ocrx_word' id='word_1_301' title='bbox 1208 2177 1293 2218; x_wconf 91' lang='lat' dir='ltr'>imo</span> <span class='ocrx_word' id='word_1_302' title='bbox 1327 2179 1371 2219; x_wconf 92' lang='lat' dir='ltr'>et</span> <span class='ocrx_word' id='word_1_303' title='bbox 1403 2176 1649 2229; x_wconf 85' lang='lat' dir='ltr'>superiores</span> <span class='ocrx_word' id='word_1_304' title='bbox 1681 2174 1916 2217; x_wconf 86' lang='lat' dir='ltr'>accusanti.</span> 
     </span>
     <span class='ocr_line' id='line_1_33' title="bbox 153 2239 1915 2296; baseline -0.002 -12"><span class='ocrx_word' id='word_1_305' title='bbox 153 2242 469 2296; x_wconf 88' lang='lat' dir='ltr'>Respondimus</span> <span class='ocrx_word' id='word_1_306' title='bbox 512 2245 656 2284; x_wconf 91' lang='lat' dir='ltr'>autem</span> <span class='ocrx_word' id='word_1_307' title='bbox 699 2242 915 2291; x_wconf 89' lang='lat' dir='ltr'>modeste,</span> <span class='ocrx_word' id='word_1_308' title='bbox 964 2243 1197 2284; x_wconf 89' lang='lat' dir='ltr'>Doctorem</span> <span class='ocrx_word' id='word_1_309' title='bbox 1239 2243 1351 2284; x_wconf 92' lang='lat' dir='ltr'>hunc</span> <span class='ocrx_word' id='word_1_310' title='bbox 1392 2256 1487 2283; x_wconf 91' lang='lat' dir='ltr'>cum</span> <span class='ocrx_word' id='word_1_311' title='bbox 1530 2244 1646 2283; x_wconf 90' lang='lat' dir='ltr'>esset</span> <span class='ocrx_word' id='word_1_312' title='bbox 1687 2239 1915 2293; x_wconf 86' lang='lat' dir='ltr'>Monachij‚</span> 
     </span>
     <span class='ocr_line' id='line_1_34' title="bbox 154 2305 1917 2360; baseline -0.002 -12"><span class='ocrx_word' id='word_1_313' title='bbox 154 2307 420 2349; x_wconf 85' lang='lat' dir='ltr'>authoritate</span> <span class='ocrx_word' id='word_1_314' title='bbox 453 2308 498 2349; x_wconf 91' lang='lat' dir='ltr'>P.</span> <span class='ocrx_word' id='word_1_315' title='bbox 534 2307 581 2349; x_wconf 83' lang='lat' dir='ltr'>T.</span> <span class='ocrx_word' id='word_1_316' title='bbox 615 2306 792 2348; x_wconf 89' lang='lat' dir='ltr'>missum</span> <span class='ocrx_word' id='word_1_317' title='bbox 827 2320 921 2348; x_wconf 89' lang='lat' dir='ltr'>esse</span> <span class='ocrx_word' id='word_1_318' title='bbox 944 2307 1171 2357; x_wconf 90' lang='lat' dir='ltr'>Viennam,</span> <span class='ocrx_word' id='word_1_319' title='bbox 1206 2311 1250 2349; x_wconf 91' lang='lat' dir='ltr'>et</span> <span class='ocrx_word' id='word_1_320' title='bbox 1283 2321 1359 2348; x_wconf 89' lang='lat' dir='ltr'>nos</span> <span class='ocrx_word' id='word_1_321' title='bbox 1391 2306 1454 2348; x_wconf 88' lang='lat' dir='ltr'>illi</span> <span class='ocrx_word' id='word_1_322' title='bbox 1486 2308 1717 2360; x_wconf 88' lang='lat' dir='ltr'>propterea</span> <span class='ocrx_word' id='word_1_323' title='bbox 1749 2305 1917 2346; x_wconf 89' lang='lat' dir='ltr'>dedisse</span> 
     </span>
    </p>
   </div>
   <div class='ocr_carea' id='block_1_4' title="bbox 274 2404 1650 2437">
    <p class='ocr_par' dir='ltr' id='par_1_5' title="bbox 274 2404 1650 2437">
     <span class='ocr_line' id='line_1_35' title="bbox 274 2404 1650 2437; baseline -0.001 -7"><span class='ocrx_word' id='word_1_324' title='bbox 274 2407 300 2436; x_wconf 77' lang='lat' dir='ltr'>a)</span> <span class='ocrx_word' id='word_1_325' title='bbox 323 2406 387 2430; x_wconf 74' lang='lat' dir='ltr'>Duo</span> <span class='ocrx_word' id='word_1_326' title='bbox 410 2413 450 2430; x_wconf 76' lang='lat' dir='ltr'>rr.</span> <span class='ocrx_word' id='word_1_327' title='bbox 470 2414 529 2436; x_wconf 75' lang='lat' dir='ltr'>sqq.</span> <span class='ocrx_word' id='word_1_328' title='bbox 549 2413 567 2429; x_wconf 79' lang='grc' dir='ltr'>α</span> <span class='ocrx_word' id='word_1_329' title='bbox 588 2406 616 2430; x_wconf 75' lang='lat' dir='ltr'>C.</span> <span class='ocrx_word' id='word_1_330' title='bbox 637 2405 667 2429; x_wconf 76' lang='lat' dir='ltr'>in</span> <span class='ocrx_word' id='word_1_331' title='bbox 688 2405 821 2436; x_wconf 69' lang='lat' dir='ltr'>mceryine</span> <span class='ocrx_word' id='word_1_332' title='bbox 842 2405 945 2430; x_wconf 71' lang='lat' dir='ltr'>addita</span> <span class='ocrx_word' id='word_1_333' title='bbox 965 2408 1041 2429; x_wconf 76' lang='lat' dir='ltr'>sunt.</span> <span class='ocrx_word' id='word_1_334' title='bbox 1116 2404 1146 2433; x_wconf 73' lang='lat' dir='ltr'>b)</span> <span class='ocrx_word' id='word_1_335' title='bbox 1169 2406 1215 2430; x_wconf 77' lang='lat' dir='ltr'>Ita</span> <span class='ocrx_word' id='word_1_336' title='bbox 1237 2407 1264 2430; x_wconf 76' lang='lat' dir='ltr'>C.</span> <span class='ocrx_word' id='word_1_337' title='bbox 1287 2406 1346 2437; x_wconf 73' lang='lat' dir='ltr'>ipse</span> <span class='ocrx_word' id='word_1_338' title='bbox 1367 2406 1495 2430; x_wconf 60' lang='lat' dir='ltr'>correoeit</span> <span class='ocrx_word' id='word_1_339' title='bbox 1515 2413 1551 2430; x_wconf 69' lang='lat' dir='ltr'>ex</span> <span class='ocrx_word' id='word_1_340' title='bbox 1571 2405 1650 2437; x_wconf 86' lang='lat' dir='ltr'>quia.</span> 
     </span>
    </p>
   </div>
   <div class='ocr_carea' id='block_1_5' title="bbox 155 2533 1916 3076">
    <p class='ocr_par' dir='ltr' id='par_1_6' title="bbox 156 2533 1916 2632">
     <span class='ocr_line' id='line_1_36' title="bbox 279 2533 1916 2580; baseline -0.001 -11"><span class='ocrx_word' id='word_1_341' title='bbox 279 2537 286 2555; x_wconf 85' lang='lat'>¹</span> <span class='ocrx_word' id='word_1_342' title='bbox 314 2536 411 2569; x_wconf 89' lang='lat' dir='ltr'>Inter</span> <span class='ocrx_word' id='word_1_343' title='bbox 432 2537 485 2570; x_wconf 90' lang='lat'><strong>11.</strong></span> <span class='ocrx_word' id='word_1_344' title='bbox 505 2539 540 2569; x_wconf 90' lang='lat' dir='ltr'>et</span> <span class='ocrx_word' id='word_1_345' title='bbox 560 2537 613 2570; x_wconf 86' lang='lat'>16.</span> <span class='ocrx_word' id='word_1_346' title='bbox 633 2535 783 2580; x_wconf 82' lang='lat' dir='ltr'>Aprilis3</span> <span class='ocrx_word' id='word_1_347' title='bbox 803 2547 885 2569; x_wconf 88' lang='lat' dir='ltr'>nam</span> <span class='ocrx_word' id='word_1_348' title='bbox 905 2535 1029 2569; x_wconf 89' lang='lat' dir='ltr'>diebus</span> <span class='ocrx_word' id='word_1_349' title='bbox 1051 2536 1103 2570; x_wconf 92' lang='lat'>10.</span> <span class='ocrx_word' id='word_1_350' title='bbox 1124 2538 1159 2569; x_wconf 88' lang='lat' dir='ltr'>et</span> <span class='ocrx_word' id='word_1_351' title='bbox 1179 2536 1244 2577; x_wconf 88' lang='grc'><strong>11.,</strong></span> <span class='ocrx_word' id='word_1_352' title='bbox 1264 2547 1355 2580; x_wconf 88' lang='lat' dir='ltr'>quae</span> <span class='ocrx_word' id='word_1_353' title='bbox 1374 2538 1477 2570; x_wconf 90' lang='lat' dir='ltr'>erant</span> <span class='ocrx_word' id='word_1_354' title='bbox 1496 2534 1680 2569; x_wconf 88' lang='lat' dir='ltr'>Dominica</span> <span class='ocrx_word' id='word_1_355' title='bbox 1698 2536 1734 2568; x_wconf 87' lang='lat' dir='ltr'>et</span> <span class='ocrx_word' id='word_1_356' title='bbox 1753 2534 1855 2568; x_wconf 81' lang='lat' dir='ltr'>Feria</span> <span class='ocrx_word' id='word_1_357' title='bbox 1873 2533 1916 2568; x_wconf 89' lang='lat'><strong>11.</strong></span> 
     </span>
     <span class='ocr_line' id='line_1_37' title="bbox 156 2587 1773 2632; baseline 0 -10"><span class='ocrx_word' id='word_1_358' title='bbox 156 2589 355 2628; x_wconf 78' lang='lat' dir='ltr'>Paschatis,</span> <span class='ocrx_word' id='word_1_359' title='bbox 384 2591 569 2632; x_wconf 85' lang='lat' dir='ltr'>Augustae</span> <span class='ocrx_word' id='word_1_360' title='bbox 596 2589 640 2622; x_wconf 86' lang='lat' dir='ltr'>ad</span> <span class='ocrx_word' id='word_1_361' title='bbox 667 2589 701 2623; x_wconf 82' lang='lat' dir='ltr'>S.</span> <span class='ocrx_word' id='word_1_362' title='bbox 721 2589 882 2622; x_wconf 86' lang='lat' dir='ltr'>Mauritii</span> <span class='ocrx_word' id='word_1_363' title='bbox 909 2589 1135 2623; x_wconf 87' lang='lat' dir='ltr'>contionatus</span> <span class='ocrx_word' id='word_1_364' title='bbox 1162 2592 1236 2627; x_wconf 83' lang='lat' dir='ltr'>est;</span> <span class='ocrx_word' id='word_1_365' title='bbox 1264 2601 1298 2623; x_wconf 93' lang='lat' dir='ltr'>v.</span> <span class='ocrx_word' id='word_1_366' title='bbox 1318 2589 1423 2630; x_wconf 86' lang='lat' dir='ltr'>infra,</span> <span class='ocrx_word' id='word_1_367' title='bbox 1450 2600 1541 2623; x_wconf 89' lang='lat' dir='ltr'>mon.</span> <span class='ocrx_word' id='word_1_368' title='bbox 1563 2600 1645 2631; x_wconf 85' lang='lat' dir='ltr'>aug.</span> <span class='ocrx_word' id='word_1_369' title='bbox 1668 2587 1704 2631; x_wconf 83' lang='lat' dir='ltr'>(b</span> <span class='ocrx_word' id='word_1_370' title='bbox 1724 2588 1773 2630; x_wconf 79' lang='lat'><strong>2).</strong></span> 
     </span>
    </p>

    <p class='ocr_par' dir='ltr' id='par_1_7' title="bbox 155 2647 1915 2958">
     <span class='ocr_line' id='line_1_38' title="bbox 274 2647 1915 2692; baseline -0.001 -11"><span class='ocrx_word' id='word_1_371' title='bbox 274 2648 285 2667; x_wconf 79' lang='lat'><strong>²</strong></span> <span class='ocrx_word' id='word_1_372' title='bbox 316 2648 597 2682; x_wconf 85' lang='lat' dir='ltr'>Universitatem</span> <span class='ocrx_word' id='word_1_373' title='bbox 623 2648 814 2690; x_wconf 85' lang='lat' dir='ltr'>significat.</span> <span class='ocrx_word' id='word_1_374' title='bbox 852 2648 932 2692; x_wconf 88' lang='lat' dir='ltr'>Ipse</span> <span class='ocrx_word' id='word_1_375' title='bbox 956 2649 1192 2682; x_wconf 70' lang='lat' dir='ltr'>leeodoricus</span> <span class='ocrx_word' id='word_1_376' title='bbox 1222 2649 1389 2682; x_wconf 69' lang='lat' dir='ltr'>Canisius</span> <span class='ocrx_word' id='word_1_377' title='bbox 1414 2648 1558 2691; x_wconf 85' lang='lat' dir='ltr'>Dilinga</span> <span class='ocrx_word' id='word_1_378' title='bbox 1586 2648 1616 2681; x_wconf 79' lang='lat'><strong>7.</strong></span> <span class='ocrx_word' id='word_1_379' title='bbox 1641 2647 1797 2681; x_wconf 87' lang='lat' dir='ltr'>Ianuarii</span> <span class='ocrx_word' id='word_1_380' title='bbox 1826 2647 1915 2681; x_wconf 85' lang='lat'>1569</span> 
     </span>
     <span class='ocr_line' id='line_1_39' title="bbox 155 2700 1915 2746; baseline 0 -13"><span class='ocrx_word' id='word_1_381' title='bbox 155 2700 198 2733; x_wconf 88' lang='lat' dir='ltr'>ad</span> <span class='ocrx_word' id='word_1_382' title='bbox 228 2701 394 2743; x_wconf 78' lang='lat' dir='ltr'>Borgiam</span> <span class='ocrx_word' id='word_1_383' title='bbox 420 2702 611 2746; x_wconf 79' lang='lat' dir='ltr'>*scripsit:</span> <span class='ocrx_word' id='word_1_384' title='bbox 653 2701 926 2743; x_wconf 77' lang='lat' dir='ltr'>„Conuictorum</span> <span class='ocrx_word' id='word_1_385' title='bbox 955 2701 1153 2744; x_wconf 88' lang='lat' dir='ltr'>Collegium</span> <span class='ocrx_word' id='word_1_386' title='bbox 1188 2701 1315 2735; x_wconf 84' lang='lat' dir='ltr'>florere</span> <span class='ocrx_word' id='word_1_387' title='bbox 1342 2701 1471 2746; x_wconf 82' lang='lat' dir='ltr'>pergit.</span> <span class='ocrx_word' id='word_1_388' title='bbox 1499 2728 1506 2734; x_wconf 94' lang='lat'>.</span> <span class='ocrx_word' id='word_1_389' title='bbox 1527 2727 1561 2734; x_wconf 98' lang='lat'>..</span> <span class='ocrx_word' id='word_1_390' title='bbox 1601 2701 1697 2734; x_wconf 87' lang='lat' dir='ltr'>Bene</span> <span class='ocrx_word' id='word_1_391' title='bbox 1733 2701 1841 2734; x_wconf 87' lang='lat' dir='ltr'>etiam</span> <span class='ocrx_word' id='word_1_392' title='bbox 1877 2711 1915 2733; x_wconf 90' lang='lat' dir='ltr'>se</span> 
     </span>
     <span class='ocr_line' id='line_1_40' title="bbox 157 2752 1914 2798; baseline 0.001 -13"><span class='ocrx_word' id='word_1_393' title='bbox 157 2752 263 2786; x_wconf 85' lang='lat' dir='ltr'>babet</span> <span class='ocrx_word' id='word_1_394' title='bbox 298 2765 493 2797; x_wconf 88' lang='lat' dir='ltr'>pauperum</span> <span class='ocrx_word' id='word_1_395' title='bbox 530 2754 774 2788; x_wconf 88' lang='lat' dir='ltr'>studiosorum</span> <span class='ocrx_word' id='word_1_396' title='bbox 810 2755 947 2793; x_wconf 83' lang='lat' dir='ltr'>domus,</span> <span class='ocrx_word' id='word_1_397' title='bbox 985 2754 1040 2788; x_wconf 91' lang='lat' dir='ltr'>cui</span> <span class='ocrx_word' id='word_1_398' title='bbox 1076 2754 1342 2798; x_wconf 85' lang='lat' dir='ltr'>superintendit</span> <span class='ocrx_word' id='word_1_399' title='bbox 1376 2754 1414 2788; x_wconf 89' lang='lat' dir='ltr'><strong>P.</strong></span> <span class='ocrx_word' id='word_1_400' title='bbox 1444 2753 1620 2796; x_wconf 86' lang='lat' dir='ltr'>Georgius</span> <span class='ocrx_word' id='word_1_401' title='bbox 1646 2753 1823 2787; x_wconf 87' lang='lat' dir='ltr'>Minister.</span> <span class='ocrx_word' id='word_1_402' title='bbox 1852 2779 1886 2786; x_wconf 90' lang='lat'>..</span> <span class='ocrx_word' id='word_1_403' title='bbox 1907 2780 1914 2786; x_wconf 91' lang='lat'>.</span> 
     </span>
     <span class='ocr_line' id='line_1_41' title="bbox 156 2805 1915 2851; baseline 0.001 -13"><span class='ocrx_word' id='word_1_404' title='bbox 156 2805 337 2839; x_wconf 87' lang='lat' dir='ltr'>Habemus</span> <span class='ocrx_word' id='word_1_405' title='bbox 374 2810 409 2839; x_wconf 90' lang='lat' dir='ltr'>et</span> <span class='ocrx_word' id='word_1_406' title='bbox 435 2807 611 2840; x_wconf 86' lang='lat' dir='ltr'>Medicum</span> <span class='ocrx_word' id='word_1_407' title='bbox 649 2807 841 2851; x_wconf 89' lang='lat' dir='ltr'>proprium,</span> <span class='ocrx_word' id='word_1_408' title='bbox 878 2808 938 2851; x_wconf 93' lang='lat' dir='ltr'>qui</span> <span class='ocrx_word' id='word_1_409' title='bbox 973 2819 1043 2841; x_wconf 89' lang='lat' dir='ltr'>non</span> <span class='ocrx_word' id='word_1_410' title='bbox 1078 2807 1197 2841; x_wconf 91' lang='lat' dir='ltr'>minus</span> <span class='ocrx_word' id='word_1_411' title='bbox 1223 2807 1348 2841; x_wconf 88' lang='lat' dir='ltr'>doctus</span> <span class='ocrx_word' id='word_1_412' title='bbox 1385 2818 1491 2850; x_wconf 81' lang='lat' dir='ltr'>quam</span> <span class='ocrx_word' id='word_1_413' title='bbox 1526 2807 1606 2851; x_wconf 90' lang='lat' dir='ltr'>pius</span> <span class='ocrx_word' id='word_1_414' title='bbox 1637 2810 1702 2847; x_wconf 85' lang='lat' dir='ltr'>est,</span> <span class='ocrx_word' id='word_1_415' title='bbox 1739 2817 1844 2850; x_wconf 89' lang='lat' dir='ltr'>quem</span> <span class='ocrx_word' id='word_1_416' title='bbox 1879 2806 1915 2839; x_wconf 90' lang='lat' dir='ltr'>in</span> 
     </span>
     <span class='ocr_line' id='line_1_42' title="bbox 155 2859 1914 2904; baseline 0.001 -14"><span class='ocrx_word' id='word_1_417' title='bbox 155 2860 307 2900; x_wconf 81' lang='lat' dir='ltr'>gratiam</span> <span class='ocrx_word' id='word_1_418' title='bbox 336 2859 560 2897; x_wconf 80' lang='lat' dir='ltr'>Academiae,</span> <span class='ocrx_word' id='word_1_419' title='bbox 598 2862 633 2893; x_wconf 86' lang='lat' dir='ltr'>et</span> <span class='ocrx_word' id='word_1_420' title='bbox 668 2860 879 2904; x_wconf 84' lang='lat' dir='ltr'>praesertim</span> <span class='ocrx_word' id='word_1_421' title='bbox 911 2859 1112 2900; x_wconf 82' lang='lat' dir='ltr'>Societatis,</span> <span class='ocrx_word' id='word_1_422' title='bbox 1147 2860 1212 2894; x_wconf 84' lang='lat' dir='ltr'>alit</span> <span class='ocrx_word' id='word_1_423' title='bbox 1238 2859 1572 2894; x_wconf 82' lang='lat' dir='ltr'>Reuerendissimus</span> <span class='ocrx_word' id='word_1_424' title='bbox 1599 2859 1819 2894; x_wconf 83' lang='lat' dir='ltr'>Cardinalis“</span> <span class='ocrx_word' id='word_1_425' title='bbox 1853 2859 1914 2901; x_wconf 84' lang='lat' dir='ltr'>(ex</span> 
     </span>
     <span class='ocr_line' id='line_1_43' title="bbox 156 2911 1305 2958; baseline 0.003 -15"><span class='ocrx_word' id='word_1_426' title='bbox 156 2913 316 2954; x_wconf 71' lang='lat' dir='ltr'>autogr-‚3</span> <span class='ocrx_word' id='word_1_427' title='bbox 344 2911 385 2945; x_wconf 68' lang='lat' dir='ltr'><strong>G.</strong></span> <span class='ocrx_word' id='word_1_428' title='bbox 413 2911 476 2955; x_wconf 83' lang='lat' dir='ltr'>Ep.</span> <span class='ocrx_word' id='word_1_429' title='bbox 504 2912 536 2944; x_wconf 85' lang='lat' dir='ltr'>X</span> <span class='ocrx_word' id='word_1_430' title='bbox 562 2912 585 2945; x_wconf 87' lang='lat' dir='ltr'><strong>f.</strong></span> <span class='ocrx_word' id='word_1_431' title='bbox 610 2913 704 2954; x_wconf 72' lang='lat'><strong>139).</strong></span> <span class='ocrx_word' id='word_1_432' title='bbox 748 2912 799 2946; x_wconf 90' lang='lat' dir='ltr'>De</span> <span class='ocrx_word' id='word_1_433' title='bbox 825 2914 962 2947; x_wconf 88' lang='lat' dir='ltr'>medico</span> <span class='ocrx_word' id='word_1_434' title='bbox 989 2914 1034 2948; x_wconf 82' lang='lat' dir='ltr'><strong>cf.</strong></span> <span class='ocrx_word' id='word_1_435' title='bbox 1062 2925 1170 2958; x_wconf 90' lang='lat' dir='ltr'>supra</span> <span class='ocrx_word' id='word_1_436' title='bbox 1197 2925 1230 2958; x_wconf 90' lang='lat' dir='ltr'>p.</span> <span class='ocrx_word' id='word_1_437' title='bbox 1249 2913 1305 2947; x_wconf 80' lang='lat'><strong>22.</strong></span> 
     </span>
    </p>

    <p class='ocr_par' dir='ltr' id='par_1_8' title="bbox 275 2969 1330 3017">
     <span class='ocr_line' id='line_1_44' title="bbox 275 2969 1330 3017; baseline 0.004 -15"><span class='ocrx_word' id='word_1_438' title='bbox 275 2970 287 2988; x_wconf 74' lang='lat'>³</span> <span class='ocrx_word' id='word_1_439' title='bbox 314 2969 403 3003; x_wconf 91' lang='lat' dir='ltr'>Vide</span> <span class='ocrx_word' id='word_1_440' title='bbox 429 2982 538 3014; x_wconf 89' lang='lat' dir='ltr'>supra</span> <span class='ocrx_word' id='word_1_441' title='bbox 565 2982 598 3014; x_wconf 89' lang='lat' dir='ltr'>p.</span> <span class='ocrx_word' id='word_1_442' title='bbox 617 2972 696 3005; x_wconf 75' lang='lat'><strong>280.</strong></span> <span class='ocrx_word' id='word_1_443' title='bbox 843 2974 855 2992; x_wconf 77' lang='lat'>4</span> <span class='ocrx_word' id='word_1_444' title='bbox 882 2973 981 3006; x_wconf 86' lang='lat' dir='ltr'>Haec</span> <span class='ocrx_word' id='word_1_445' title='bbox 1008 2984 1042 3007; x_wconf 88' lang='lat' dir='ltr'>V.</span> <span class='ocrx_word' id='word_1_446' title='bbox 1062 2984 1172 3017; x_wconf 85' lang='lat' dir='ltr'>supra</span> <span class='ocrx_word' id='word_1_447' title='bbox 1198 2984 1230 3017; x_wconf 93' lang='lat' dir='ltr'>p.</span> <span class='ocrx_word' id='word_1_448' title='bbox 1251 2973 1330 3006; x_wconf 84' lang='lat'><strong>301.</strong></span> 
     </span>
    </p>

    <p class='ocr_par' dir='ltr' id='par_1_9' title="bbox 276 3028 1139 3076">
     <span class='ocr_line' id='line_1_45' title="bbox 276 3028 1139 3076; baseline 0.006 -15"><span class='ocrx_word' id='word_1_449' title='bbox 276 3030 288 3047; x_wconf 82' lang='lat'>⁵</span> <span class='ocrx_word' id='word_1_450' title='bbox 315 3028 468 3062; x_wconf 84' lang='lat' dir='ltr'>Simonis</span> <span class='ocrx_word' id='word_1_451' title='bbox 486 3029 668 3062; x_wconf 84' lang='lat' dir='ltr'>Thaddaei</span> <span class='ocrx_word' id='word_1_452' title='bbox 696 3030 790 3070; x_wconf 76' lang='lat' dir='ltr'>E0k;</span> <span class='ocrx_word' id='word_1_453' title='bbox 819 3043 852 3065; x_wconf 92' lang='lat' dir='ltr'>v.</span> <span class='ocrx_word' id='word_1_454' title='bbox 872 3043 981 3076; x_wconf 82' lang='lat' dir='ltr'>supra</span> <span class='ocrx_word' id='word_1_455' title='bbox 1007 3043 1040 3075; x_wconf 89' lang='lat' dir='ltr'>p.</span> <span class='ocrx_word' id='word_1_456' title='bbox 1059 3032 1139 3065; x_wconf 80' lang='lat'><strong>275.</strong></span> 
     </span>
    </p>
   </div>
   <div class='ocr_carea' id='block_1_6' title="bbox 274 3086 1416 3134">
    <p class='ocr_par' dir='ltr' id='par_1_10' title="bbox 274 3086 1416 3134">
     <span class='ocr_line' id='line_1_46' title="bbox 274 3086 1416 3134; baseline 0.004 -14"><span class='ocrx_word' id='word_1_457' title='bbox 274 3088 286 3105; x_wconf 65' lang='lat'><strong>⁶</strong></span> <span class='ocrx_word' id='word_1_458' title='bbox 313 3086 366 3121; x_wconf 86' lang='lat' dir='ltr'>Cf.</span> <span class='ocrx_word' id='word_1_459' title='bbox 394 3087 452 3121; x_wconf 83' lang='lat' dir='ltr'>Iac</span> <span class='ocrx_word' id='word_1_460' title='bbox 480 3088 510 3128; x_wconf 82' lang='lat'>5,</span> <span class='ocrx_word' id='word_1_461' title='bbox 541 3088 580 3121; x_wconf 88' lang='lat'>19</span> <span class='ocrx_word' id='word_1_462' title='bbox 607 3088 663 3122; x_wconf 81' lang='lat'>20.</span> <span class='ocrx_word' id='word_1_463' title='bbox 810 3091 821 3109; x_wconf 60' lang='grc' dir='ltr'>Τ</span> <span class='ocrx_word' id='word_1_464' title='bbox 849 3090 1127 3134; x_wconf 85' lang='lat' dir='ltr'>Cbristophorus</span> <span class='ocrx_word' id='word_1_465' title='bbox 1154 3091 1196 3124; x_wconf 89' lang='lat' dir='ltr'>de</span> <span class='ocrx_word' id='word_1_466' title='bbox 1224 3090 1416 3134; x_wconf 80' lang='lat' dir='ltr'>Freyberg.</span> 
     </span>
    </p>
   </div>
  </div>
 </body>
</html>
