2044 3335
175 84 258 124 190
684 81 785 115 1579.
815 80 980 116 Canisius
1007 81 1041 116 S.
1061 81 1251 116 Francisco
1279 82 1443 126 Borgiae.

170 199 403 240 Multorum
438 201 630 253 expiatae
663 200 951 251 conscientiae,
988 205 1022 240 et
1050 213 1291 254 pauperum
1326 201 1524 256 inprimis
1547 202 1591 243 in
1612 201 1783 255 publica
1806 202 1942 256 hospi-

170 265 248 305 tali
281 264 384 305 aede
419 264 670 317 deyentium.
729 264 879 305 Verum
916 266 1118 306 Canisius
1159 266 1203 306 in
1236 267 1602 307 commemoranda-
1634 271 1741 308 totus
1773 271 1830 307 est
1861 268 1944 307 vir-

168 333 253 370 tute
287 328 550 381 Cardinalis,
595 330 645 370 de
676 343 720 370 se
752 343 795 370 se
827 331 1029 370 reticens:
1070 344 1160 371 cum
1195 335 1334 371 tamen
1368 331 1543 373 dubium
1576 344 1842 386 nequaquam
1875 333 1942 384 sit,

169 395 271 448 quin
312 408 454 434 rerum
489 393 541 434 ab
577 395 645 435 illo
687 408 846 449 quoque
881 399 1098 448 yestarum
1123 409 1233 449 pars
1266 409 1350 436 non
1383 395 1549 437 modica
1581 397 1759 449 ipsimet,
1801 397 1864 437 vel
1904 400 1943 436 vt

169 460 323 510 autori,
366 460 427 499 vel
464 463 503 499 vt
545 460 738 500 acliutori
778 459 991 500 debeatur.
1057 459 1241 501 Lasviisse
1271 461 1533 515 pauperibus
1559 461 1787 515 propalam
1816 460 1945 514 pedes

170 525 213 564 in
246 525 417 577 templo:
450 523 601 565 iisdem
635 523 991 565 discumbentibus
1015 524 1130 565 domi
1152 526 1442 567 ministrasse:
1474 530 1562 566 tum
1597 525 1784 579 sinqulos
1817 526 1943 566 etiam

169 588 346 629 donatos
390 590 495 642 stipe
543 589 812 630 dimisissel:
860 589 1074 644 Oppidum
1120 591 1377 632 circumiisse
1419 591 1728 645 <silaei-itanum
1770 591 1941 645 inopum

170 654 410 706 domicilia,
457 668 618 709 suaque
661 668 794 695 manu
838 655 896 695 eis
933 655 1185 708 praebuisse
1226 656 1396 709 inopiae
1443 657 1706 696 leuamenta:
1756 659 1943 709 acyrotos

166 720 367 759 inuisisse
402 720 492 759 item
527 719 648 760 haud
680 720 807 760 inani
839 733 970 760 manu
983 735 996 760 .·
1029 721 1136 762 alios
1167 720 1332 761 demum
1356 735 1496 762 omnes
1519 735 1538 762 e
1560 721 1712 775 populo
1735 720 1941 770 concione,

166 784 360 838 alloquio,
405 799 463 835 re,
507 786 690 839 exemplo
733 784 909 838 mirifice
950 799 1186 826 recreasse:
1221 786 1462 840 pertinaces
1502 787 1546 827 in
1588 799 1730 826 errore
1764 785 1821 825 ad
1857 798 1941 826 oer-

164 849 337 890 tendum
372 850 503 890 solum
538 851 809 904 compulisse:
841 851 1118 904 sanxisseque
1150 851 1422 905 inposterum,
1456 865 1508 892 ne
1541 851 1610 891 cui
1638 850 1845 904 inquilino
1868 850 1942 891 El-

166 928 353 968 uanyam
383 919 546 968 pateret
570 929 772 968 accessus,
806 915 893 956 nisi
915 916 987 969 qui
1013 915 1271 957 Catlzolicam
1291 916 1417 969 fidem
1442 917 1523 957 rite
1542 916 1761 970 professus
1785 913 1910 956 esset“
1925 914 1942 940 2

167 978 295 1021 (Can.
329 980 599 1032 254—255).
645 981 761 1021 Satis
790 982 1014 1034 perspicue
1042 981 1278 1022 Sacclzinus
1310 982 1533 1035 siqnificat,
1567 981 1671 1021 liaeo
1705 995 1752 1021 ex
1777 979 1943 1020 Canisii

167 1046 303 1098 ipsius
346 1046 549 1098 relatione
594 1045 749 1086 hausta·
792 1059 905 1097 6336,-
946 1047 1014 1086 sin
1058 1050 1196 1086 autem
1229 1046 1429 1088 Saccliini
1469 1045 1594 1087 verba-
1634 1060 1725 1088 cum
1758 1045 1944 1098 Boryiae

167 1111 318 1151 litteris
350 1112 420 1152 22.
455 1110 568 1152 Mau·
603 1112 719 1151 1568
751 1110 811 1151 ad
840 1111 1061 1152 Canisium
1097 1112 1211 1152 datis
1245 1113 1483 1164 contuleris,
1522 1112 1609 1152 iam
1644 1111 1839 1152 dubitare
1872 1110 1943 1150 vix

168 1176 336 1230 poteris,
380 1177 483 1230 quin
518 1176 720 1216 Canisius
752 1178 793 1217 1.
826 1176 939 1217 llIaii
972 1178 1088 1217 1568
1130 1177 1188 1217 ad
1220 1176 1423 1230 Boryiam
1455 1177 1557 1217 haec
1588 1176 1809 1217 rettulerit.
1873 1174 1941 1215 Ita

172 1241 278 1281 enim
310 1241 494 1294 Bor-yias
527 1243 596 1282 22.
622 1241 735 1282 Maii
759 1241 932 1282 Canisio
965 1242 1159 1295 scripsit:
1195 1242 1271 1294 „Si
1304 1243 1323 1283 e
1353 1243 1581 1295 ralleqrato
1615 1243 1732 1282 assai
1766 1241 1795 1281 il
1817 1240 1940 1293 Papa

170 1307 342 1359 quando
383 1307 440 1347 lia
484 1308 611 1347 inteso
649 1307 684 1347 le
718 1320 855 1347 nuoue
888 1307 935 1347 di
967 1306 1174 1361 Eluanye,
1217 1307 1287 1348 che
1319 1307 1366 1348 V.
1400 1307 1451 1348 R.
1486 1309 1625 1347 scriue
1658 1307 1699 1347 al
1727 1305 1942 1360 principio

171 1372 217 1412 di
258 1373 435 1426 mayyio,
480 1372 560 1413 Dio
600 1372 751 1412 uolessi
793 1372 864 1412 clee
902 1373 947 1412 in
981 1373 1097 1413 molte
1130 1372 1270 1413 bande
1304 1372 1414 1413 della
1449 1372 1683 1413 Germania
1718 1373 1755 1411 si
1784 1369 1942 1423 facessi

171 1437 302 1491 quello
335 1437 406 1478 elie
438 1439 475 1478 si
509 1439 528 1478 e
556 1436 664 1490 fatto
697 1438 727 1477 li
760 1435 834 1489 (cf.
872 1436 1005 1489 infra,
1040 1451 1100 1491 ep.
1136 1451 1176 1479 n.
1202 1437 1352 1488 1581).

289 1502 358 1543 Ex
386 1502 535 1543 iisdem
559 1502 744 1555 Boryiae
776 1502 926 1542 litteris
959 1502 1060 1543 baec
1092 1503 1367 1556 colliyuntur:
1403 1503 1604 1543 Canisius
1626 1504 1664 1542 1.
1690 1501 1803 1542 Maii
1827 1501 1942 1541 1568

169 1567 354 1621 Boryiae
397 1568 573 1620 rettulit,
616 1581 657 1609 se
703 1567 965 1620 Herbipolim
1010 1569 1149 1619 ivisse,
1192 1572 1238 1608 ut
1280 1581 1468 1608 rumores
1511 1567 1560 1608 de
1603 1567 1819 1621 apostasia
1861 1578 1940 1606 sua

168 1646 340 1686 sparsos
392 1634 670 1687 ewstinyueret
712 1631 768 1683 (v.
803 1647 935 1687 supra
977 1647 1018 1687 p.
1054 1633 1190 1685 185),·
1239 1634 1408 1687 scripsit
1461 1634 1584 1674 etiam
1627 1633 1678 1673 de
1718 1631 1768 1673 P.
1802 1631 1940 1671 Paulo

168 1697 348 1751 Hoffaeo
384 1700 426 1739 in
460 1698 597 1751 officio
639 1699 998 1752 viceprovincialis
1041 1698 1331 1751 confirmando
1363 1699 1570 1753 (Boryias
1610 1697 1745 1738 medio
1778 1710 1830 1738 m.
1855 1694 1938 1736 No-

171 1764 325 1804 vembri
356 1765 472 1805 1567
507 1778 597 1804 eum
632 1765 814 1804 iusserat
845 1764 1068 1804 minimum
1092 1768 1118 1804 (j
1140 1777 1299 1805 menses
1327 1764 1374 1804 id
1396 1763 1579 1817 officium
1605 1762 1913 1803 administrare
1923 1775 1941 1812 ,·

171 1842 202 1869 o.
237 1842 372 1883 supra
412 1844 452 1883 p.
489 1830 623 1880 118),·
662 1829 718 1869 ad
760 1829 872 1883 quod
905 1830 1108 1882 epistulae
1141 1830 1389 1870 canisianae
1422 1833 1549 1883 caput
1589 1832 1789 1882 spectant,
1833 1840 1939 1880 quae

169 1893 352 1949 Boryias
385 1894 611 1946 Hoffaeum
646 1894 783 1934 Roma
817 1895 884 1935 15.
920 1894 1033 1935 Maii·
1064 1896 1182 1935 1568
1213 1895 1397 1935 monuit:
1442 1895 1512 1946 „11
1548 1894 1599 1934 R.
1642 1894 1678 1934 si
1721 1892 1825 1932 uede
1869 1891 1940 1932 che

172 1960 398 2000 uoluntieri
438 1958 696 2000 laseiarebbe
736 1960 767 1999 il
804 1973 903 2013 peso
945 1973 1033 2011 suo,
1076 1974 1147 2000 ma
1189 1960 1316 2014 quelli
1355 1960 1466 2000 della
1507 1973 1588 2000 sua
1626 1957 1860 1999 Prouincia
1903 1960 1938 1996 et

166 2025 457 2078 specialnzente
485 2026 510 2065 l'
530 2025 674 2065 istesso
703 2024 850 2065 Padre
872 2024 1144 2065 Prouinciale
1175 2025 1404 2079 yiudicano
1437 2025 1508 2065 elie
1541 2025 1718 2065 doueria
1750 2021 1938 2076 portarlo

160 2090 239 2143 piu
273 2090 357 2130 alla
392 2090 536 2143 lunga,
569 2104 646 2143 pet·
676 2090 719 2130 la
752 2089 1045 2141 sodisfattione
1069 2090 1139 2130 che
1161 2090 1193 2130 li
1215 2091 1274 2130 da
1296 2091 1326 2131 il
1347 2103 1530 2144 glouerno
1549 2089 1607 2142 fin
1634 2089 1717 2142 qui,
1750 2087 1935 2128 tuttauia

166 2155 217 2195 N.
254 2154 398 2196 Padre
443 2155 774 2195 raccomandera
819 2155 858 2195 la
903 2168 997 2195 cosa
1041 2155 1067 2195 ὰ
1099 2154 1246 2207 Jddio,
1291 2160 1326 2196 et
1366 2156 1398 2196 li
1436 2169 1540 2209 pare
1579 2154 1649 2195 clze
1691 2153 1734 2194 V.
1771 2152 1821 2194 R.
1859 2166 1937 2205 per

163 2225 302 2274 questo
333 2233 446 2260 mezo
466 2219 579 2272 faeci
602 2220 678 2261 bon
705 2221 846 2260 animo
867 2234 944 2274 per
966 2221 1097 2274 quello
1121 2220 1192 2260 elie
1213 2222 1250 2260 si
1273 2218 1509 2261 risoluera“
1537 2218 1608 2270 (ex
1631 2232 1773 2273 apoqr.
1799 2218 1932 2259 eiusd.

162 2290 313 2339 tentp.;
347 2285 487 2326 Germ.
523 2287 581 2326 67
609 2286 643 2337 f.
681 2282 816 2335 141b).

282 2350 372 2391 Hoc
418 2350 597 2404 denique
643 2365 691 2391 ea:
736 2351 919 2403 Boryiae
963 2351 1114 2391 litteris
1162 2352 1445 2404 coynoscitur:
1495 2350 1694 2391 Cctnisius
1738 2351 1778 2390 1.
1822 2349 1935 2390 Maii

162 2415 340 2455 Romani
372 2415 446 2455 hoc
478 2429 638 2469 quoque
662 2417 843 2456 rettulit:
875 2415 1076 2456 Proceres
1099 2421 1372 2469 auyustanos,
1406 2416 1621 2457 Albertum
1648 2415 1693 2456 V.
1716 2414 1935 2454 Bavariae

163 2481 322 2532 ducem,
358 2480 688 2521 Ferdinandum
721 2480 781 2522 II.
816 2482 1021 2522 Austriae
1054 2481 1324 2522 archiducem
1358 2482 1545 2535 epistulis
1577 2482 1752 2521 Romam
1792 2480 1933 2520 missis

164 2547 460 2586 monasterium
497 2546 875 2586 Dominicanorum
923 2551 1209 2600 cietyustanum
1255 2547 1452 2587 Societati
1499 2547 1724 2599 impetrare
1765 2548 1931 2584 conatos

162 2623 260 2651 esse.
326 2610 477 2651 Exstat
519 2612 761 2651 etisimnunc
803 2611 1000 2652 schedula
1043 2611 1206 2662 (Germ.
1252 2613 1335 2652 184
1375 2611 1408 2663 f.
1450 2612 1550 2662 62¹¹)
1595 2611 1758 2651 Canisii
1801 2623 1930 2650 manu

284 2755 293 2774 ¹
322 2754 548 2788 Gardinalem
584 2755 673 2789 haee
708 2755 926 2800 pauperibus
960 2768 1023 2800 pro
1055 2758 1177 2790 vetere
1205 2755 1378 2790 ecclesiae
1405 2755 1662 2789 consuetudine
1688 2754 1778 2788 feria
1806 2755 1931 2798 quinta

161 2807 195 2839 in
223 2806 341 2840 Coena
366 2808 506 2841 Domini
536 2808 644 2851 (quae
670 2820 710 2842 eo
737 2820 829 2842 anno
856 2811 934 2842 erat
964 2810 1016 2843 15.
1046 2809 1195 2853 Aprilis)
1224 2809 1451 2854 praestitisse
1478 2808 1623 2843 conicio.

281 2860 293 2879 ‘2
322 2860 374 2893 Ex
402 2861 480 2904 ipsa
506 2862 647 2905 imperii
673 2861 753 2905 lege
779 2873 810 2896 a.
841 2863 931 2896 1555
958 2862 1109 2902 sancita,
1141 2874 1248 2906 quam
1284 2873 1428 2906 „pacem
1456 2861 1639 2904 religionis
1665 2862 1924 2904 augustanam‘*

163 2915 302 2953 vocant,
338 2914 532 2957 praepositi
568 2915 747 2959 principes
773 2915 1013 2958 elvangenses
1044 2916 1094 2949 ita
1120 2915 1249 2958 agendi
1276 2915 1332 2948 ius
1358 2914 1540 2948 habebant
1578 2915 1626 2957 (V.
1657 2916 1742 2948 Can.
1772 2914 1800 2947 V
1829 2914 1926 2957 244).

162 2965 351 2998 Caeterum
379 2966 606 3007 cardinalem,
635 2971 827 3011 antequam
854 2979 982 3001 severe
1008 2972 1143 3011 ageret,
1170 2979 1302 3011 magna
1328 2979 1431 3001 usum
1459 2979 1538 3001 esse
1561 2967 1787 3001 humanitate
1807 2969 1842 3000 et
1859 2967 1927 3000 cle-

163 3019 295 3051 mentia
321 3019 516 3053 ostendunt
542 3019 649 3053 etiam
678 3032 728 3061 ea,
757 3032 848 3064 quae
876 3021 1042 3055 Canisius
1068 3021 1182 3065 ipsius
1207 3021 1380 3055 mandatu
1408 3021 1594 3064 Elvangae
1619 3021 1675 3055 28.
1694 3020 1816 3054 Martii
1837 3020 1926 3054 1568

162 3082 207 3104 ex
233 3081 335 3104 sacro
362 3075 537 3114 suggestu
564 3073 733 3116 p1·0tulit;
762 3085 796 3107 v.
823 3073 927 3113 infra,
954 3085 1035 3107 mon
1064 3074 1133 3108 elv.
1163 3074 1229 3117 (2).
