2044 3335
169 110 247 133 xxx
732 99 776 132 Il.
805 99 1029 135 Prooemium
1056 100 1248 135 voluminis
1273 100 1379 135 sexti.

288 215 320 249 4.
349 215 447 249 Haec
474 215 591 248 omnia
616 214 698 259 plus
724 216 890 250 minusve
915 217 1100 251 canisiana
1125 219 1225 257 sunt;
1263 217 1377 251 multa
1404 228 1545 261 quoque
1584 217 1654 251 alia
1680 217 1715 251 in
1742 217 1810 252 hoc
1835 217 1935 252 volu-

168 268 263 302 mine
291 269 333 303 de
361 268 554 303 Canisio
581 268 766 309 dicuntur;
795 270 838 303 de
864 281 933 313 quo
952 282 1064 315 nuper
1083 270 1291 315 praeclarus
1317 271 1374 304 vir
1400 270 1450 304 Dr
1484 271 1516 304 J.
1543 269 1586 305 N.
1614 271 1823 305 Jaccoud
1850 283 1935 306 vere

168 322 390 366 pulchreque
424 321 588 366 scripsit:
626 321 743 363 „C’est
776 334 823 356 un
859 323 900 356 de
937 335 997 357 ces
1031 335 1131 357 rares
1158 335 1400 368 personnages
1426 323 1530 367 qu'on
1557 325 1644 368 peut
1670 326 1829 358 montrer
1855 326 1936 358 tout

167 375 303 409 entiers
330 386 414 408 sans
441 375 577 408 crainte
603 375 646 408 de
672 375 724 409 les
742 376 937 410 amoindrir
962 379 1000 411 et
1026 388 1114 421 pour
1132 376 1290 420 lesquels
1316 377 1341 410 il
1359 376 1442 421 n'ya
1468 377 1545 410 rien
1570 379 1591 411 a
1610 377 1760 411 cacher“
1794 377 1936 420 (Revue

166 429 211 462 de
238 428 422 471 Fribourg,
458 428 633 471 Fribourg
667 440 710 462 en
738 428 859 463 Suisse
888 430 990 468 1910,
1027 430 1124 473 631).
1175 429 1292 471 Quare
1326 441 1396 463 non
1429 429 1551 464 dubito
1586 430 1704 472 fateri,
1740 429 1796 464 his
1832 430 1936 465 annis

168 484 295 516 contra
323 482 504 515 Canisium
531 481 690 526 prolatas
716 493 796 516 esse
832 483 1060 526 querelas
1086 495 1157 517 non
1182 483 1298 517 solum
1325 494 1396 522 eaS,
1423 495 1513 527 quas
1540 484 1611 517 iam
1637 484 1844 525 memoravi,
1871 484 1934 518 sed

166 535 276 568 etiam
304 534 505 579 complures
532 535 632 568 alias.
685 534 859 569 Sacerdos
884 535 945 569 ille
971 537 1123 577 iuvenis,
1156 537 1217 580 qui
1252 537 1284 570 ei
1311 536 1488 570 scribendi
1515 538 1639 570 contra
1666 536 1935 571 Centuriatores

169 589 315 622 adiutor
347 589 453 622 datus
488 591 575 628 erat,
610 599 649 622 se
675 588 841 632 Dilingae
872 589 1135 631 „inhumaniter
1169 590 1213 624 ab
1249 602 1288 623 eo
1321 592 1535 624 tractatum‘
1568 602 1648 624 esse
1688 590 1780 624 dixit
1808 591 1934 633 (714);

168 644 205 676 et
238 643 356 676 rector
382 641 641 686 oenipontanus
673 642 717 675 ad
752 642 995 687 praepositum
1028 643 1233 686 generalem
1272 643 1411 685 detulit,
1447 643 1630 678 Canisium
1663 643 1933 687 provincialem,

168 707 247 729 cum
277 695 467 738 collegium
494 694 671 736 visitaret,
707 697 742 728 et
767 697 902 729 temere
928 696 984 736 iis,
1020 697 1080 740 qui
1115 700 1290 730 rectorem
1317 697 1531 736 incusasset,
1565 696 1761 730 credidisse
1794 699 1829 731 et
1855 708 1934 741 per·

168 760 290 793 peram
318 760 390 789 eos,
418 749 478 792 qui
505 748 700 782 severitate
727 748 939 791 indigerent,
967 750 1130 784 suaviter
1146 751 1296 784 tractari
1314 750 1463 785 iussisse
1484 750 1648 793 (604J6);
1677 752 1712 783 et
1731 750 1933 794 complures

169 803 204 835 in
230 802 415 846 provincia
442 813 549 844 aegre
575 802 749 843 ferebant,
785 802 878 846 quod
913 803 1146 847 provincialis
1181 806 1412 838 externorum
1438 804 1593 847 negotiis
1630 807 1837 848 occupatus,
1865 803 1932 837 col·

168 855 265 899 legia
291 867 371 889 raro
398 855 626 899 breviterque
661 855 827 889 visitaret
852 858 888 889 et
922 855 1095 901 pleraque
1130 868 1249 891 eorum
1286 857 1432 900 negotia
1459 857 1678 891 Theodorico
1704 857 1810 890 fratri
1837 868 1934 890 com-

168 910 329 942 mitteret
359 907 459 951 (564)
489 919 553 942 nec
580 908 686 942 facile
711 909 766 949 iis,
794 909 854 953 qui
881 909 1143 944 Theodoricum
1178 913 1403 950 accusarent,
1438 922 1544 944 aures
1582 911 1684 944 daret
1715 911 1798 949 (537
1826 910 1932 953 740);

169 963 246 1007 ipse
281 963 400 996 autem
436 961 678 996 Theodoricus
711 963 916 1005 generalem
952 963 1105 1004 monuit,
1144 963 1292 997 Petrum
1335 964 1573 1005 „valetudinis
1607 962 1930 1007 negligentiorem⁸‘

168 1018 278 1060 atque
311 1015 364 1057 „in
392 1015 527 1059 vigiliis
554 1018 589 1048 et
615 1015 776 1049 ieiuniis“
807 1016 1080 1050 immoderatum
1107 1028 1206 1057 esse:
1242 1017 1344 1058 unde,
1372 1017 1431 1057 ait,
1459 1017 1509 1058 fit,
1546 1019 1587 1050 ut
1614 1018 1690 1051 eius
1721 1028 1821 1058 „vox‚
1850 1016 1933 1050 dum

168 1071 395 1105 contionatur
420 1071 502 1113 post
527 1068 659 1102 ieiunia
685 1071 720 1102 et
747 1068 902 1112 vigilias,
929 1081 1055 1114 parum
1083 1072 1186 1113 grata
1212 1070 1259 1104 sit
1285 1073 1322 1104 et
1347 1070 1452 1104 valde
1479 1070 1603 1103 exilis“
1636 1070 1720 1113 (159
1748 1070 1845 1112 7:22).

290 1123 414 1166 Neque
434 1134 517 1156 vero
536 1122 723 1166 quisquam
744 1122 846 1167 plura
864 1123 899 1156 in
919 1123 1061 1157 Canisio
1081 1123 1169 1157 vitia
1186 1123 1356 1158 cernebat
1374 1135 1480 1167 quam
1500 1123 1665 1158 canisius
1683 1123 1770 1168 ipse.
1805 1124 1932 1166 Legas,

170 1189 315 1222 quaeso,
352 1176 552 1221 epistulam,
588 1187 695 1220 quam
722 1176 796 1217 ille,
833 1177 1029 1221 praepositi
1055 1176 1287 1221 provincialis
1323 1177 1480 1211 officium
1515 1177 1585 1210 iam
1613 1177 1851 1221 depositurus,
1888 1176 1932 1210 ad

171 1231 339 1274 Borgiam
366 1229 570 1273 generalem
596 1229 694 1262 dedit
722 1223 844 1273 (309);‘
881 1230 1049 1264 eximium
1086 1232 1141 1264 est
1175 1230 1241 1264 hoc
1277 1230 1484 1264 virtutis
1517 1232 1552 1263 et
1585 1229 1761 1274 imprimis
1788 1229 1933 1264 demissi

170 1285 281 1319 animi
308 1284 595 1322 monumentum;
624 1285 660 1316 et
685 1283 806 1316 verbis
833 1283 930 1317 facta
949 1283 1213 1326 congruebant;
1243 1283 1406 1318 Canisius
1433 1283 1527 1317 enim
1554 1294 1661 1327 quam
1688 1283 1840 1328 primum
1868 1282 1934 1317 col-

171 1339 343 1382 legiorum
364 1339 521 1370 rectores
540 1336 710 1370 certiores
730 1336 894 1378 reddidit,
922 1337 1044 1371 Socios
1070 1337 1140 1370 iam
1167 1348 1236 1371 non
1261 1336 1340 1378 sibi,
1367 1337 1428 1371 sed
1448 1337 1594 1370 Hoffaeo
1621 1336 1786 1370 oboedire
1805 1336 1934 1370 debere

171 1390 382 1437 provinciali
399 1390 521 1433 (320);
541 1389 617 1433 ipse
632 1401 670 1423 se
690 1390 803 1423 eidem
822 1389 866 1423 ad
885 1390 1003 1424 omnia
1018 1392 1183 1435 paratum
1203 1390 1334 1424 obtulit
1349 1390 1470 1434 (310);
1490 1389 1672 1432 Dilingam
1687 1390 1731 1424 ab
1747 1401 1786 1423 eo
1802 1389 1934 1424 missus

170 1458 220 1486 se,
247 1448 287 1479 ut
312 1456 403 1478 unus
422 1456 467 1477 ex
486 1443 626 1486 collegii
644 1442 741 1477 illius
760 1443 973 1488 praepositis
992 1443 1147 1488 scripsit,
1174 1443 1269 1478 ultro
1287 1443 1448 1488 citroque
1466 1444 1525 1487 agi
1543 1443 1693 1484 sinebat,
1721 1455 1762 1477 ac
1788 1444 1819 1477 si
1837 1444 1934 1477 esset

170 1499 333 1534 novicius
351 1497 463 1540 (538).
506 1496 681 1538 „Senti0“,
709 1496 834 1540 inquit,
853 1497 1007 1540 Borgiae
1026 1499 1179 1531 exeunte
1198 1509 1228 1531 a.
1252 1498 1341 1531 1570
1360 1498 1531 1538 scribens,
1556 1499 1708 1541 „quanto
1727 1497 1867 1531 demum
1887 1496 1934 1530 sit

168 1552 362 1597 optabilius
388 1551 536 1585 subesse
556 1560 662 1593 quam
680 1551 867 1594 praeesse‘
893 1551 1007 1593 (419).
1049 1550 1174 1594 Neque
1199 1551 1235 1584 id
1261 1551 1389 1584 mirum
1417 1551 1531 1584 videri
1550 1553 1692 1595 poterat
1717 1550 1752 1584 in
1772 1549 1932 1589 Canisi0;

170 1618 251 1641 narn
271 1606 301 1640 is
319 1616 460 1649 semper
478 1604 737 1637 oboedientiam
757 1603 900 1647 egregie
920 1604 1069 1638 colebat.
1110 1604 1318 1645 „Statuatur
1337 1604 1379 1638 de
1394 1604 1459 1638 hoc
1474 1604 1626 1648 aliisque
1644 1604 1818 1643 omnibus,
1838 1603 1933 1647 quic-

168 1661 254 1704 quid
282 1660 399 1694 visum
425 1657 492 1691 erit
511 1658 733 1690 obedientiae
751 1658 918 1691 sanctae“
943 1657 1033 1709 (81).
1077 1657 1175 1700 „Erit
1192 1658 1278 1691 mihi
1297 1669 1438 1702 semper
1456 1656 1747 1702 acceptissimum
1765 1656 1934 1700 quicquid

169 1713 392 1748 obedientiae
410 1713 557 1746 sanctae
574 1712 693 1745 visum
711 1710 840 1744 fuerit“
864 1711 976 1753 (304).
1014 1711 1283 1756 Oenipontanus
1302 1711 1443 1755 quidem
1463 1716 1524 1744 a‘er
1549 1710 1691 1745 Canisio
1710 1722 1835 1754 parum
1855 1713 1933 1744 erat

168 1767 323 1808 saluber,
352 1768 386 1799 et
403 1766 483 1799 libri
509 1764 583 1798 illio
601 1767 704 1798 erant
722 1765 836 1809 pauci,
864 1765 1032 1808 theologi,
1059 1765 1120 1809 qui
1139 1765 1180 1798 de
1200 1765 1320 1799 causis
1339 1764 1599 1798 difficilioribus
1618 1763 1754 1798 consuli
1774 1765 1931 1808 possent,

169 1821 244 1854 fere
270 1819 377 1859 nulli;
406 1818 570 1852 Canisius
595 1820 726 1858 tamen,
754 1829 834 1851 cum
861 1818 1011 1852 liberum
1039 1818 1106 1863 ipsi
1133 1820 1240 1859 esset,
1266 1818 1433 1861 Dilingae
1458 1818 1639 1862 inceptum
1667 1817 1855 1851 Centurias
1881 1828 1933 1850 re·

171 1873 316 1908 fellendi
335 1873 491 1906 laborem
511 1871 719 1905 continuare
738 1871 797 1904 vel
815 1871 1051 1916 Oenipontem
1081 1872 1130 1905 ire
1158 1872 1201 1905 ad
1227 1872 1343 1905 solum
1362 1871 1618 1905 contionatoris
1637 1882 1765 1904 munus
1784 1870 1932 1904 admini-

169 1927 365 1967 strandum,
393 1925 628 1970 Oenipontem
654 1924 837 1968 profectus
864 1927 919 1959 est
944 1925 1004 1965 ita,
1041 1928 1081 1959 ut
1107 1925 1154 1959 ibi
1181 1927 1217 1959 et
1242 1925 1417 1959 scriberet
1450 1927 1486 1958 et
1512 1925 1788 1965 contionaretur,
1824 1924 1933 1967 idque

168 1983 368 2025 propterea,
400 1980 492 2022 quod
513 1990 590 2012 eam
612 1978 902 2011 deliberationem
924 1977 1152 2012 intellexerat
1176 1978 1378 2022 praeposito
1398 1977 1555 2021 generali
1580 1977 1736 2012 omnium
1757 1978 1931 2021 acceptis—

165 2035 294 2068 simam
314 2033 389 2066 fore
405 2033 489 2075 (443
503 2032 600 2075 458).
640 2032 856 2065 Persuasum
871 2043 957 2065 sane
972 2032 1003 2065 ei
1022 2035 1108 2071 erat,
1124 2032 1394 2065 oboedientibus
1409 2032 1522 2065 Deum
1539 2031 1675 2065 adesse.
1704 2031 1769 2072 Ita,
1794 2031 1835 2064 de
1852 2031 1872 2064 5
1885 2031 1931 2073 ΟΛ,

168 2087 320 2131 Bor-giae
347 2086 526 2120 scribens:
562 2084 818 2125 Novissimum,
854 2085 980 2128 inquit,
1016 2096 1226 2129 responsum
1261 2096 1446 2118 romanum
1482 2096 1562 2118 cum
1590 2084 1705 2128 priore
1736 2096 1824 2127 „non
1851 2095 1932 2117 con-

167 2142 305 2183 gruit“;
340 2139 431 2182 „scio
458 2139 671 2182 quibusdam
696 2138 875 2181 ingratam
902 2138 1160 2180 molestamque
1187 2138 1263 2172 fore
1290 2139 1365 2172 eius
1392 2139 1679 2177 exsecutionem;
1706 2137 1768 2171 sed
1789 2137 1931 2171 Christo

165 2195 255 2228 duce
282 2192 530 2238 superabimus
556 2191 621 2225 has
648 2191 902 2225 difficultates“
934 2192 1049 2235 (287).
1101 2191 1171 2225 Par
1205 2194 1283 2225 erat
1317 2192 1352 2224 in
1380 2191 1520 2224 homine
1547 2191 1732 2232 modestia,
1758 2202 1824 2235 par
1850 2202 1930 2235 pru-

164 2247 287 2281 dentia
313 2251 349 2280 et
375 2245 484 2279 animi
509 2245 715 2279 moderatio.
768 2245 940 2288 Rogatus,
969 2248 1008 2279 ut
1034 2245 1154 2279 Socios
1180 2245 1320 2289 aliquos
1347 2244 1615 2278 visitationibus
1642 2244 1676 2277 in
1702 2243 1931 2277 monasteriis

166 2301 315 2334 aliorum
352 2299 513 2333 ordinum
550 2298 722 2332 habendis
758 2299 963 2338 destinaret,
1001 2309 1061 2332 eos
1097 2298 1277 2332 destinare
1312 2298 1427 2332 noluit
1464 2298 1580 2341 (718).
1631 2297 1776 2331 Arbiter
1810 2299 1930 2331 autem

164 2353 301 2387 ascitus
327 2352 362 2386 in
389 2352 504 2385 locum
531 2351 636 2393 longe
663 2351 855 2385 distantem
892 2351 1048 2385 accurrit
1086 2354 1121 2385 et
1155 2363 1280 2396 pac-em
1314 2352 1408 2385 inter
1442 2354 1643 2385 matronam
1670 2350 1929 2384 nobilissimam

166 2407 314 2449 eiusque
355 2405 466 2445 filios,
506 2416 611 2449 quain
651 2415 817 2449 proceres
855 2405 946 2438 varii
985 2404 1175 2439 conciliare
1213 2417 1282 2438 non
1321 2407 1520 2449 potuerant,
1558 2403 1763 2437 conciliavit
1806 2402 1927 2445 (739);

168 2458 376 2501 ingolstadii
411 2469 551 2502 quoque
586 2458 684 2491 rixas
720 2458 754 2491 in
776 2457 963 2492 'facultate
999 2458 1244 2502 philosophica
1280 2462 1424 2491 exortas
1459 2457 1560 2490 brevi
1594 2459 1754 2501 tempore
1788 2455 1931 2489 sedavit

171 2512 271 2554 (40s5
298 2511 405 2553 560);
439 2514 474 2544 et
510 2511 642 2544 Romae
670 2511 909 2553 congregatio
943 2511 1007 2545 illa
1043 2511 1274 2545 cardinalium
1312 2511 1527 2554 germanica,
1566 2521 1674 2553 quam
1709 2520 1818 2554 supra
1845 2509 1931 2550 dixi,

167 2576 246 2598 cuni
274 2565 509 2597 severitatem
536 2564 570 2597 in
596 2564 777 2608 praelatos
804 2564 976 2607 quosdam
1003 2564 1237 2608 neglegentes
1264 2564 1433 2598 adhibere
1459 2564 1493 2597 in
1531 2564 1689 2597 animum
1714 2562 1930 2602 induxisset,

166 2617 301 2651 Canisii
337 2628 446 2651 suasu
481 2618 660 2661 proposito
688 2617 825 2651 destitit
853 2618 977 2660 (583);
1018 2620 1127 2661 atque
1162 2629 1242 2651 cum
1271 2617 1436 2660 Dilingae
1471 2617 1510 2650 P.
1538 2615 1704 2650 Turriani
1739 2626 1827 2660 opus
1858 2615 1930 2657 „De

168 2670 412 2704 Hierarchicis
431 2669 741 2704 Ordinationibus“
772 2670 869 2715 typis
888 2671 1163 2710 exscriberetur,
1191 2670 1356 2705 Canisius
1382 2671 1418 2703 in
1445 2681 1484 2703 eo
1504 2669 1696 2714 complura,
1724 2680 1815 2714 quae
1841 2668 1929 2701 Tur-

167 2724 289 2757 rianus
316 2724 478 2757 acerbius
505 2726 628 2757 contra
655 2726 896 2768 protestantes
935 2725 1085 2765 dixerat,
1122 2724 1323 2766 mitigavit;
1362 2723 1471 2757 Pater
1496 2722 1575 2763 iste,
1613 2722 1738 2766 inquit,
1776 2722 1929 2764 Borgiae

168 2777 341 2816 scribens,
372 2787 462 2818 „non
488 2776 538 2810 ita
564 2777 741 2810 morderet
767 2780 803 2810 et
828 2777 1049 2818 damnaret“‚
1084 2777 1115 2811 si
1141 2778 1176 2810 in
1204 2776 1396 2811 Germania
1422 2778 1539 2816 esset;
1569 2775 1761 2809 Societatis
1787 2786 1928 2819 quoque

166 2841 295 2863 nomen
323 2829 487 2862 Turriani
514 2830 647 2863 nomini
674 2841 850 2874 apponere
877 2830 1041 2864 Canisius
1077 2831 1208 2871 omisit,
1244 2841 1288 2863 ne
1322 2829 1482 2863 Societas
1508 2828 1688 2872 theologis
1715 2828 1928 2872 quibusdam

165 2882 365 2923 catholicis,
394 2893 414 2915 a
442 2894 589 2925 quorum
617 2883 795 2916 sententia
822 2882 880 2916 ille
908 2883 1123 2925 discedebat,
1150 2884 1186 2917 in
1213 2883 1333 2916 odium
1358 2882 1499 2916 veniret
1526 2882 1642 2925 (337).
1686 2881 1807 2915 Socios
1834 2881 1927 2914 enim

169 2947 294 2969 omnes
317 2934 482 2969 Canisius
510 2946 637 2978 magno
664 2936 946 2980 prosequebatur
972 2948 1110 2978 amore;
1139 2948 1206 2980 quo
1233 2947 1303 2969 non
1330 2935 1445 2969 solum
1471 2937 1643 2968 aeternae
1671 2945 1792 2968 eorum
1819 2933 1930 2967 saluti

166 2988 415 3033 prospiciebat,
450 2989 511 3022 sed
547 2989 654 3022 etiam
682 3000 802 3022 eorum
829 2989 1072 3022 valetudinem
1098 2989 1265 3029 curabat:
1305 2989 1447 3028 idcirco,
1483 2999 1565 3021 cum
1606 2986 1758 3027 Natalis,
1795 2987 1851 3020 vir
1877 2986 1928 3020 hi-

168 3052 314 3085 spanus,
352 3041 388 3074 in
415 3041 643 3084 collegiorum
671 3042 955 3084 germanicorum
982 3042 1189 3076 visitatione
1216 3040 1471 3085 praecepisset,
1507 3044 1547 3073 ut
1582 3040 1617 3074 in
1644 3051 1767 3073 mensa
1805 3050 1928 3072 omnes

169 3095 291 3127 vinum
319 3105 399 3128 cum
436 3106 528 3138 aqua
563 3095 771 3135 miscerent,
809 3094 973 3128 Canisius
999 3095 1244 3139 praepositum
1270 3094 1476 3137 generalem
1513 3093 1716 3138 appellavit
1752 3092 1928 3126 adversus
