2044 3335
152 130 203 170 10
659 127 759 160 1477.
788 125 953 160 Canisius
981 125 1014 160 S.
1035 125 1225 159 Francisco
1253 125 1417 169 Borgiae.

149 242 297 280 1477.
398 244 616 279 CANISIUS
646 242 912 279 SANCTO
942 242 1332 279 FRANCISGO
1361 242 1679 279 BORGIAE
1715 245 1919 289 praeposito

338 297 496 340 generali
525 297 717 332 Societatis
744 298 837 331 lesu.
891 296 1135 341 (Epistula
1171 296 1356 338 altera.)

1272 349 1471 395 Oeniponte
1501 351 1554 385 12.
1584 350 1737 393 Augusti
1766 351 1867 385 1567.

267 413 321 447 Ex
348 413 546 458 archetypo
576 414 656 457 (2⁰:
685 413 706 448 2
733 426 813 458 pp.;
840 414 873 447 111
901 426 934 458 p.
953 415 973 447 4
1002 414 1108 449 inser.
1137 417 1172 447 et
1199 415 1398 458 particulae
1424 414 1522 458 sig),
1551 414 1669 449 Germ.
1692 414 1768 456 183,
1795 426 1828 448 n.
1848 414 1917 449 204

152 468 191 509 (f.
219 467 287 501 326
327 469 363 501 et
397 479 451 511 sq.
478 479 547 500 non
574 466 696 510 sign).
749 466 915 501 Canisius
953 466 1096 501 litteras
1135 468 1346 511 recognovit
1384 467 1499 512 iisque
1538 479 1604 502 sua
1642 479 1750 501 manu
1788 479 1916 502 nomen

150 520 344 563 („Seruus“
375 520 459 560 etc.)
489 521 715 565 subscripsit.

269 587 453 627 Aretinuse,
483 587 690 619 Cartusiam
710 590 842 629 petens,
869 587 957 618 votis
983 590 1030 618 est
1055 586 1200 619 solutus.
1242 586 1280 619 P.
1305 587 1472 619 Girulins
1493 597 1651 629 prorsus
1676 586 1749 618 vult
1773 587 1810 618 in
1840 586 1914 618 Bel-

145 640 243 682 ffl'um
269 644 299 672 et
325 640 372 671 ad
394 641 618 683 propmqemS
639 640 831 682 proficisci.
875 640 1041 679 Mayistri
1067 639 1275 672 rhetoricae.
1313 640 1469 673 Jacobus
1492 639 1688 672 Genztensis
1713 639 1750 671 in
1771 639 1915 672 Italiam

150 693 202 725 ire
228 694 334 735 cupit.
387 693 603 735 Freqaenres
630 693 817 726 Sociorum
849 694 1070 726 mutationes.
1122 693 1292 736 Dilinyae
1319 693 1383 726 Fr.
1412 694 1527 733 Vicus,
1563 693 1634 725 nisi
1668 702 1783 725 mores
1808 703 1917 725 emen-

149 746 296 789 daverit,
336 746 565 779 dimittendus
603 757 672 779 esse
709 746 871 787 videtur,·
908 757 992 778 uum
1033 747 1199 789 moyes—ter
1237 747 1440 779 creandus?
1496 746 1561 779 Fr.
1591 745 1776 779 Michom’s.
1827 745 1919 778 Novi

144 800 374 841 professores.

361 869 533 912 Jhesus.
598 870 691 911 Pax
725 869 883 912 Christi
916 869 1148 911 admodum
1180 870 1435 912 Reuerende
1468 870 1612 912 Pater.

267 945 407 998 Agam
451 947 503 988 de
546 946 800 999 quibusdam
844 945 968 987 huius
1001 945 1181 1000 Collegij
1215 946 1454 997 Fratribus,
1498 949 1546 988 ut
1586 945 1671 987 illis
1713 947 1757 988 et
1795 944 1918 987 nobis

148 1010 308 1052 rectius
340 1011 383 1052 in
417 1011 586 1053 domino
621 1011 884 1061 consulatur,
919 1011 1154 1054 accedente
1187 1012 1233 1054 P.
1268 1011 1387 1053 Tuae
1419 1011 1574 1053 iudicio
1608 1014 1652 1053 et
1684 1010 1915 1060 sententia,

151 1075 202 1116 de
235 1090 320 1128 qua
353 1076 549 1130 cupimus
581 1076 702 1118 reddi
737 1076 958 1118 certiores.

267 1141 473 1183 Tractaui
500 1156 594 1183 cum
621 1142 750 1184 Petro
773 1141 954 1183 Aretino
977 1141 1148 1191 iterum,
1182 1142 1257 1183 sed
1280 1141 1384 1183 nihil
1407 1141 1544 1191 effeci,
1569 1141 1676 1183 adeo
1700 1139 1918 1182 obstinate

149 1220 273 1247 suum
314 1207 577 1249 defendebat
617 1206 887 1260 propositum
925 1206 969 1248 in
1001 1207 1302 1260 amplectendo
1337 1206 1486 1248 ordine
1519 1205 1820 1256 Carthusiano‚
1864 1205 1919 1246 ad

149 1271 261 1324 quod
303 1272 427 1313 annis
470 1273 524 1313 ab
565 1272 664 1313 hinc
707 1271 897 1324 aliquot³
929 1285 1100 1326 semper
1133 1271 1344 1326 aspirauit
1360 1273 1385 1314 1.
1451 1272 1633 1313 Jnterea
1664 1284 1803 1324 neque
1837 1271 1916 1312 Su-

150 1335 389 1389 perioribus
434 1337 477 1378 in
520 1336 777 1387 obedientia,
821 1350 961 1390 neque
1002 1337 1228 1378 Fratribus
1275 1336 1318 1378 in
1361 1337 1584 1379 Charitate
1627 1336 1773 1378 debita
1813 1335 1918 1377 fecit

149 1401 269 1443 satis.
332 1401 480 1454 Jgitur
512 1416 615 1443 usus
648 1416 742 1443 sum
775 1402 951 1444 tandem
987 1401 1028 1442 in
1061 1402 1182 1443 illum
1213 1404 1435 1456 potestate
1467 1401 1568 1443 mihi
1608 1414 1826 1451 concessa,
1870 1403 1918 1442 ut

149 1480 174 1507 a
207 1466 333 1509 Votis
374 1467 619 1509 absolutum
662 1466 782 1508 illum
825 1466 1073 1517 dimiserim,
1117 1467 1229 1509 sicut
1271 1469 1315 1509 et
1356 1467 1546 1509 Rector2
1587 1466 1727 1520 magis
1767 1465 1829 1507 illi
1873 1468 1916 1507 et

149 1530 271 1572 nobis
304 1532 510 1585 expedire
541 1531 762 1574 iudicauit.

269 1596 314 1638 P.
349 1597 568 1639 Rubertus
601 1611 759 1639 annum
794 1596 863 1639 hic
897 1596 988 1650 egit
1018 1600 1347 1652 praeceptorem
1380 1596 1642 1639 Rhetoricae
1665 1596 1838 1646 Classis,
1873 1598 1917 1638 et

150 1675 314 1703 moram
347 1662 434 1704 fert
465 1662 757 1716 impatienter,
792 1662 905 1715 quod
937 1661 1036 1704 hinc
1059 1676 1144 1704 non
1165 1662 1279 1704 illico
1302 1662 1345 1703 in
1369 1661 1645 1704 Germaniam
1667 1661 1914 1703 inferiorem

149 1726 268 1768 abire
301 1727 470 1769 sinatur
483 1729 512 1770 3.
577 1727 795 1781 Respondi
829 1741 923 1780 ego,
960 1727 1005 1770 P.
1041 1727 1354 1770 Visitatorem4
1386 1726 1577 1776 iussisse,
1619 1730 1668 1769 ut
1699 1727 1798 1768 hinc
1830 1740 1915 1768 non

149 1791 390 1834 discederet
430 1792 512 1834 nisi
552 1795 772 1846 potestate
805 1807 830 1834 a
863 1792 909 1836 P.
943 1792 998 1834 N.
1036 1792 1239 1834 Generali
1269 1792 1388 1846 prius
1421 1795 1613 1846 accepta,
1657 1791 1728 1844 qui
1761 1791 1815 1833 ad
1847 1805 1915 1833 me

149 1870 318 1909 quoque
350 1857 587 1911 scripserit,
631 1860 679 1899 ut
711 1871 766 1899 ex
799 1857 1018 1899 Rhenensi
1050 1858 1118 1899 uel
1152 1857 1330 1911 Belgica
1364 1857 1591 1899 Prouincia
1623 1870 1914 1899 successorem

147 1921 262 1963 illius
305 1922 611 1976 acciperemus,
659 1925 892 1975 antequam
937 1922 1078 1976 ipsum
1123 1922 1404 1973 dimittamus,
1450 1922 1708 1976 praesertim
1750 1922 1793 1963 in
1835 1922 1915 1964 hac

148 1986 387 2028 Rhetorum
421 1987 612 2041 penuria,
648 2002 733 2040 qua
765 1990 915 2029 nostra
948 1988 1119 2030 laborat
1152 1987 1393 2038 Prouincia,
1428 1987 1540 2029 unde
1573 1987 1630 2029 M.
1665 1986 1912 2036 Rainerum‚

148 2050 194 2093 P.
236 2051 475 2093 Gerardum
523 2055 568 2095 et
612 2052 884 2094 Matthaeum
927 2050 1175 2101 Polonumb,
1223 2053 1292 2105 qui
1338 2056 1429 2095 tres
1473 2051 1752 2094 Rhetoricam
1793 2051 1915 2093 nobis

148 2120 274 2158 erant
320 2117 580 2171 professuri,
635 2117 716 2159 hoc
764 2132 876 2159 anno
926 2117 1144 2160 dimittere
1192 2117 1461 2170 cogimur05.
1542 2115 1762 2171 [P]atrem
1810 2131 1913 2158 uero

268 2210 296 2239 a)
328 2210 363 2233 In
393 2210 472 2234 arch.
502 2218 575 2234 corr.
607 2218 643 2234 ear
671 2208 804 2242 aliquod.
908 2209 938 2241 b)
969 2210 1092 2234 Correxi
1121 2217 1157 2234 ex
1186 2208 1343 2239 Rainerus,
1373 2208 1536 2238 Gai-ardus,
1566 2208 1739 2234 Matthaeus
1768 2207 1914 2234 Polonus.

149 2255 174 2276 1-1
197 2252 224 2275 C.
246 2251 308 2282 ipse
327 2252 344 2274 8
367 2259 407 2275 riv.
427 2259 485 2282 sqq.
509 2259 536 2275 m
558 2251 691 2281 maraine
712 2251 851 2282 ascripsit
871 2254 897 2275 et
917 2251 996 2275 inter
1015 2259 1056 2275 vv.
1077 2250 1282 2283 acciperemus
1309 2254 1335 2275 et
1363 2253 1526 2282 autequam
1553 2250 1652 2282 ipsum
1675 2250 1834 2275 inserenda
1853 2257 1913 2274 esse

148 2292 342 2323 siynificavit;
362 2293 497 2316 e.ristinzr›
517 2296 611 2317 {anien
633 2300 697 2316 eum
718 2293 770 2316 ma
794 2293 836 2317 vel
856 2293 924 2323 loco,
944 2300 998 2323 quo
1016 2300 1109 2324 Supra
1127 2293 1225 2323 posita
1245 2295 1324 2323 sunt,
1344 2293 1388 2316 rel
1404 2295 1470 2323 post
1490 2290 1611 2317 laborat
1624 2291 1787 2316 Prouincia
1805 2298 1913 2322 ponere

149 2333 282 2358 voluisse.

271 2430 280 2448 ¹
308 2428 359 2462 De
385 2428 453 2462 hoc
479 2428 619 2473 collegii
647 2428 875 2473 oenipontani
902 2429 1013 2462 fratre
1039 2427 1130 2462 laico
1157 2428 1202 2462 cf.
1234 2429 1320 2462 Can.
1346 2428 1378 2462 V
1402 2428 1472 2463 470
1498 2428 1578 2462 776.
1611 2427 1781 2461 Aretinus
1808 2426 1912 2461 Oeni-

148 2484 255 2526 ponte
281 2481 379 2521 abiit,
406 2482 449 2515 ad
470 2481 672 2516 Cartusiam
700 2493 769 2515 non
796 2482 904 2522 adiit;
932 2482 993 2516 sed
1021 2481 1209 2515 confessus
1235 2484 1301 2522 est,
1329 2481 1543 2515 desiderium
1570 2480 1657 2514 illud
1683 2480 1795 2514 fuisse
1819 2482 1912 2522 „ten-

147 2535 353 2575 tationeni“,
380 2546 450 2568 non
476 2535 540 2568 Dei
567 2536 803 2569 vocationem.
855 2535 907 2569 De
934 2546 1005 2579 qua
1030 2546 1068 2568 re
1094 2534 1199 2579 plura
1224 2534 1329 2568 infra.

267 2587 280 2607 2
306 2588 345 2622 P.
372 2587 542 2622 Nicolaus
569 2588 736 2622 Lanoius.

267 2641 280 2660 3
308 2642 485 2675 Polancus
522 2642 694 2675 mandatu
735 2641 887 2684 Borgiae
926 2640 1058 2675 Lanoio
1097 2641 1210 2674 Roma
1249 2641 1301 2674 15.
1330 2640 1411 2674 Iulii
1440 2640 1528 2674 1567
1568 2639 1610 2673 de
1649 2639 1719 2673 ΡΡ.
1756 2637 1911 2672 Roberto

149 2692 285 2726 Girulio
311 2693 481 2727 leodiensi
512 2695 561 2736 (v.
592 2695 679 2728 Can.
698 2694 729 2728 V
749 2694 818 2728 260
843 2694 929 2738 457)
958 2697 994 2728 et
1018 2694 1145 2728 Iodoco
1174 2693 1376 2728 Carcaeneo
1406 2692 1456 2736 (v.
1480 2693 1565 2726 Can.
1584 2691 1635 2725 ΠΙ
1659 2691 1744 2735 592)
1774 2690 1911 2736 *scrip-

147 2748 263 2780 serat:
304 2746 369 2787 „Se
404 2746 428 2779 il
461 2750 617 2781 maestro
644 2747 799 2781 Roberto
835 2748 865 2781 si
902 2747 1032 2783 manda
1066 2747 1147 2780 nela
1173 2747 1364 2780 Prouincia
1399 2746 1456 2779 del
1482 2745 1606 2779 Rheno
1641 2756 1705 2789 per
1730 2744 1851 2778 utilita
1876 2745 1911 2778 di

147 2799 277 2842 quella,
314 2810 398 2843 pare
424 2800 544 2842 giusto
572 2800 676 2834 diano
709 2800 934 2845 ricompensa
970 2800 1004 2834 di
1031 2811 1122 2841 esso,
1158 2799 1223 2833 hor
1258 2799 1312 2833 sia
1345 2799 1371 2833 il
1398 2799 1514 2832 Padre
1541 2797 1721 2833 Giodocho
1757 2809 1776 2831 o
1808 2797 1910 2839 altro,

147 2863 213 2896 pur
249 2863 347 2885 come
383 2853 413 2885 si
440 2853 562 2895 uoglia
597 2853 662 2887 che
689 2853 772 2887 uadi
799 2853 898 2887 detto
923 2855 1080 2887 maestro
1107 2853 1273 2894 Roberto,
1311 2852 1335 2885 il
1362 2852 1478 2885 Padre
1503 2850 1730 2885 Prouinciale
1757 2850 1910 2891 Canisio,

148 2904 238 2938 ueda
265 2905 298 2937 di
325 2905 506 2938 acordarsi
533 2905 586 2939 col
605 2905 831 2939 Prouinciale
851 2906 908 2939 del
926 2905 1061 2947 Rheno,
1089 2905 1123 2939 al
1149 2905 1256 2949 quale
1282 2905 1391 2939 etiam
1417 2904 1452 2938 di
1479 2906 1549 2948 qua
1575 2904 1606 2938 si
1632 2904 1910 2938 raccomandara

146 2956 181 2991 la
207 2957 450 3001 ricompensa“
485 2958 545 3000 (ex
571 2969 693 3002 apogr.
721 2959 832 2992 eiusd.
860 2960 989 3003 temp.;
1019 2958 1137 2992 Germ.
1165 2959 1208 2992 67
1237 2958 1261 2992 f.
1288 2956 1386 3001 451³).

267 3011 279 3030 4
306 3009 565 3054 Hieronymum
592 3010 771 3045 Natalem.

266 3063 279 3081 ⁵
306 3062 371 3096 FF.
392 3062 568 3097 Rainerus
586 3063 771 3097 Fabricius
790 3066 826 3097 et
844 3064 1051 3098 Matthaeus
1071 3063 1248 3098 Michonis
1267 3063 1428 3104 Romam,
1447 3062 1487 3097 P.
1504 3062 1686 3096 Gerardus
1704 3061 1909 3106 Lapidanus

146 3115 181 3149 in
209 3126 340 3148 novum
368 3115 559 3158 collegium
588 3115 839 3160 herbipolense
865 3116 1062 3161 profecturi
1089 3119 1209 3157 erant3
1237 3128 1271 3150 v.
1303 3117 1390 3150 Can.
1410 3115 1441 3148 V
1460 3115 1529 3150 457
1556 3115 1636 3150 502.
