2044 3335
135 110 238 144 1482.
265 108 351 143 Can.
368 108 453 144 Ant.
472 108 601 143 Vinck.
645 108 846 154 Oeniponte
865 109 918 154 (?)
937 109 1054 144 medio
1077 108 1152 142 fere
1172 107 1345 151 (exeunte
1356 108 1392 151 ‘?)
1420 119 1467 142 m.
1485 108 1579 152 Aug.
1601 108 1703 142 1567.
1802 111 1854 151 17

82 230 178 271 tate
219 228 479 282 praesertim
522 230 655 280 atque
696 228 946 271 Rhetorica.
1010 228 1312 270 Successorem
1350 227 1407 270 M.
1441 226 1650 268 Roberti1
1691 227 1855 268 nullum

87 293 341 347 reperimus,
375 292 457 334 nisi
491 293 605 345 quod
637 306 684 334 se
715 296 917 346 paratum
940 293 1033 347 ipse
1056 292 1173 343 dicit,
1207 294 1256 334 ut
1277 291 1479 345 suppleat
1500 291 1641 333 Iocum
1665 291 1860 342 alterius,

84 357 158 411 qui
190 358 245 399 ad
277 357 557 399 Rhetoricam
599 357 642 398 in
681 358 768 399 alia
799 358 1019 412 prouintia
1052 357 1289 399 docendam
1322 371 1347 398 a
1381 357 1426 399 P.
1460 356 1510 399 Τ.
1544 370 1639 398 cum
1674 357 1858 399 coeteris

82 422 170 464 cito
203 422 399 464 uenturis
432 422 644 464 mittetur.
708 423 952 465 Rhenensis
984 422 1204 477 prouintia
1235 421 1400 463 nullum
1434 421 1567 464 dabit.

203 487 448 530 Adiunctae
480 489 583 529 sunt
615 487 660 530 P.
697 487 829 541 Dirsij
861 488 1030 538 literae,
1067 487 1222 540 quibus
1253 486 1507 540 responderi
1538 486 1733 540 cupimus
1765 500 1858 528 ma-

81 555 194 596 ture.
258 551 484 594 Archidux
524 551 567 593 in
609 566 807 594 sororum
849 553 1068 606 gratiam2
1109 552 1490 594 commendaturus
1531 554 1628 594 erat
1668 552 1750 593 hoc
1782 566 1858 593 ne-

80 616 248 670 gotium
281 617 370 659 suis
403 616 542 659 literis
574 616 629 658 ad
662 617 852 659 fratres3
886 618 1012 660 datis.
1041 631 1191 659 uerum
1224 631 1305 670 ego
1328 616 1491 659 rectius
1523 617 1617 658 fore
1650 616 1766 667 duxi,
1807 620 1858 659 vt

82 682 344 724 sententiam
388 682 434 725 P.
469 683 517 725 T.
557 682 740 736 primum
784 683 1092 737 acciperemus.
1156 682 1342 725 Moleste
1384 682 1528 725 ferent
1569 681 1779 735 Reginae,
1821 682 1858 723 si

83 747 303 801 repulsam
335 747 582 801 patiantur:
617 748 692 789 sed
726 748 823 801 plus
854 749 1079 802 postulare
1111 747 1328 799 uidentur,
1363 762 1493 801 quam
1524 747 1648 790 nobis
1671 761 1856 801 aequum

82 812 153 854 sit.
188 812 444 866 promittere
476 813 629 855 uolunt
662 827 684 854 e
717 813 879 855 nostris
910 815 1052 856 totum
1085 813 1316 866 collegium
1350 814 1505 854 suum4
1539 812 1728 867 pendere
1759 826 1857 866 per·

83 880 228 931 petuo.
292 877 552 920 Commendo
586 891 654 919 me
687 878 913 932 sacrificijs
946 881 990 920 et
1021 879 1183 933 precib.
1218 879 1264 921 P.
1300 879 1347 921 T.
1381 878 1425 920 in
1447 878 1619 920 Christo
1641 878 1748 920 Jesu
1782 877 1858 920 do-

84 942 199 984 mino
231 945 395 985 nostro.
460 942 692 998 Oeniponti
729 945 781 985 16
814 943 1003 997 Augusti
1040 946 1166 987 1567.

971 1010 1131 1052 Seruus
1163 1009 1207 1051 in
1240 1009 1410 1051 Christo
1443 1008 1490 1052 P.
1525 1008 1734 1053 Canisius.

203 1091 231 1143 †
264 1089 507 1132 Admodum
532 1090 789 1132 Reuerendo
822 1089 865 1132 in
888 1090 1060 1133 Christo
1082 1091 1206 1134 Patri
1227 1091 1459 1133 Francisco
1492 1105 1518 1133 a
1540 1090 1703 1145 Borgia
1724 1091 1858 1133 Prae-

83 1155 225 1209 posito
260 1153 505 1210 [Generali]
540 1155 773 1198 Societatis
804 1156 960 1199 JESV.
1024 1157 1126 1201 Soli.
1228 1157 1406 1200 Romae.

203 1252 285 1287 Una
320 1264 399 1286 cum
435 1253 492 1288 his
518 1253 652 1288 litteris
679 1253 847 1288 Canisius
874 1253 1022 1288 Romam
1050 1254 1150 1289 misit
1176 1254 1395 1299 *epistulam
1431 1267 1452 1288 a
1478 1254 1518 1289 P.
1546 1256 1686 1288 Lanoio
1713 1254 1856 1298 collegii

83 1308 222 1340 rectore
249 1306 373 1341 eodem
400 1307 456 1341 die
494 1307 537 1341 ad
566 1307 736 1351 Borgiam
764 1307 905 1348 datam;
942 1308 978 1341 in
1005 1320 1076 1352 qua
1101 1308 1181 1343 ille:
1221 1309 1289 1351 „Jn
1317 1309 1446 1352 questa
1481 1320 1549 1342 non
1578 1309 1736 1342 scriuero
1763 1309 1856 1343 altro

81 1371 169 1394 seno
196 1360 254 1394 del
279 1360 424 1403 negotio
460 1360 495 1394 di
522 1361 660 1395 Mastro
687 1360 867 1395 Roberto⁵
893 1361 1089 1396 Leodiense
1115 1362 1269 1396 secondo
1305 1361 1371 1396 che
1397 1361 1488 1396 hieri
1522 1362 1560 1396 fu
1587 1361 1755 1396 concluso
1790 1362 1856 1396 che

77 1413 118 1458 jo
144 1413 288 1455 facessi,
320 1413 356 1448 Jl
383 1425 467 1448 caso
494 1417 512 1448 e
539 1416 667 1458 questo
694 1414 760 1448 che
786 1414 822 1448 in
849 1415 932 1457 ogni
958 1415 1062 1449 modo
1088 1415 1195 1449 vuole
1221 1415 1368 1460 partirsi
1395 1427 1458 1460 per
1484 1415 1710 1459 l’alemagna
1737 1416 1856 1454 bassa.

77 1466 110 1512 jl
137 1466 202 1501 che
229 1468 383 1501 concede
399 1468 441 1502 V.
461 1467 500 1502 P.
522 1468 671 1502 dicendo
698 1480 765 1512 pur
792 1468 857 1502 che
883 1469 980 1502 saria
1007 1468 1127 1511 giusto
1154 1469 1183 1503 si
1210 1481 1249 1503 se
1276 1469 1416 1503 facesse
1436 1469 1662 1514 ricompensa
1688 1481 1708 1503 a
1727 1472 1856 1513 questa

86 1520 274 1555 Prouincia
300 1521 396 1555 dalla
422 1521 613 1555 Prouincia
649 1521 705 1555 del
733 1521 857 1555 Rheno
893 1533 932 1556 se
964 1522 1000 1555 ui
1033 1523 1219 1565 agiutasse
1258 1523 1318 1557 .M.
1345 1522 1514 1558 Roberto.
1566 1522 1602 1557 Jl
1629 1522 1856 1557 Prouinciale

83 1574 261 1609 rhenense
296 1575 448 1609 essendo
479 1575 620 1610 auisato
648 1575 706 1609 dal
733 1578 856 1609 nostro
884 1575 918 1609 di
945 1576 1018 1610 tale
1044 1576 1185 1610 iustitia
1211 1577 1482 1617 commutatiua,
1518 1576 1564 1610 ha
1600 1577 1755 1622 risposto
1791 1576 1856 1610 che

82 1640 152 1662 non
180 1628 285 1662 vuole
312 1628 468 1663 Roberto
481 1629 504 1663 ⁶.
547 1628 648 1663 Onde
676 1632 774 1663 resta
801 1631 928 1673 questo
956 1629 1117 1673 collegio
1143 1642 1251 1664 senza
1276 1630 1406 1664 lettore
1433 1642 1541 1673 greco
1569 1633 1605 1664 et
1630 1642 1738 1664 senza
1763 1633 1855 1665 reto-

81 1682 166 1724 rico,
202 1683 410 1727 partendosi
437 1683 485 1717 M.
514 1682 681 1723 Roberto‚
721 1685 758 1717 et
786 1695 855 1717 non
882 1683 1047 1718 hauendo
1076 1684 1193 1726 (come
1219 1684 1312 1727 dice)
1347 1684 1378 1730 jl
1406 1684 1446 1718 P.
1473 1683 1699 1718 Prouinciale
1734 1686 1856 1719 nostro

81 1735 174 1770 altro
210 1737 245 1770 in
281 1748 347 1770 sua
374 1736 566 1770 Prouincia
600 1748 664 1781 per
689 1737 913 1772 substituire.
964 1737 1125 1771 Maestro
1153 1738 1410 1783 Christophoro
1437 1738 1607 1782 ziegliero
1639 1750 1709 1771 non
1736 1738 1856 1772 tienne

81 1792 184 1823 tanta
211 1790 369 1824 dottrina
395 1790 431 1824 ni
457 1790 602 1833 grauita
628 1802 714 1824 ouer
740 1791 899 1825 autorita
925 1802 989 1836 per
1016 1791 1207 1834 insegnare
1233 1791 1328 1826 nella
1356 1792 1481 1826 Classe
1507 1803 1676 1836 suprema
1702 1792 1855 1826 secondo

81 1843 148 1877 che
173 1843 199 1877 li
225 1844 340 1878 nostri
366 1844 504 1878 dicono.
555 1844 657 1878 Onde
683 1847 701 1878 e
729 1856 836 1889 parso
871 1845 906 1879 31
933 1845 970 1878 P.
1001 1845 1228 1879 Prouinciale
1255 1847 1292 1879 et
1318 1845 1379 1880 alli
1406 1846 1520 1880 nostri
1548 1845 1752 1890 Consultorj
1789 1845 1855 1879 che

75 1896 114 1942 jo
140 1897 403 1943 representassj
442 1900 572 1942 questa
608 1899 790 1932 necessita
823 1898 895 1932 alla
923 1899 961 1933 P.
982 1898 1025 1933 V.
1053 1899 1220 1933 accioche
1246 1899 1400 1934 vedesse
1433 1900 1463 1934 si
1490 1911 1561 1933 non
1596 1900 1627 1933 si
1653 1899 1771 1944 potria
1797 1899 1853 1932 far

81 1951 240 1985 scambio
267 1951 302 1985 di
321 1951 369 1986 M.
388 1951 545 1985 Roberto
572 1963 652 1985 cum
679 1951 834 1985 alchuno
861 1952 895 1986 di
922 1952 1034 1996 quelli
1061 1952 1126 1986 che
1152 1953 1183 1987 si
1209 1953 1454 1987 mandaranno
1480 1953 1552 1987 alla
1579 1953 1770 1987 Prouincia
1797 1953 1853 1987 del

80 2004 191 2038 rheno
217 2017 237 2039 0
264 2004 299 2039 (11
324 2005 466 2039 flandra
501 2005 526 2039 il
553 2005 659 2049 quale
686 2005 773 2040 fossi
802 2006 970 2040 bastante
997 2018 1061 2051 per
1085 2006 1232 2050 Ieggere
1258 2006 1439 2042 rhetorica
1465 2007 1500 2041 in
1528 2006 1757 2051 OEnipont0“
1793 2007 1855 2051 (ex

78 2061 242 2103 autogr.;
270 2059 312 2093 G.
339 2058 404 2104 Ep.
424 2059 510 2092 VIII
536 2058 559 2093 f.
582 2059 692 2103 188³).

199 2129 352 2174 Borgias
379 2129 522 2165 Canisio
549 2130 735 2174 respondit
762 2130 818 2164 23.
846 2129 1070 2175 Septembris
1100 2131 1202 2165 1567.

81 2250 234 2288 1482.
350 2252 568 2287 CANISIUS
604 2251 665 2287 P.
693 2251 1001 2288 ANTONIO
1043 2251 1263 2289 VINCK
1299 2254 1505 2299 provinciae
1539 2254 1721 2288 rhenanae
1757 2254 1790 2288 S.
1820 2254 1841 2288 J

269 2307 483 2351 praeposito.
645 2306 846 2352 Oeniponte
876 2308 926 2351 (Ῥ)
954 2307 1070 2341 medio
1097 2307 1173 2341 fere
1203 2307 1374 2351 (exeunte
1385 2308 1421 2351 Ῥ)
1450 2319 1495 2342 111.
1516 2309 1681 2351 Augusto
1702 2308 1805 2342 1567.

198 2383 253 2417 Ex
278 2382 425 2417 Vinckii
451 2382 685 2428 autographo.
739 2383 780 2418 G.
809 2384 873 2428 Ep.
898 2385 985 2418 VIII
1012 2385 1036 2419 f.
1065 2384 1162 2419 321¹).

196 2462 371 2505 Episcopo
397 2461 635 2504 herbipolensi
660 2462 798 2495 litteras
823 2463 1055 2504 fundationis
1081 2464 1241 2496 remittet.

197 2527 236 2560 P.
264 2528 444 2560 Antonius
477 2527 589 2559 Vim-l„-
625 2527 660 2560 S.
688 2528 724 2560 J.
746 2528 958 2570 provinciae
996 2528 1181 2560 rhenanae
1216 2529 1443 2570 praepositus
1481 2528 1670 2570 Moyuntia
1710 2529 1741 2561 5.
1769 2528 1852 2571 Sep-

74 2580 220 2613 tembris
240 2583 332 2614 1567
358 2581 555 2614 Franeisco
581 2582 737 2624 Boryiae
757 2582 965 2624 praeposito
990 2582 1153 2624 yenerali
1177 2583 1322 2624 scripsit
1347 2582 1390 2614 de
1410 2582 1600 2624 prioribus
1625 2581 1699 2613 illis
1725 2581 1854 2614 litteris

75 2634 305 2675 fundationis
329 2634 468 2677 colleyii
491 2634 758 2678 herbipolensis,
795 2645 884 2678 quos
920 2636 1019 2667 iussn
1046 2635 1232 2667 Friderioi
1257 2646 1279 2667 a
1306 2635 1486 2677 IVirshery
1521 2635 1676 2677 episcopi
1701 2635 1853 2668 Romam

77 2688 203 2720 missas
220 2688 375 2730 Boryias
399 2688 601 2731 approbare
626 2689 791 2721 noluerat
819 2690 868 2730 (v.
891 2688 978 2721 Can.
1000 2688 1031 2720 V
1054 2690 1122 2721 364
1150 2689 1261 2729 405).·
1288 2688 1350 2733 „ll
1377 2689 1418 2721 R.
1439 2689 1478 2722 P.
1499 2689 1634 2722 canisio
1661 2689 1710 2721 mi
1734 2689 1854 2722 seriae

75 2740 136 2773 che
160 2740 209 2773 ha
233 2742 393 2774 ricenuto
421 2742 499 2785 quel
524 2743 760 2775 instrumento
786 2743 820 2775 lo
847 2743 951 2785 quale
975 2742 1003 2774 il
1029 2742 1338 2775 Reuerendissimo
1364 2743 1579 2775 desidet-ana
1614 2741 1674 2775 che
1705 2743 1733 2776 li
1755 2743 1854 2785 fusse

75 2795 236 2828 restituto
262 2799 293 2827 et
317 2797 349 2828 si
375 2795 407 2828 lo
433 2796 615 2829 mandat-a
641 2807 719 2829 cum
744 2796 781 2829 la
802 2797 926 2838 prima
954 2793 1200 2829 commoditaf‘

200 2902 207 2921 ¹
236 2901 384 2940 Girulii;
414 2914 448 2936 v.
475 2913 586 2946 supra
611 2914 643 2946 p.
666 2902 720 2937 10.

196 2954 210 2974 ²
236 2955 474 2998 Magdalenae
501 2958 537 2989 et
564 2955 735 2990 Helenae.
883 2955 896 2974 3
922 2955 1213 2989 Maximilianum
1239 2955 1283 2990 ΙΙ.
1313 2958 1347 2990 et
1375 2955 1555 2990 Carolum.

195 3008 209 3028 4
236 3007 434 3052 Collegium
463 3009 644 3052 virginum
671 3009 786 3043 Halae
813 3009 1057 3050 condendum;
1085 3021 1120 3043 v.
1147 3021 1257 3054 supra
1283 3021 1316 3054 p.
1345 3009 1377 3044 7.
1525 3010 1538 3029 ⁵
1564 3009 1714 3044 Gir-ulio.

195 3061 207 3081 ⁶
236 3060 418 3095 Canisium
446 3073 528 3096 cum
553 3063 594 3097 P.
614 3063 771 3097 Antonio
788 3062 907 3097 Vinek
933 3074 976 3096 ea
1003 3063 1046 3096 de
1072 3075 1110 3096 re
1137 3074 1183 3097 m.
1204 3062 1304 3096 Iunio
1331 3062 1516 3108 Herbipoli
1543 3062 1664 3106 egisse
1691 3062 1847 3101 conicio;

73 3112 119 3148 cf.
149 3114 238 3148 Can.
258 3114 291 3148 V
318 3115 517 3150 709-711.

145 3177 460 3211 Braunsberger.
481 3179 594 3206 Canisii
612 3179 770 3214 Epistulae
791 3180 821 3206 et
840 3180 928 3207 Acta.
958 3179 1008 3205 VI.
1543 3176 1564 3211 2
