2044 3335
688 107 801 142 Roma
828 109 884 143 11.
903 108 1111 144 Decembris
1130 108 1234 144 1568.
1764 113 1847 154 237

81 226 292 268 consolati
325 226 422 268 dela
455 227 568 268 bona
599 225 853 269 risolutione
887 228 928 269 di
961 227 1048 270 Sua
1077 227 1267 273 Maiesta
1300 229 1383 270 etc,
1419 231 1571 280 questo
1605 242 1682 282 per
1715 228 1848 278 011150,

81 291 132 333 V.
166 291 217 333 R.
252 291 434 333 attenda
476 293 501 332 a
543 291 817 333 conseruarsi
865 306 998 343 sano,
1047 293 1161 334 nelle
1210 292 1275 334 cui
1323 292 1511 335 orationi
1559 296 1603 336 et
1651 293 1850 347 sacrificij

79 355 134 398 N.
170 356 214 398 P.
250 355 462 398 Generale
506 358 550 398 et
590 356 695 398 tutti
738 356 776 398 ci
818 358 1207 400 raccomandiamo.
1273 357 1325 398 Di
1359 357 1498 399 Roma
1535 358 1564 399 li
1602 360 1669 401 11.
1703 358 1745 400 di
1779 358 1852 400 de-

81 421 254 462 cembre
288 422 432 463 ,1568

199 495 367 539 Epistula
393 495 684 537 vindobonensis,
713 507 820 540 quam
841 496 1020 530 Polancus
1047 496 1082 530 in
1109 496 1166 530 his
1193 496 1326 531 litteris
1353 500 1619 539 commemorat,
1646 509 1667 532 a
1686 498 1725 532 P.
1744 498 1852 532 Fran-

78 548 173 583 cisco
199 548 353 583 Antonio
380 548 414 582 S.
434 549 466 583 J.
493 548 630 582 Mariae
656 549 897 593 imperatricis
924 551 1169 584 contionatore
1203 550 1288 583 data
1322 553 1417 590 erat:
1454 550 1511 585 cui
1538 552 1715 586 Polancus
1741 552 1853 585 Roma

81 602 136 636 11.
162 602 373 636 Decembris
402 602 492 636 1568
519 602 753 646 *responditz
785 603 840 644 „Si
868 605 887 636 e
913 603 1076 637 riceuuta
1102 614 1173 637 una
1200 603 1243 637 de
1261 603 1305 637 V.
1332 602 1373 637 R.
1402 604 1434 637 di
1463 605 1494 639 9.
1523 604 1580 638 del
1606 606 1763 649 passato,
1789 617 1852 649 per

79 655 220 699 laquale
246 656 364 690 scriue
391 666 489 689 esser
515 666 701 700 comparse
737 659 835 690 certe
870 656 999 690 lettere
1034 657 1067 690 in
1094 656 1235 690 Vienna
1267 658 1303 691 et
1328 657 1486 702 sparsosi
1513 669 1561 691 un
1587 660 1685 692 certo
1711 669 1852 692 rumore

79 708 121 742 de
147 710 245 742 certo
271 708 343 742 mal
370 708 489 742 officio
515 708 607 742 fatto
634 708 669 742 in
696 709 819 749 Roma,
855 721 1028 754 appresso
1060 709 1086 743 il
1112 709 1207 743 PP.¹
1234 712 1359 744 contra
1386 710 1420 744 la
1446 711 1588 744 Maesta
1616 711 1780 750 Cesarea,
1817 714 1851 745 et

78 760 136 795 fra
161 761 187 795 li
213 761 298 796 altri
324 761 354 796 si
381 762 573 795 nominaua
599 761 713 796 anche
749 762 773 796 il
803 763 839 796 P.
869 763 1023 803 Canisio‚
1059 765 1096 796 et
1122 764 1151 797 si
1179 763 1304 797 diceua
1331 763 1445 797 anche
1472 764 1628 807 qualcun
1654 763 1746 798 altro
1773 764 1852 798 dela

79 814 300 859 compagnia
326 814 471 849 hauessi
504 815 596 848 fatto
632 815 657 848 il
693 816 897 850 medesimo.
936 819 970 850 et
1006 827 1106 850 come
1141 819 1159 850 e
1195 828 1279 850 cosa
1313 816 1457 861 propria
1489 817 1568 850 dele
1594 817 1702 860 bugie
1728 829 1854 852 cascar

79 871 211 913 presto,
246 869 319 902 cosi
346 870 475 912 questa
511 880 579 912 puo
615 880 735 902 essere
771 869 824 902 sia
860 869 918 912 gia
945 873 1090 903 caseata
1125 870 1241 914 prima
1276 870 1341 904 che
1367 870 1477 904 arriui
1512 870 1547 904 la
1582 873 1758 915 presente,
1795 882 1852 904 ma

79 921 122 956 V.
150 921 214 955 Ra
239 924 348 965 tenga
376 934 438 966 per
464 923 561 955 certo
589 924 624 955 et
651 922 723 956 cosi
752 924 820 967 puo
848 923 968 956 auisar
996 922 1019 956 l’
1036 923 1294 957 Jllustrissimo
1314 923 1450 967 Legato
1464 924 1486 964 ²,
1514 923 1578 957 0110
1605 935 1650 957 00
1676 923 1701 957 11
1727 924 1767 958 P.
1788 923 1850 958 Ca-

79 975 169 1009 nisio
195 987 239 1009 ne
265 975 369 1009 alcun
397 974 513 1009 altrob
549 975 592 1008 de
618 975 674 1009 noi
702 975 749 1009 ha
775 976 866 1009 fatto
894 976 966 1010 mal
993 976 1112 1010 officio
1139 976 1278 1014 alcuno.
1318 979 1443 1011 contra
1468 989 1534 1011 sua
1560 977 1702 1011 Maesta
1727 977 1758 1011 si
1785 978 1850 1011 ben

79 1030 100 1062 a
124 1029 211 1062 tutti
237 1028 346 1063 molto
383 1029 414 1062 ci
440 1028 627 1062 rincrebbe
655 1028 775 1073 quella
810 1041 903 1063 noua
939 1029 1003 1063 che
1039 1030 1063 1063 li
1099 1029 1216 1073 giomi
1244 1030 1380 1074 passati
1407 1042 1522 1064 uenne
1556 1031 1598 1064 de
1625 1032 1851 1075 permettersi

79 1082 112 1115 la
139 1082 362 1116 confessione
398 1083 600 1126 augustana
614 1082 635 1123 ³,
672 1094 730 1115 ma
767 1087 894 1126 questo
930 1094 1087 1128 operaua
1121 1084 1156 1117 in
1193 1083 1251 1117 noi
1288 1084 1488 1118 solamente
1523 1084 1558 1118 la
1595 1084 1781 1128 diligentia
1817 1084 1850 1118 di

78 1146 209 1179 pregar
235 1135 301 1169 Dio
327 1134 371 1170 N.
399 1134 551 1179 Signore
586 1135 612 1169 li
639 1136 801 1169 mettessi
830 1135 989 1177 rimedio,
1025 1136 1160 1181 ilquale
1186 1139 1288 1171 tanto
1315 1137 1376 1182 piu
1411 1137 1683 1171 desiderauarno
1716 1142 1850 1182 quanto

76 1188 138 1233 piu
173 1188 355 1223 affettione
390 1189 543 1223 hauemo
579 1188 612 1222 al
649 1189 796 1223 seruitio
832 1189 867 1223 di
903 1201 968 1223 sua
994 1190 1159 1224 Maesta⁰
1195 1193 1231 1225 et
1257 1191 1330 1225 cosi
1357 1191 1471 1225 anche
1506 1191 1792 1235 singularmente
1820 1193 1849 1226 ci

77 1242 189 1276 siamo
215 1242 425 1284 consolat-id,
453 1243 594 1286 quando
621 1242 827 1276 intendemo
854 1244 985 1277 essersi
1013 1243 1163 1278 disfatte
1189 1248 1317 1288 queste
1343 1244 1484 1285 nuuole,
1511 1245 1565 1279 001
1592 1245 1660 1279 bon
1687 1248 1723 1279 et
1751 1245 1848 1280 Chri—

77 1295 193 1329 stiano
219 1295 294 1329 zelo
321 1296 363 1330 de
390 1307 457 1330 sua
484 1295 635 1330 Maesta.
664 1296 699 1330 Jl
727 1296 843 1330 Padre
863 1296 1005 1331 Canisio
1031 1309 1121 1331 sono
1147 1298 1293 1342 parechi
1321 1298 1354 1332 di
1382 1298 1448 1332 che
1475 1301 1493 1332 e
1520 1301 1663 1333 tornato
1690 1299 1724 1334 la
1751 1300 1849 1334 uolta

76 1348 112 1382 di
139 1349 350 1393 Alemagna,
378 1352 412 1384 et
438 1361 506 1394 pur
531 1349 557 1382 il
583 1352 703 1394 tempo
731 1350 795 1383 che
822 1350 857 1383 ui
885 1352 978 1384 stete
1004 1350 1040 1384 in
1068 1351 1191 1392 Roma,
1228 1363 1299 1385 una
1326 1363 1416 1394 gran
1442 1354 1545 1396 parte
1571 1352 1606 1386 ui
1633 1355 1727 1387 stete
1754 1365 1848 1388 ama-

79 1402 162 1443 lato,
198 1402 297 1447 parlo
325 1403 452 1437 alcune
478 1402 574 1436 uolte
610 1403 645 1436 al
672 1403 782 1448 Papa,
820 1415 876 1437 ma
903 1406 923 1438 a
948 1406 1043 1438 tutte
1070 1405 1175 1438 credo
1211 1405 1405 1439 essermeci
1431 1407 1573 1440 trouato
1600 1409 1777 1451 presente,
1814 1411 1848 1441 et

78 1462 141 1490 soe
168 1455 234 1490 che
259 1468 329 1490 non
356 1456 402 1490 ha
428 1456 522 1490 fatto
548 1456 654 1490 alcun
682 1456 753 1490 mal
780 1457 908 1498 officio,
947 1459 1055 1491 etiam
1091 1458 1124 1492 al
1151 1461 1272 1503 tempo
1299 1459 1333 1492 di
1360 1458 1481 1502 quella
1506 1471 1600 1494 noua
1626 1460 1692 1494 che
1718 1463 1738 1494 a
1764 1462 1848 1495 tutti

77 1509 109 1543 ci
135 1509 317 1553 affiigeua,
353 1511 389 1543 et
424 1510 466 1544 de
493 1509 576 1544 altri
613 1510 655 1544 de
682 1510 797 1544 nostri
823 1522 910 1544 sono
937 1511 1052 1545 anche
1078 1514 1197 1546 sicui-o
1233 1511 1298 1546 che
1324 1524 1392 1546 non
1419 1512 1440 1546 l’
1457 1512 1528 1547 han
1563 1514 1674 1554 fatto;
1712 1514 1736 1548 il
1772 1527 1848 1560 pro-

78 1575 183 1597 curar
208 1562 398 1597 s’intenda
424 1563 481 1598 chi
508 1575 594 1597 sono
621 1563 645 1596 li
672 1564 833 1598 scrittori
859 1564 893 1598 di
921 1567 1048 1609 queste
1074 1565 1225 1606 nouelle,
1254 1566 1405 1600 sarebbe
1432 1578 1516 1600 cosa
1542 1568 1603 1612 piu
1630 1567 1778 1602 decente
1805 1569 1848 1603 ad

78 1628 125 1650 un
152 1616 245 1651 altro
280 1617 345 1651 che
372 1618 392 1651 a
418 1617 487 1659 noi,
523 1617 580 1651 cui
607 1617 725 1651 officio
761 1620 779 1651 e
814 1619 930 1652 seruir
965 1618 998 1652 al
1027 1619 1094 1652 ben
1122 1631 1309 1653 commune
1344 1620 1380 1653 in
1416 1620 1535 1664 quello
1571 1621 1636 1655 che
1672 1622 1850 1666 possiamo

77 1681 185 1704 senza
210 1682 295 1715 pero
330 1670 387 1704 far
413 1670 529 1704 danno
563 1683 607 1704 ne
635 1673 655 1705 a
681 1673 809 1715 questo
845 1683 889 1705 ne
924 1673 945 1705 a
971 1672 1100 1716 quello,
1138 1675 1156 1706 0
1183 1673 1227 1707 (10
1254 1674 1401 1707 credere
1436 1673 1502 1708 che
1533 1674 1616 1708 altri
1644 1675 1850 1710 haueranno

77 1723 212 1758 hauuto
239 1736 325 1758 cura
352 1724 394 1758 de
420 1725 627 1758 informarsi
664 1725 706 1758 (10
733 1724 796 1758 tali
825 1725 1023 1766 nouellieri,
1060 1726 1116 1760 dio
1152 1726 1176 1760 li
1205 1727 1351 1771 perdoni
1389 1730 1424 1761 et
1450 1728 1539 1762 aiuti
1565 1729 1650 1762 tutti
1676 1730 1754 1763 noi“
1788 1730 1850 1773 (ex

77 1788 200 1822 apogr.
220 1777 332 1812 eiusd.
351 1780 479 1822 temp.;
509 1777 628 1812 Germ.
650 1779 693 1812 67
721 1778 744 1812 f.
765 1778 996 1814 ‘mlh-2022.
1034 1778 1088 1814 Cf.
1111 1781 1228 1824 Dukr,
1248 1780 1412 1814 Jesuiten
1432 1793 1475 1814 an
1496 1781 1759 1817 Fstrstenhtffen
1779 1784 1849 1827 14).

79 1831 133 1865 Ad
159 1830 249 1865 haec
276 1833 456 1866 Antonius
478 1830 690 1866 Vindobona
718 1832 771 1866 12.
799 1832 958 1866 Ianuarii
987 1833 1077 1867 1569
1104 1834 1336 1878 *respondit:
1369 1834 1530 1876 „Quanto
1557 1836 1593 1869 al
1618 1837 1766 1879 negocio
1794 1837 1849 1871 del

78 1885 334 1919 Jllustrissimo
362 1885 539 1919 Cardenal
565 1885 696 1928 legato,
732 1897 780 1929 ya
815 1898 859 1919 no
887 1886 960 1931 hay
995 1898 1072 1921 mas
1099 1899 1168 1931 que
1195 1887 1332 1929 hablar‚
1369 1900 1433 1933 por
1459 1900 1528 1933 que
1563 1889 1598 1923 la
1624 1891 1778 1924 mentira
1812 1903 1850 1925 50

77 1938 274 1979 (1050011110,
300 1950 325 1983 y
344 1950 414 1972 aun
438 1937 590 1982 algunos
617 1939 659 1973 de
685 1939 739 1973 los
766 1939 935 1974 authores
959 1939 1053 1974 della
1068 1968 1075 1976 .
1090 1952 1115 1985 y
1134 1941 1166 1974 el
1187 1940 1362 1975 Cardenal
1385 1942 1466 1976 bien
1493 1943 1689 1977 satisfecho
1715 1946 1852 1984 estana,

78 1991 155 2026 5100
182 2003 250 2036 que
277 1992 310 2026 10
338 1992 432 2026 dolia
457 2004 481 2037 y
508 2003 643 2037 pesaua
670 2004 738 2037 que
758 1993 979 2027 mezclassen
1005 1993 1040 2028 la
1059 1994 1281 2039 Compagnia
1308 2007 1351 2029 00
1378 2007 1461 2030 0050
1487 1998 1548 2030 tan
1575 1997 1707 2039 odiosa,
1733 2010 1757 2043 y
1783 2010 1851 2042 que

78 2045 226 2090 pudic-ra
252 2045 387 2080 alterar
412 2046 454 2079 de
480 2057 627 2080 manera
652 2045 688 2080 la
706 2046 897 2090 Magestad
918 2047 1082 2088 Cesarea,
1111 2059 1178 2092 que
1205 2060 1250 2082 no
1277 2048 1426 2083 huuiera
1453 2049 1487 2084 la
1513 2050 1672 2093 legation
1699 2051 1731 2085 el
1759 2052 1849 2085 buen

78 2099 205 2147 effecto
232 2110 300 2143 que
326 2098 370 2133 N.
392 2099 425 2134 S.
451 2098 499 2133 ha
524 2099 602 2133 sido
628 2100 771 2134 seruido
799 2100 841 2134 de
869 2100 988 2135 darle“
1021 2102 1083 2144 (ex
1103 2104 1264 2145 autogr.;
1294 2102 1336 2136 G.
1357 2103 1420 2148 Ep.
1440 2103 1473 2136 X
1498 2103 1522 2137 f.
1546 2104 1631 2147 15²²).
1673 2104 1852 2139 Cardinali

79 2152 342 2187 Commendono
378 2153 649 2187 Maximilianus
676 2153 721 2188 II.
764 2154 818 2188 18.
845 2154 1061 2189 Novembris
1090 2156 1181 2190 1568
1220 2156 1331 2190 dixit:
1372 2156 1416 2191 Se
1455 2157 1636 2202 pontificis
1675 2159 1853 2193 voluntati

79 2217 213 2257 mor-em
239 2218 365 2250 gerere
392 2206 584 2248 statuisse3
622 2207 692 2240 iam
729 2207 873 2241 domum
908 2208 1078 2242 remissos
1112 2220 1202 2250 esse,
1239 2209 1300 2253 qui
1331 2210 1543 2253 „Agendae“
1574 2213 1850 2256 protestantium

79 2260 344 2304 componendae
380 2271 490 2294 causa
515 2259 750 2294 Vindobonae
786 2261 998 2305 congregati
1033 2261 1209 2304 fuissent3
1246 2274 1363 2307 neque
1399 2263 1434 2297 in
1462 2264 1632 2298 Austriae
1657 2266 1854 2310 superioris

79 2312 232 2347 comitiis
260 2313 408 2347 Lentiae
436 2312 553 2357 (Linz)
590 2313 753 2358 proxime
780 2314 954 2349 habendis
981 2315 1176 2359 quidquam
1205 2316 1247 2350 de
1274 2317 1448 2359 religione
1474 2320 1672 2352 tractatum
1698 2318 1741 2352 iri
1772 2319 1855 2363 (Cy-

74 2368 244 2410 prianus,
270 2366 505 2401 Tabularium
530 2367 610 2401 486.
656 2369 802 2410 Hopfen
828 2368 851 2402 l.
879 2380 908 2402 c.
936 2368 1137 2404 300—301.
1186 2371 1287 2404 Gust.
1319 2371 1454 2414 Turba,
1481 2370 1761 2407 Venetianische
1789 2373 1855 2407 De-

79 2419 236 2464 peschen
262 2432 342 2454 voni
372 2420 587 2454 Kaiserhofe
612 2420 675 2462 ΙΙΙ,
702 2421 810 2454 Wien
832 2421 933 2463 1895,
952 2423 1172 2465 461—462).
1213 2423 1499 2458 Commendonus
1525 2424 1615 2459 haec
1641 2428 1678 2460 et
1704 2426 1855 2460 credidit

79 2475 116 2507 et
141 2473 185 2507 ad
212 2472 315 2507 Pium
334 2473 378 2508 V.
405 2473 555 2508 rettulit.
599 2474 634 2507 Is
661 2485 739 2508 cum
766 2474 900 2509 similia
926 2475 1035 2509 etiam
1069 2487 1114 2510 ex
1140 2476 1336 2510 Melchiore
1364 2477 1456 2510 Bilia
1482 2477 1606 2512 nuntio
1641 2490 1705 2513 suo
1734 2480 1854 2515 vindo-

80 2527 227 2561 bonensi
255 2529 289 2561 et
316 2539 361 2561 ex
388 2527 566 2572 Prospero
592 2527 637 2561 ab
664 2528 761 2562 Arcu
787 2527 1029 2563 Maximiliani
1055 2530 1099 2564 11.
1127 2533 1270 2564 oratore
1297 2542 1443 2564 romano
1469 2531 1683 2576 accepisset,
1709 2545 1854 2577 magno-

81 2592 164 2624 pere
190 2580 347 2614 laetatus
374 2583 410 2614 et
436 2580 545 2614 Brevi
575 2582 603 2615 1.
623 2581 834 2615 Decembris
855 2581 945 2616 1568
971 2582 1016 2616 ad
1042 2582 1296 2627 imperatorem
1324 2584 1407 2618 dato
1434 2596 1516 2618 eum
1542 2586 1586 2619 ad
1613 2589 1852 2622 constantiam

78 2632 246 2668 hortatus
272 2637 327 2668 est
355 2634 539 2678 (Wimmer
565 2634 587 2668 1.
608 2645 638 2668 0.
657 2634 858 2669 530—531.
899 2637 1051 2669 Goubaa
1077 2637 1100 2670 1.
1119 2648 1149 2671 c.
1173 2637 1388 2681 105—107).
1428 2638 1495 2673 Sed
1524 2638 1705 2674 Martinus
1732 2640 1854 2675 Eisen-

81 2687 194 2731 grein,
221 2687 460 2722 Maximiliani
489 2687 533 2721 H.
562 2687 788 2722 contionator
814 2691 851 2722 et
878 2687 1012 2723 Canisii
1040 2690 1187 2730 amicus,
1216 2691 1285 2724 iam
1313 2692 1347 2725 5.
1373 2691 1588 2726 Novembris
1618 2694 1708 2728 1568
1723 2693 1854 2729 Vindo-

80 2741 172 2775 bona
198 2741 427 2775 Monachium
463 2741 606 2775 litteras
632 2741 793 2781 miserat,
828 2742 958 2785 quibus
993 2754 1031 2776 se
1058 2743 1185 2777 timere
1212 2744 1451 2787 significabat,
1487 2757 1531 2779 ne
1558 2746 1854 2782 vindobonenses

80 2794 298 2828 cardinalem
326 2795 544 2839 deciperent,
579 2806 649 2838 quo
676 2794 784 2829 citius
821 2807 901 2829 eum
937 2795 979 2829 ad
1008 2796 1210 2830 abeundum
1237 2801 1427 2832 moverent
1453 2798 1613 2843 (Hopfen
1641 2800 1662 2834 1.
1691 2812 1721 2835 0.
1748 2802 1853 2845 296);

82 2847 208 2882 deinde
244 2848 299 2882 25.
335 2848 551 2882 Novembris
590 2849 680 2883 1568
717 2849 868 2883 Ioannes
904 2849 1051 2883 Micheli
1087 2851 1206 2884 orator
1240 2854 1395 2886 venetus
1421 2852 1634 2888 Vindobona
1670 2854 1752 2889 duci
1789 2867 1853 2889 suo

200 2921 227 2947 a]
250 2922 285 2946 In
305 2928 351 2952 ap.
371 2920 506 2952 sequitur
526 2927 590 2952 sap,
610 2920 700 2945 obliti.
751 2919 780 2950 b)
802 2920 942 2952 Sequitur
960 2927 1077 2952 manco,
1096 2922 1187 2946 oblitt.
1237 2922 1263 2953 0)
1285 2923 1425 2955 Sequitur
1443 2930 1502 2954 ma,
1522 2925 1613 2950 omitt.
1664 2925 1694 2957 d)
1716 2927 1856 2958 Sequitur

81 2959 147 2993 che,
167 2962 255 2988 omitt.
325 2962 352 2991 e)
374 2962 515 2993 Sequitur
533 2968 604 2993 non,
623 2962 714 2987 obliti.

204 3058 213 3077 ¹
240 3056 346 3101 Apud
373 3056 407 3091 S.
434 3057 539 3091 Pium
557 3058 601 3092 V.
749 3057 762 3077 ²
789 3056 1014 3092 cardinalem
1043 3058 1211 3093 Ioannem
1238 3059 1470 3095 Francise-um
1499 3061 1816 3098 Commendonum.

203 3110 216 3130 3
240 3110 332 3144 Vide
359 3122 468 3155 supra
494 3122 527 3156 p.
548 3110 747 3146 223-226.
