2044 3335
143 123 197 164 26
652 120 753 155 1487.
781 119 947 155 Canisius
973 120 1008 154 S.
1028 120 1219 154 Francisco
1246 119 1411 164 Borgiae.

141 240 292 283 tandiu
334 242 379 282 et
412 242 503 282 tam
536 240 666 281 anxie
698 239 872 290 urserit,
915 239 991 281 sed
1024 253 1119 280 cum
1153 238 1292 281 multa
1324 241 1369 282 et
1400 239 1554 293 grauia
1585 242 1908 291 concurrerent,

142 304 280 347 satius
320 304 414 347 fore
457 305 670 354 duximus,
712 304 828 346 illius
866 303 1124 358 profectioni
1158 304 1321 356 aliquid
1352 304 1591 358 indulgere,
1634 319 1763 358 quam
1794 304 1910 347 reni-

142 370 272 412 tendo
291 369 506 422 grauioris
528 369 786 412 tentationis
808 368 1045 423 periculum
1070 371 1317 423 expectare.
1355 369 1538 412 Jnterea
1559 383 1662 411 uero
1680 371 1732 413 D.
1750 370 1912 412 Paulus

142 434 464 476 Vicerectorem
506 436 622 487 aget,
664 434 737 487 qui
778 447 862 475 non
905 434 1003 475 dum
1038 433 1298 475 Catechismi
1331 434 1516 476 Romani
1556 434 1799 476 uersionem
1833 434 1910 476 ab-

142 499 295 549 soluit3
320 499 386 541 cui
403 502 549 541 tamen
570 499 702 552 operi,
727 513 823 540 cum
848 512 927 552 ego
946 498 1220 540 Monachium
1241 498 1425 550 rediero,
1451 513 1624 541 manum
1648 513 1908 553 supremam,

143 567 191 606 ut
231 578 372 618 spero,
415 564 541 605 ambo
582 563 865 617 imponemus,
908 563 1019 605 sicut
1051 562 1257 606 Pontifex
1288 563 1506 606 Maximus
1546 563 1640 606 fieri
1673 563 1908 607 decreuitl.

262 629 496 670 Praeterea
528 628 742 682 Monachij
785 642 853 670 me
895 628 1160 671 commonuit
1201 628 1495 671 Cancellarius
1527 629 1661 671 Ducis
1703 629 1755 670 de
1796 642 1910 670 noua

142 692 422 743 dissensione,
466 707 577 746 quae
616 693 779 735 nostris
819 693 1083 747 Jngolstadij
1127 707 1223 735 cum
1267 693 1365 747 alijs
1405 693 1449 735 in
1491 693 1705 736 facultate
1737 693 1910 736 Artium

143 757 466 800 Professoribus
506 758 767 800 intercessit.
831 758 970 800 Nam³
1008 772 1111 812 pars
1152 772 1238 800 una
1275 758 1486 801 aduersus
1524 759 1708 801 alteram
1741 758 1911 812 publice

144 836 288 864 coram
306 822 530 876 Gymnasij
548 823 673 864 huius
687 823 1013 865 professoribus
1036 837 1086 865 ac
1109 823 1294 865 Rectore
1306 824 1337 873 2,
1365 837 1416 865 ac
1439 823 1592 866 deinde
1614 823 1756 865 missis
1779 823 1910 865 etiam

142 888 197 930 ad
219 887 462 942 Principem
484 885 661 939 literisb,
696 902 842 930 coram
871 888 963 930 eius
986 888 1253 942 Consiliarijs
1286 888 1429 943 coepit
1461 889 1736 940 contendere,
1769 888 1834 931 ita
1861 891 1911 930 ut

144 952 210 994 inc
249 953 410 995 nostris
452 953 583 995 etiam
625 953 764 995 maior
795 953 1010 995 modestia
1044 953 1328 997 desideretur.
1391 953 1545 996 Nostri
1577 967 1699 995 suam
1732 955 1912 996 tuentur

143 1031 333 1068 causam,
366 1020 415 1060 ut
446 1018 764 1072 professoribus
797 1018 894 1072 alijs
926 1018 1118 1060 eiusdem
1152 1018 1377 1061 facultatis
1409 1033 1494 1061 non
1526 1018 1752 1060 inferiores
1790 1017 1910 1060 uide-

143 1086 273 1125 antur
304 1083 380 1124 sed
406 1086 647 1136 aequentur
668 1083 841 1137 penitus
852 1083 879 1134 ἀ,
915 1086 960 1126 et
983 1086 1181 1125 caeteros
1202 1083 1403 1126 incusant
1435 1084 1762 1137 quodammodo,
1797 1083 1911 1136 quod

145 1161 230 1189 non
248 1148 360 1189 bona
376 1147 459 1189 fide
477 1150 671 1191 tractent
689 1149 907 1202 pecunias,
927 1163 1066 1202 neque
1083 1148 1251 1191 sincere
1269 1163 1363 1191 cum
1379 1148 1629 1191 Candidatis
1647 1151 1783 1202 agant
1799 1151 1881 1191 ete.
1895 1150 1912 1175 3

144 1212 364 1266 Respondi
395 1226 489 1265 ego,
523 1227 592 1254 me
625 1213 811 1256 libenter
843 1214 896 1255 de
928 1217 1023 1256 tota
1050 1228 1182 1256 causa
1204 1214 1477 1267 cogniturum
1500 1214 1779 1267 Jngolstadij,
1814 1227 1910 1255 cum

144 1276 367 1328 hactenus,
402 1277 534 1331 (quod
567 1278 717 1332 miror)
749 1293 818 1320 me
851 1293 936 1320 non
969 1279 1204 1330 admonito,
1235 1279 1279 1320 in
1302 1279 1383 1320 hac
1406 1279 1482 1321 lite
1504 1278 1795 1333 processerint
1817 1279 1911 1320 lon-

143 1342 240 1395 gius
273 1356 401 1395 quam
435 1343 733 1394 conueniebat,
767 1358 921 1397 meque
952 1344 1228 1386 inuenturum
1262 1343 1352 1385 dixi
1374 1344 1585 1386 rationem
1610 1343 1799 1396 aliquam
1821 1342 1912 1384 litis

145 1409 481 1461 componendae,
515 1422 598 1461 quo
632 1409 687 1450 ad
720 1408 812 1450 eius
843 1409 934 1451 fieri
968 1413 1129 1463 posset,
1164 1423 1213 1451 ac
1235 1411 1391 1463 postea
1412 1409 1455 1450 in
1478 1408 1619 1451 reditu
1642 1422 1710 1450 me
1732 1422 1911 1462 respon-

145 1486 291 1514 surum
310 1473 575 1515 Cancellario
599 1474 650 1515 de
673 1476 766 1516 toto
785 1474 960 1527 negotio
980 1474 1156 1527 eiusque
1179 1488 1393 1517 successu.
1429 1473 1621 1516 Scribam
1637 1474 1691 1515 ad
1707 1473 1752 1516 P.
1773 1473 1910 1515 Tuam

146 1537 198 1579 de
221 1538 430 1589 omnibus,
465 1552 575 1592 quae
598 1553 694 1581 sese
716 1539 820 1581 mihi
842 1539 1080 1582 obtulerint
1101 1539 1144 1581 in
1166 1539 1242 1581 illa
1264 1553 1409 1589 causa,
1444 1553 1554 1592 quae
1580 1538 1752 1581 uidetur
1772 1538 1912 1580 utrin-

145 1616 229 1655 que
260 1617 346 1645 non
377 1603 612 1658 probandis
644 1604 871 1647 affectibus
902 1604 1092 1658 partium
1124 1604 1351 1658 implicari.
1399 1604 1568 1646 Vellem
1601 1617 1706 1645 sane
1738 1605 1912 1645 nostros

146 1667 189 1708 in
221 1667 466 1710 huiusmodi
496 1669 638 1720 rebus,
673 1683 782 1722 quas
805 1669 897 1711 sine
919 1670 1191 1723 superiorum
1214 1669 1440 1711 uoluntate
1463 1668 1710 1719 instituunt,
1745 1671 1788 1710 et
1812 1682 1912 1710 cau-

146 1731 279 1774 tiores
312 1736 357 1775 et
389 1734 701 1776 moderatiores
735 1749 843 1777 esse.

263 1798 364 1841 Fuit
404 1800 484 1841 hoc
526 1800 619 1841 loco
655 1800 768 1853 apud
801 1814 868 1841 me
903 1800 1063 1842 Rector
1095 1799 1404 1853 Dilingensis4,
1448 1802 1491 1842 et
1523 1813 1703 1851 grauem
1735 1798 1911 1840 horren-

146 1861 332 1916 dumque
364 1877 513 1906 casum
545 1865 749 1918 exposuit
781 1865 834 1906 de
866 1864 1077 1919 pertinaci
1101 1878 1247 1906 errore
1270 1867 1315 1906 et
1337 1864 1506 1906 haeresi
1530 1864 1750 1905 Edouardi
1766 1863 1909 1917 Angli,

145 1940 271 1979 quem
305 1931 436 1970 antea
467 1943 638 1983 semper
669 1929 913 1972 modestum
946 1944 1051 1983 prae
1084 1929 1269 1971 caeteris
1301 1932 1346 1972 et
1369 1929 1642 1971 obedientem
1665 1943 1812 1970 sumus
1835 1942 1912 1970 ex-

144 1992 258 2046 perti
274 1994 302 2036 5.
367 1994 430 2035 De
469 2008 551 2047 quo
585 2008 688 2036 casu
721 1994 953 2048 diligenter
983 1995 1126 2037 isthuc
1159 1994 1321 2036 Rector
1352 1994 1444 2047 ipse
1476 1994 1717 2047 perscribet
1731 1994 1758 2036 ⁶.
1823 1994 1912 2035 Do-

145 2057 283 2099 lemus
324 2059 404 2100 hoc
446 2061 618 2101 tantum
655 2059 908 2101 scandalum
939 2059 1054 2102 inter
1086 2059 1248 2101 fratres
1279 2059 1495 2108 incidisse,
1539 2062 1583 2101 et
1615 2059 1813 2113 spiritum
1844 2058 1911 2100 in-

144 2122 370 2165 fidelitatis
401 2123 444 2164 in
477 2123 557 2165 hac
590 2124 818 2166 Prouincia
849 2127 1021 2167 tantum
1054 2124 1168 2178 apud
1201 2126 1375 2166 nostros
1406 2123 1609 2175 ualuisse,
1649 2126 1697 2166 ut
1728 2123 1910 2165 fratrem

264 2222 292 2251 a)
314 2221 453 2252 Sequitur
472 2220 532 2253 alij,
559 2222 649 2247 oblitt.
741 2221 771 2252 b)
793 2223 931 2254 Sequitur
951 2229 1029 2255 quor
1048 2224 1092 2247 vel
1117 2223 1213 2248 simile
1240 2231 1273 2253 v.,
1299 2223 1388 2247 oblitt.
1482 2223 1508 2254 c)
1538 2224 1598 2247 Hoc
1626 2230 1651 2248 v.
1676 2230 1769 2253 supra
1795 2230 1910 2247 versum

143 2262 287 2293 scriptum
307 2266 357 2287 est.
433 2262 464 2293 d)
484 2264 520 2287 In
540 2264 620 2288 arch.
641 2272 715 2288 corr.
736 2272 772 2289 ex
792 2264 943 2296 poenitus.

270 2370 278 2389 ¹
305 2369 471 2404 Canisius
497 2370 563 2404 sub
590 2372 801 2404 autumnum
828 2382 858 2405 a.
890 2371 980 2406 1566
1016 2382 1036 2404 a
1063 2371 1195 2414 Borgia
1222 2370 1443 2405 constitutus
1478 2372 1557 2405 erat
1582 2381 1708 2404 censor
1733 2369 1911 2404 versionis

145 2423 372 2466 germanicae
392 2423 608 2458 Catechismi
626 2423 787 2465 Romani,
815 2435 922 2467 quam
949 2424 988 2458 P.
1009 2423 1180 2458 Hoffaeus
1206 2424 1307 2458 iussu
1326 2424 1379 2457 Pii
1391 2423 1434 2458 V.
1454 2423 1612 2458 faciebat
1637 2423 1743 2466 (Can.
1759 2423 1791 2456 V
1810 2422 1910 2465 307).

264 2476 276 2496 2
303 2476 487 2521 Raphaele
512 2476 723 2520 Ninguarda
748 2477 950 2521 professore
976 2477 1064 2510 iuris
1092 2477 1136 2520 (I.
1160 2478 1204 2511 N.
1226 2478 1398 2521 Mederer,
1426 2476 1584 2510 Annales
1611 2475 1910 2520 Ingolstadiensis

145 2529 360 2563 Academiae
388 2530 413 2571 I,
440 2530 653 2573 Ingolstadii
683 2530 783 2571 1782,
812 2530 880 2564 300
907 2531 975 2565 303
1003 2530 1100 2573 305).

266 2583 278 2601 ³
304 2583 356 2616 De
382 2583 449 2616 hac
476 2584 721 2617 controversia
747 2595 781 2618 v.
810 2583 914 2623 infra,
941 2595 1033 2617 mon.
1062 2584 1133 2627 ing.
1163 2583 1229 2627 (1).

265 2637 277 2655 4
304 2636 342 2669 P.
369 2635 610 2670 Theodoricus
637 2636 814 2671 Canisius.

264 2689 277 2707 ⁵
303 2689 342 2722 In
369 2690 565 2732 '²'²·Cataloyo
599 2689 742 2733 collegii
780 2689 955 2733 dilingani
981 2689 1148 2733 Dilingae
1175 2690 1231 2724 31.
1258 2689 1466 2724 Decembris
1496 2689 1585 2723 1566
1621 2688 1823 2732 conscripto
1856 2698 1909 2720 re-

146 2741 279 2775 fertur:
310 2741 542 2783 „Edouardus
567 2742 696 2783 Thorn,
724 2743 874 2785 Anglus,
912 2754 957 2776 ex
984 2743 1157 2777 comitatu
1184 2742 1543 2787 Northamptoniae“,
1580 2752 1693 2775 annos
1718 2744 1826 2774 natus
1852 2742 1908 2774 est

145 2795 210 2835 24;
237 2794 453 2828 Societatem
480 2795 665 2838 ingressus
691 2807 723 2829 a.
746 2796 845 2837 1565,
873 2799 959 2829 vota
985 2796 1284 2830 scholasticorum
1311 2796 1399 2829 fecit
1424 2794 1607 2828 Monachii
1634 2796 1665 2828 6.
1692 2794 1785 2827 Iunii
1806 2794 1908 2827 1566.

148 2847 354 2889 „Hactenus
389 2848 424 2881 in
450 2847 641 2882 Nouiciatu
672 2849 775 2890 uixit,
811 2860 905 2883 nunc
940 2849 1155 2883 Rhetoricae
1190 2849 1331 2882 studet⁸⁴
1363 2847 1466 2892 (GSC
1494 2849 1539 2882 66
1573 2847 1598 2881 f.
1625 2847 1740 2890 404³).
1793 2846 1909 2889 „Vota

142 2900 460 2934 scholasticorum“
499 2900 561 2934 illa
595 2901 708 2935 fuisse
734 2904 820 2935 vota
850 2902 1106 2944 „devotionis‘‚
1143 2913 1234 2946 quae
1270 2901 1402 2936 novicii
1437 2912 1546 2945 saepe
1581 2901 1801 2944 nuncupant,
1838 2910 1908 2933 non

144 2956 228 2987 vota
253 2953 424 2996 religiosa
449 2953 745 2988 scholasticorum
772 2955 1092 2999 „approbatorum“
1122 2957 1223 3000 patet
1249 2954 1307 2988 vel
1333 2966 1379 2989 ex
1405 2966 1456 2996 eo,
1484 2954 1578 2998 quod
1604 2953 1725 2986 Thorn
1751 2952 1908 2986 nondum

143 3006 232 3040 duos
258 3017 369 3041 annos
396 3007 430 3040 in
457 3007 635 3041 Societate
660 3008 780 3041 fuerat
807 3007 857 3051 (v.
889 3009 975 3042 Can.
994 3008 1026 3042 V
1051 3008 1148 3051 511).
1199 3008 1319 3041 Minus
1354 3010 1523 3041 accurate
1548 3007 1669 3049 aliqua
1695 3006 1737 3039 de
1764 3017 1804 3039 eo
1830 3016 1909 3049 pro-

143 3059 230 3093 tulit
257 3061 356 3093 Gaas.
375 3061 489 3094 Boero
515 3059 549 3094 S.
569 3061 612 3100 J.‚
639 3060 725 3094 Vita
751 3060 808 3094 del
834 3061 945 3094 Beato
971 3061 1093 3095 Pietro
1120 3061 1272 3101 Canisio,
1300 3060 1412 3094 Roma
1441 3060 1542 3100 1864,
1569 3060 1649 3094 315.

263 3113 276 3132 ⁶
301 3112 392 3146 Vide
419 3124 509 3156 quae
536 3125 581 3146 ex
607 3112 674 3147 hac
699 3113 872 3147 relatione
897 3114 964 3148 sub
991 3114 1089 3158 ipsas
1114 3114 1180 3148 has
1206 3113 1346 3148 litteras
1372 3114 1625 3158 proponentur.
