2044 3335
743 78 786 120 2.,
812 79 856 120 3.,
883 79 914 113 6.
934 78 1099 113 Octobris
1127 80 1228 114 1568.
1776 82 1858 122 591

223 191 268 232 4‘?
316 190 380 231 De
412 191 538 232 modo
572 193 717 233 autem
758 191 1056 244 interrogandi
1095 191 1201 233 haec
1243 190 1525 245 praescripsit
1557 190 1859 243 Congregatio,

103 257 151 296 ut
191 268 316 296 nenio
350 255 401 296 de
438 254 519 297 hac
551 270 598 297 re
629 255 870 309 interroget
910 256 1171 298 sententiam
1205 256 1296 297 eius
1329 270 1354 297 a
1387 270 1470 309 quo
1502 255 1614 310 petit
1653 255 1860 296 informa-

101 319 286 361 tionem:
320 319 394 360 sed
429 320 479 361 de
502 320 741 362 rationibus
772 320 858 362 illis
880 324 924 363 et
957 320 1096 362 causis
1118 320 1160 361 in
1183 324 1412 373 utramque
1438 323 1607 374 partem
1630 334 1684 361 ex
1707 320 1861 372 quibus

101 387 220 426 recte
251 385 430 426 iudicari
463 385 600 439 possit
632 386 868 439 cogendam
893 400 987 427 esse
1010 386 1079 426 uel
1100 399 1185 426 non
1208 386 1446 438 cogendam
1470 385 1857 438 Congregationem

101 450 364 501 generalem.

221 513 298 563 Qui
321 514 432 567 petit
459 514 808 556 informationem
830 529 983 569 puram
1005 513 1287 556 intentionem
1311 514 1483 565 habeat,
1518 518 1562 558 et
1584 515 1663 557 Dei
1686 517 1857 557 tantum

100 577 284 630 gloriam
326 582 370 621 et
403 579 633 622 Societatis
674 580 830 621 bonum
873 581 1166 633 spectantem:
1210 579 1436 621 affectibus
1478 579 1649 621 omnino
1690 579 1859 622 uitiosis

100 643 286 686 reiectis.
351 643 601 686 Voluntatis
634 648 778 687 autem
812 644 1140 698 propensionem
1174 657 1312 696 neque
1345 658 1448 697 prae
1480 659 1527 686 se
1558 644 1686 694 ferat,
1720 659 1859 697 neque

99 707 141 748 in
175 708 285 750 hanc
316 709 460 762 potius
492 712 661 763 partem
695 724 822 763 quam
845 710 888 751 in
916 709 1048 759 illam,
1083 708 1222 762 quoad
1246 708 1338 750 eius
1359 708 1452 750 fieri
1474 709 1624 762 possit,
1658 710 1856 752 inclinet:

100 772 235 814 donec
276 776 375 827 post
415 774 763 817 informationem
806 778 851 817 et
892 774 1128 816 orationem
1169 787 1246 814 suo
1287 773 1381 815 loco
1415 776 1460 816 et
1500 776 1695 827 tempore
1727 789 1858 816 unus-

99 837 279 890 quisque
311 842 480 881 statuat
513 853 641 892 quam
675 839 934 881 sententiam
969 839 1162 881 dicturus
1194 838 1263 880 sit.

218 902 318 944 Cum
354 903 704 946 informationem
738 904 790 945 de
830 904 911 946 hac
943 918 990 945 re
1023 904 1076 945 ab
1109 903 1252 956 aliquo
1285 902 1444 957 accipit
1485 905 1633 945 seruet
1673 903 1856 945 alteram

98 980 246 1008 aurem
280 968 375 1021 alijs
409 972 452 1010 et
485 983 532 1010 os
564 969 670 1011 Deo.

216 1032 260 1074 Si
301 1033 395 1085 quis
428 1033 590 1086 aliquid
631 1034 909 1085 intellexerit,
952 1034 1065 1088 quod
1106 1036 1320 1075 secretum
1353 1032 1549 1086 requirat
1588 1033 1624 1075 is
1661 1035 1857 1087 praeter-

97 1109 225 1148 quam
258 1111 353 1138 cum
395 1098 461 1139 his
494 1099 565 1151 qui
602 1099 796 1153 suffragij
838 1099 903 1141 ius
935 1099 1098 1142 habent
1129 1098 1349 1141 silentium
1382 1101 1528 1142 seruet
1559 1113 1724 1140 memor
1755 1099 1857 1140 cha-

95 1160 253 1204 ritatiS.

215 1235 261 1274 5?
307 1234 372 1275 De
413 1235 539 1276 modo
581 1238 727 1278 autem
769 1235 1056 1290 respondendi
1097 1235 1254 1278 statuit
1296 1235 1598 1288 Congregatio,
1642 1238 1690 1278 ut
1731 1249 1856 1277 nemo

96 1297 300 1340 obtrudat
340 1299 690 1343 informationem
723 1301 850 1343 alteri
884 1316 967 1343 non
1001 1301 1188 1355 petenti:
1232 1303 1276 1342 et
1317 1314 1427 1353 quae
1462 1301 1513 1342 de
1545 1301 1857 1353 interrogantis

93 1361 334 1406 intentione
376 1368 420 1407 et
461 1365 688 1408 uoluntate
733 1366 848 1408 dicta
890 1369 991 1408 sunt
1031 1370 1177 1408 seruet
1217 1366 1528 1419 interrogatus.
1601 1366 1767 1408 Deinde
1808 1369 1857 1408 ut

93 1429 302 1480 tanquam
343 1430 395 1472 de
433 1444 480 1472 re
522 1431 805 1485 speculatiua,
849 1432 918 1474 uel
961 1431 1132 1474 omnino
1175 1431 1230 1473 ad
1271 1445 1317 1472 se
1358 1445 1443 1472 non
1475 1431 1722 1485 pertinente
1756 1432 1856 1485 quid

93 1494 268 1544 sentiat,
302 1495 496 1549 praecise
529 1499 709 1539 conetur
741 1497 982 1550 explicare:
1016 1510 1153 1550 neque
1186 1497 1323 1538 solum
1358 1496 1584 1538 mendacia
1615 1497 1689 1538 sed
1724 1497 1855 1539 etiam

94 1559 451 1612 amplificationes
484 1562 725 1604 rescindat:
769 1562 873 1603 nihil
906 1565 1068 1604 temere
1102 1561 1239 1611 dicat;
1283 1562 1358 1603 sed
1392 1561 1534 1603 omnia
1567 1561 1854 1611 considerate,

93 1626 215 1666 certa
254 1639 331 1678 pro
366 1626 509 1678 certis,
553 1627 681 1669 dubia
713 1641 790 1681 pro
825 1627 963 1681 dubijs
996 1629 1201 1681 exponat,
1244 1628 1292 1668 ut
1325 1626 1397 1679 qui
1429 1626 1641 1669 rationem
1675 1627 1766 1668 Deo
1799 1627 1856 1669 sit

92 1689 352 1734 redditurus,

212 1764 257 1804 6?
294 1762 521 1805 Postremo
539 1764 696 1806 statuit
714 1764 1016 1818 Congregatio‚
1041 1766 1090 1806 ut
1112 1763 1271 1816 singuli
1293 1762 1363 1816 qui
1387 1762 1582 1816 suffragij
1606 1762 1671 1804 ius
1693 1762 1856 1806 habent

91 1826 248 1868 Missas
281 1828 332 1869 de
361 1828 522 1882 Spiritu
557 1830 717 1872 Sancto
751 1830 818 1871 die
853 1831 899 1871 6²}
922 1829 1122 1872 Octobris
1154 1828 1340 1871 faciant:
1374 1828 1539 1870 Deinde
1572 1842 1721 1870 omnes
1753 1843 1855 1870 con-

91 1891 283 1943 ueniant,
317 1896 362 1935 et
394 1894 634 1936 orationem
667 1895 793 1937 simul
826 1895 1133 1949 praemittant3
1166 1894 1208 1936 in
1243 1908 1328 1947 qua
1360 1893 1531 1935 demum
1562 1893 1855 1947 unusquisque

91 1957 205 2011 apud
228 1972 275 2000 se
297 1961 466 2002 statuat
489 1974 616 2013 quam
635 1961 693 2003 sit
716 1960 909 2003 dicturus
927 1960 1190 2003 sententiam
1213 1959 1264 2001 de
1283 1959 1476 2013 cogenda
1495 1959 1853 2012 Congregatione,

90 2022 159 2063 uel
193 2037 278 2065 non
311 2025 503 2077 cogenda
536 2040 716 2079 eamque
748 2026 1021 2080 postmodum
1055 2025 1263 2079 scriptam
1296 2024 1458 2067 tradat.

210 2088 290 2130 Die
332 2091 379 2131 6²²}
411 2090 624 2140 Octobris,
667 2092 856 2146 peractis
889 2090 1034 2133 Missis
1076 2091 1127 2132 de
1160 2090 1323 2144 Spiritu
1357 2090 1516 2133 Sancto
1559 2093 1854 2132 conuenerunt

90 2154 246 2197 Patres
279 2155 321 2197 in
354 2155 568 2197 Sacellum
601 2156 665 2198 Rdi
696 2157 743 2200 P.
778 2157 929 2199 Nostri
964 2156 1202 2206 Generalis,
1245 2158 1290 2198 et
1323 2157 1422 2209 post
1454 2155 1694 2197 orationem
1728 2170 1852 2208 prae-

90 2219 290 2262 stitutam
324 2220 534 2263 dederunt
566 2222 752 2276 scriptas
777 2236 878 2264 suas
901 2222 1156 2271 sententias,
1190 2221 1262 2274 qui
1295 2220 1360 2262 ius
1383 2220 1578 2273 suffrag—ij
1611 2220 1852 2269 habebant;

90 2299 183 2326 cum
210 2285 256 2328 P.
280 2285 335 2329 N.
361 2285 562 2329 Generali
596 2288 829 2341 praesenti,
863 2290 908 2330 et
941 2286 1129 2329 omnium
1152 2285 1382 2339 sententijs
1404 2285 1649 2340 publicatis,
1683 2285 1853 2327 nemine

90 2351 365 2405 discrepante
383 2354 597 2394 statutum
617 2355 696 2403 est,
714 2353 951 2406 cogendam
968 2367 1052 2394 non
1070 2366 1165 2393 esse
1181 2350 1571 2404 Congregationem
1589 2350 1851 2403 generalem.

89 2416 147 2458 Et
181 2416 367 2457 omnium
396 2431 619 2467 consensu,
655 2417 804 2459 eodem
835 2418 901 2459 die
924 2417 1135 2459 dissoluta
1158 2421 1224 2459 est
1248 2415 1550 2469 Congregatio.
1600 2415 1648 2456 In
1671 2429 1850 2468 quorum

88 2482 215 2523 fidem
249 2482 343 2534 Ego
377 2482 532 2525 Petrus
567 2483 873 2536 Ribadeneyra
905 2482 1174 2525 Secretarius
1215 2482 1322 2523 haec
1357 2484 1458 2523 acta
1489 2480 1724 2534 subscripsi
1755 2494 1850 2523 meo

91 2643 257 2685 „propter
283 2652 372 2685 quas
398 2640 584 2675 Generalis
611 2652 631 2674 a
657 2652 720 2674 suo
747 2640 864 2674 officio
882 2639 1019 2673 absolvi
1046 2639 1202 2683 possit“;
1229 2640 1269 2672 ut
1288 2650 1366 2671 cum
1394 2639 1541 2683 peccata
1560 2637 1733 2681 quaedam
1761 2649 1851 2672 com-

87 2695 244 2735 miserit3
272 2699 380 2738 atque
406 2695 514 2728 etiam
540 2694 616 2728 fieri
647 2706 761 2739 posse,
788 2696 828 2727 ut
852 2693 887 2727 in
915 2692 1195 2736 congregatione
1225 2692 1384 2735 generali
1411 2691 1598 2725 deliberari
1624 2702 1770 2725 necesse
1804 2692 1853 2726 sit

94 2749 155 2789 „de
182 2749 288 2782 rebus
323 2749 506 2793 perpetuis
538 2759 579 2782 ac
615 2748 735 2791 magni
762 2746 951 2781 momenti:
989 2746 1114 2790 quales
1148 2748 1280 2785 essent,
1315 2745 1416 2779 verbi
1451 2745 1579 2787 gratia,
1607 2744 1767 2788 Collegia
1793 2745 1851 2779 vel

87 2802 223 2835 Domus
258 2801 464 2843 dissolvere,
501 2805 563 2835 aut
597 2801 667 2835 alio
699 2800 915 2840 transferre3
952 2800 1010 2833 vel
1046 2811 1103 2833 res
1139 2799 1327 2832 admodum
1364 2798 1529 2832 difficiles
1564 2799 1608 2832 ad
1645 2798 1849 2832 universam

87 2855 302 2889 Societatem
329 2857 554 2899 spectantes;
590 2855 649 2888 vel
675 2855 848 2888 rationem
874 2853 1087 2898 procedendi
1122 2852 1159 2886 in
1193 2852 1256 2886 illa
1290 2852 1555 2897 pertracta1·e“;
1591 2863 1696 2896 posse
1731 2854 1851 2886 tamen

87 2909 331 2953 praepositum
361 2908 583 2951 generalem,
628 2908 807 2950 ⁷,adiutum
842 2906 1181 2947 communicatione,
1217 2917 1323 2950 quam
1360 2917 1439 2939 cum
1470 2905 1641 2939 universa
1673 2905 1851 2939 Societate

88 2962 215 2996 habet“
247 2962 349 3006 („per
379 2961 612 2995 transmissas
637 2961 790 3000 litteras,
826 2964 862 2993 et
888 2971 1069 3004 personas,
1103 2970 1194 3003 quae
1221 2970 1266 2992 ex
1292 2958 1492 2993 Provinciis
1518 2959 1641 2992 venire
1668 2958 1850 3001 debent“),

87 3018 124 3049 et
151 3027 289 3057 „eorum
317 3026 433 3058 opera,
461 3014 617 3058 quicum
646 3015 722 3058 ipso
741 3013 906 3056 degent“,
939 3012 1072 3054 „multa
1090 3011 1308 3046 constituere
1334 3012 1410 3046 sine
1429 3012 1714 3055 Gongregatione
1740 3011 1850 3045 totius

87 3069 298 3102 Societatis“
329 3069 619 3111 (Constitutiones
641 3067 680 3101 P.
701 3068 732 3108 8,
760 3078 788 3101 c.
809 3067 840 3108 2,
866 3078 899 3100 n.
921 3067 936 3100 1
967 3066 987 3099 2
1009 3066 1053 3106 B;
1082 3065 1123 3099 P.
1149 3066 1180 3107 9,
1208 3077 1236 3099 6.
1264 3066 1296 3106 5,
1322 3077 1355 3099 n.
1383 3065 1434 3108 4).
