2044 3335
108 104 192 145 606
742 101 838 135 Mon.
865 101 933 136 975
959 101 1038 135 sive
1064 113 1140 135 oen.
1162 100 1229 145 (3).

107 222 151 262 et
183 219 260 261 che
292 218 351 260 lui
384 231 468 259 non
492 219 620 259 staua
642 217 834 270 obligato
859 217 900 259 di
931 231 1213 272 perseuerare
1234 217 1277 259 in
1300 217 1444 271 quella
1461 219 1488 260 ¹.
1537 218 1718 260 Volesse
1740 219 1868 262 Jddio

106 284 184 326 che
217 283 358 336 questi
399 282 471 335 gia
504 281 713 325 nominati
746 297 830 324 non
862 283 1097 324 hauessero
1131 282 1298 337 parreci
1333 282 1435 325 altri
1466 282 1702 337 Compagni
1734 283 1869 326 simil-

104 351 250 390 mente
273 362 357 389 non
390 350 547 401 troppo
579 347 661 389 ben
693 347 863 390 fundati
892 347 1007 389 nella
1029 361 1108 389 sua
1129 348 1359 390 vocatione
1380 347 1424 388 in
1448 351 1602 401 questa
1626 348 1867 400 Prouincia‚

105 413 291 463 Questoss
323 411 372 454 eb
402 412 431 453 il
473 412 612 454 frutto
645 412 759 454 della
792 412 1134 455 dissimulatione
1167 415 1211 455 et
1252 412 1535 466 indulgentia,
1571 413 1626 455 Al
1658 413 1869 468 principio

104 492 189 520 non
221 477 257 518 si
290 476 563 519 essaminano
596 477 640 519 ni
671 481 852 521 tentano
886 492 1007 520 come
1039 477 1271 520 ricercaria
1302 478 1332 520 il
1366 479 1537 529 douere,
1576 481 1621 521 et
1652 478 1686 520 si
1719 479 1802 520 ben
1834 479 1869 521 si

104 543 327 585 ritrouano
368 542 596 597 indisposti
638 546 682 585 et
721 543 836 598 pienj
879 543 921 585 di
963 543 1093 597 catiuj
1135 543 1317 594 humori,
1359 557 1443 584 non
1476 557 1522 585 se
1561 543 1589 584 li
1623 543 1794 598 applica
1825 544 1869 586 13

103 608 330 657 medicina,
364 622 514 650 amara
537 611 581 650 et
602 609 849 662 purgatiua,
884 611 929 651 et
950 609 994 650 in
1017 612 1170 662 questo
1193 609 1331 658 modo,
1356 608 1399 649 la
1420 608 1601 651 malatia
1623 609 1702 650 col'
1720 611 1868 663 tempo

103 673 280 715 diuenta
326 673 587 724 incurabile,
631 674 752 716 Onde
799 674 868 716 fra
914 677 1038 716 tante
1080 687 1233 728 aspere
1274 673 1587 728 riprehensionj
1629 673 1671 715 in
1714 677 1869 727 questa

102 738 234 780 visita
266 740 390 781 tanto
418 752 443 780 a
475 740 609 781 bocca
641 753 762 781 come
793 739 836 780 in
859 739 1000 782 scritti
1032 739 1062 781 il
1084 739 1131 783 Ρ.
1154 745 1304 781 nostro
1331 738 1611 789 Prouinciale,
1645 738 1704 780 mi
1726 753 1869 781 mara-

102 803 251 857 uigliaj
294 818 414 846 come
448 818 523 846 era
563 807 688 847 tanto
722 805 978 846 vehemente
1019 818 1096 858 per
1138 804 1350 846 tradurmi
1388 818 1414 845 a
1445 804 1471 844 l'
1497 804 1695 858 opposita
1727 807 1867 858 parte,

103 869 282 910 dicendo
316 870 394 911 che
425 870 455 911 li
487 869 588 912 altri
611 870 784 912 Rettori
815 884 920 912 sono
944 870 1066 923 suauj
1101 873 1145 912 et
1176 870 1309 911 molto
1343 869 1517 922 benigni
1541 883 1667 911 verso
1701 869 1743 910 di
1773 869 1865 923 suoj

105 937 149 976 et
190 934 267 976 che
304 935 349 988 jo
391 935 483 976 solo
524 934 589 976 sia
622 949 776 989 aspero
813 938 857 977 et
898 935 1070 977 crudele
1104 970 1112 977 .
1146 934 1292 976 concio
1327 935 1391 976 sia
1423 935 1502 976 che
1534 948 1619 976 non
1660 948 1793 988 penso
1827 934 1869 975 di

103 999 239 1041 hauer
271 1002 396 1042 vsato
437 1003 594 1054 troppo
628 1000 819 1054 asperita
861 1000 903 1042 di
943 1001 1105 1054 parole,
1149 1000 1257 1042 doue
1297 1000 1341 1041 la
1373 1013 1504 1041 causa
1536 1013 1620 1040 non
1661 999 1703 1040 lo
1735 999 1869 1041 ricer-

105 1079 240 1115 casse,
274 1079 394 1106 come
417 1065 533 1107 saria
555 1065 657 1107 nelli
690 1066 779 1107 casi
810 1065 925 1120 posti
957 1065 998 1107 di
1030 1079 1173 1120 sopra,
1207 1065 1277 1107 vbi
1302 1065 1415 1107 malo
1439 1065 1549 1106 nodo
1572 1065 1712 1106 malus
1736 1078 1869 1117 quae-

104 1130 262 1171 rendus
296 1133 362 1173 est
395 1144 556 1172 cuneus
572 1131 601 1173 2.
657 1131 740 1173 Sed
773 1134 818 1173 et
849 1131 988 1184 magis
1022 1131 1262 1173 admiratus
1291 1145 1384 1172 sum
1408 1144 1483 1171 cur
1513 1130 1556 1171 id
1588 1130 1738 1172 statim
1769 1132 1869 1172 tan-

107 1209 235 1248 quam
259 1196 478 1237 oraculum
503 1196 717 1249 quoddam
739 1197 963 1239 videretur
986 1197 1160 1238 credere
1180 1230 1188 1239 .
1207 1195 1319 1249 quod
1347 1195 1665 1238 tentatissimus
1687 1195 1869 1248 quisque

106 1261 160 1302 ab
192 1260 286 1314 ipso
318 1261 616 1315 interrogatus
649 1264 801 1304 contra
833 1262 1063 1304 Rectorem
1097 1261 1317 1315 obijceret.
1366 1260 1572 1310 Querelas
1605 1263 1750 1303 autem
1783 1274 1868 1302 non

105 1325 238 1367 miror
278 1326 473 1377 istorum,
518 1327 617 1380 quia
650 1327 788 1381 qualis
821 1327 1115 1380 vnusquisque
1148 1329 1214 1369 est
1246 1326 1354 1368 talia
1387 1328 1431 1368 et
1463 1326 1555 1379 agit
1588 1328 1632 1368 et
1663 1325 1866 1378 loquitur.

105 1390 189 1432 Vbi
211 1392 325 1433 Aula
347 1406 470 1434 suum
494 1393 663 1447 spargit
684 1393 959 1442 fermentum,
996 1395 1121 1435 tanta
1144 1407 1239 1434 cum
1263 1391 1455 1434 externis
1482 1391 1706 1444 Vtriusque
1737 1404 1868 1432 sexus

102 1456 345 1499 hominibus
377 1460 421 1499 et
452 1457 495 1499 in
528 1471 679 1500 mensa
711 1461 755 1500 et
788 1460 916 1500 extra
946 1472 1120 1499 mensas
1151 1458 1410 1511 praesertim
1444 1471 1539 1498 cum
1563 1456 1714 1498 aulicis
1741 1455 1867 1497 muli-

103 1521 247 1563 eribus
280 1523 558 1573 consuetudo,
593 1523 666 1564 vbi
693 1509 797 1576 ‘qui
840 1524 1128 1565 columnae
1169 1522 1468 1564 videntur3
1499 1522 1615 1562 nullo
1650 1522 1759 1562 bono
1790 1534 1867 1562 ex-

105 1588 245 1641 emplo
268 1588 476 1630 fratribus
498 1589 750 1642 praelucent
772 1589 901 1630 immo
923 1589 996 1630 vbi
1018 1588 1099 1642 ipsi
1122 1588 1264 1642 potius
1287 1587 1371 1629 illis
1394 1590 1494 1629 sunt
1516 1585 1869 1628 murmurationis

105 1653 149 1694 et
189 1652 478 1705 sugillationis
511 1654 699 1708 supremj
743 1654 948 1696 authores
982 1668 1076 1695 cum
1114 1653 1194 1707 ipsi
1229 1653 1281 1694 ob
1314 1666 1404 1694 rem
1436 1652 1699 1694 lenissimam
1731 1651 1867 1693 inter-

105 1717 205 1758 dum
236 1719 382 1771 palam
415 1719 741 1761 obmurmurent
773 1722 817 1761 et
849 1719 993 1760 nescio
1027 1725 1160 1772 quae⁰
1181 1718 1398 1772 vocationj
1432 1731 1517 1758 non
1550 1717 1658 1759 satis
1685 1731 1865 1758 consen-

103 1783 260 1824 tanead
293 1787 369 1826 aut
401 1798 427 1826 a
459 1785 673 1827 modestia
713 1785 919 1837 religiosa
963 1784 1127 1826 alienae
1160 1784 1398 1838 proferunt,
1432 1783 1505 1824 vbi
1537 1783 1649 1824 alter
1681 1783 1866 1823 alterum

106 1847 218 1901 domj
253 1863 302 1890 ac
334 1849 440 1891 foris
473 1850 615 1903 preire
648 1853 692 1892 et
724 1851 863 1892 altero
896 1850 1034 1891 maior
1060 1849 1198 1891 videri
1231 1850 1419 1898 affectat,
1454 1848 1488 1902 sj
1521 1847 1563 1888 hi
1597 1850 1698 1890 sunt
1729 1846 1867 1888 nostri

105 1913 271 1968 syndicj
306 1928 356 1955 ac
380 1929 580 1957 censores
613 1916 766 1968 quibus
788 1918 915 1957 tanta
940 1915 1047 1957 fides
1070 1915 1310 1964 adhibetur,
1344 1913 1469 1954 vnius
1493 1926 1718 1954 censuram
1743 1912 1787 1954 P.
1812 1911 1864 1954 V.

104 1978 293 2020 fortasse
325 1993 438 2021 nunc
470 1980 641 2022 mittam
675 1984 723 2022 ut
763 1981 861 2022 hinc
904 1981 955 2021 de
989 1979 1166 2033 reliquis
1207 1979 1287 2021 hac
1328 1978 1371 2019 in
1414 1984 1539 2032 parte
1572 1977 1865 2019 coniecturam

102 2042 251 2087 faciat.
316 2044 529 2086 Mirabars
568 2059 647 2098 ego
683 2060 758 2087 cur
789 2045 857 2086 ing
889 2045 1140 2086 visitatione
1173 2044 1254 2086 hac
1286 2044 1441 2086 Vltima
1471 2045 1540 2086 tot
1571 2043 1662 2084 dies
1695 2042 1866 2084 abirent

101 2108 144 2150 in
169 2109 468 2151 examinandis
492 2113 535 2151 et
566 2110 825 2164 indagandis
847 2110 1002 2151 rebush
1024 2109 1149 2151 huius
1172 2109 1349 2162 Collegij
1384 2114 1428 2150 et
1459 2107 1691 2162 praecipue
1717 2110 1866 2149 tamen

103 2175 316 2227 agebatur
356 2175 408 2216 de
449 2175 638 2217 moribus
678 2175 936 2217 inordinatis
980 2178 1024 2217 et
1064 2175 1273 2216 inusitata
1311 2174 1511 2227 malaque
1551 2171 1865 2226 gubernatione

101 2239 313 2282 Hectoris.
367 2239 480 2282 Nam
514 2244 616 2283 tunc
648 2240 751 2281 mihi
784 2241 945 2282 dictum
978 2242 1023 2282 et
1055 2240 1268 2282 obiectum
1303 2242 1370 2281 est
1403 2252 1551 2280 omnes
1584 2238 1675 2278 fere
1708 2250 1865 2290 cupere

101 2318 156 2345 ex
197 2305 276 2346 hoc
309 2305 498 2358 Collegio
541 2306 730 2347 maxime
765 2306 817 2347 ob
859 2305 998 2347 dictas
1030 2319 1185 2346 causas
1217 2304 1443 2357 emigrare.
1508 2301 1715 2345 Nonnulli
1758 2315 1864 2354 quos

102 2369 190 2411 dixi
231 2370 316 2411 iam
350 2371 571 2413 columnas
604 2406 612 2414 .
646 2371 850 2412 dictitant
892 2384 964 2412 eos
1002 2370 1085 2411 huc
1117 2370 1256 2412 solere
1290 2383 1344 2411 ex
1376 2369 1473 2422 alijs
1505 2367 1706 2420 Collegijs
1738 2366 1864 2407 huius

219 2446 247 2476 a)
269 2445 382 2476 Questa
401 2449 515 2477 antoyr.
600 2445 631 2477 b)
652 2446 791 2477 Sequitur
811 2445 849 2477 la,
869 2454 886 2470 (ι
907 2446 940 2470 L.
961 2445 1050 2469 oblitt.
1137 2446 1162 2475 c)
1183 2446 1244 2469 Hoc:
1264 2452 1288 2469 v.
1309 2452 1326 2469 α
1346 2445 1379 2469 L.
1399 2451 1492 2474 supra.
1519 2450 1633 2466 versum
1652 2441 1794 2472 scriptum
1813 2443 1863 2466 est.

102 2485 132 2517 d)
152 2488 177 2511 Α
199 2487 224 2511 L
242 2495 316 2511 corr.
337 2495 372 2511 er.
391 2488 637 2513 consentaneam.
716 2490 742 2515 e)
763 2489 788 2512 A
809 2488 841 2511 L.
862 2495 936 2512 corr.
956 2495 992 2511 esc
1012 2485 1148 2511 alienam.
1228 2485 1250 2517 s)
1272 2487 1298 2510 A
1319 2487 1352 2510 L.
1372 2493 1446 2509 corr.
1466 2492 1503 2508 ex
1522 2482 1698 2508 Mirabatur.
1777 2483 1807 2514 g)
1828 2483 1864 2506 In

102 2531 213 2559 (ctctoyr.
234 2529 367 2559 sequitur
387 2530 512 2554 alterum
536 2529 574 2554 in.
647 2528 679 2561 h)
700 2535 802 2553 rerum
822 2532 935 2559 autom.

223 2624 233 2644 ¹
259 2623 298 2657 P.
325 2625 477 2658 Ioannes
503 2625 678 2658 Polanczcs
713 2623 902 2657 Societatis
937 2622 1154 2657 secretarius
1191 2621 1362 2655 mandatu
1396 2620 1548 2663 Borgiae
1584 2618 1716 2652 Lanoio
1751 2617 1864 2651 Roma

102 2676 133 2709 8.
161 2676 375 2711 Novembris
405 2677 492 2711 1567
520 2677 570 2711 ita
597 2678 640 2710 ad
666 2677 757 2710 haec
782 2676 1016 2720 *rescripsit:
1055 2676 1121 2718 „Se
1147 2675 1176 2709 si
1203 2677 1306 2708 troua
1333 2674 1564 2707 fundamento
1591 2671 1625 2704 di
1652 2671 1771 2715 quello
1797 2670 1863 2704 che

100 2728 143 2763 V.
164 2730 204 2763 R.
232 2731 348 2763 scriue
375 2730 485 2764 hauer
511 2731 610 2764 udito
637 2730 752 2771 d'uno,
779 2729 844 2763 che
871 2729 965 2763 disse
991 2730 1122 2774 poteua
1148 2730 1168 2762 a
1194 2739 1259 2762 sua
1285 2729 1388 2772 posta
1414 2725 1568 2770 pai-tirsi,
1601 2725 1773 2758 conuerr‘a
1800 2724 1864 2757 dar

102 2782 201 2815 auiso
227 2782 442 2826 particolare
469 2783 503 2817 al
521 2784 560 2818 P.
580 2782 806 2817 Prouinciale
833 2785 868 2816 et
887 2782 999 2816 anche
1026 2784 1096 2826 qua
1122 2783 1143 2814 3
1160 2781 1203 2815 N.
1223 2781 1358 2814 Padre“
1385 2779 1445 2823 (ex
1463 2790 1585 2823 apogr.
1605 2777 1716 2811 eiusd.
1735 2779 1860 2821 temp.;

106 2834 245 2876 „Gernr
266 2836 327 2868 67“
359 2836 383 2869 f.
404 2837 492 2880 78²¹).

221 2888 233 2907 2
264 2889 388 2928 „quta
427 2890 575 2932 uulgare
610 2889 836 2934 prouerbium
872 2888 966 2922 malo
1001 2888 1137 2921 arboris
1178 2887 1268 2921 nodo
1307 2885 1423 2920 malus
1462 2895 1594 2919 cuneus
1627 2882 1862 2927 requirendus

103 2940 200 2973 est“:
237 2941 272 2974 S.
301 2942 561 2985 Ηίυνοηῃηιιις,
598 2942 661 2986 Ep.
698 2943 742 2976 69
781 2942 885 2984 (alias
921 2941 982 2984 83)
1018 2953 1050 2975 n.
1079 2941 1099 2974 5
1153 2939 1203 2983 (S.
1241 2939 1383 2973 Eusebii
1419 2937 1627 2981 Hieronymi
1665 2934 1862 2980 Epistulae,

102 2993 192 3026 Pars
219 2992 243 3031 Ι,
277 2993 328 3026 ed.
357 2996 484 3028 lsidor.
514 2996 671 3039 Hilberq,
698 2993 1088 3039 vindobonae-Lipsiae
1118 2993 1207 3028 1910
1234 2991 1352 3037 [Corp.
1373 2990 1517 3035 Scriptt.
1543 2989 1638 3024 Eccl.
1659 2989 1735 3022 Lat.
1755 2986 1859 3031 LIV],

103 3046 181 3079 686.
233 3046 363 3088 Illique,
395 3047 429 3079 l‘.
458 3047 518 3080 lat.
546 3047 645 3081 XXII
674 3048 770 3090 657).

224 3099 236 3118 ³
263 3097 328 3131 Gal
356 3098 385 3139 2,
413 3099 444 3132 9.
