2044 3335
691 118 839 163 Dilinga
865 119 922 154 29.
942 117 1164 164 Septembris
1193 117 1294 152 1567.
1821 119 1875 159 73

103 238 460 293 pestilentissime
493 238 536 279 in
569 241 693 291 gran'
717 237 980 292 pregiuditio
1015 237 1131 279 della
1157 238 1285 278 santa
1307 236 1417 278 Sede
1440 229 1695 290 apostolica.
1740 235 1877 277 Credo

104 304 183 346 che
223 304 386 345 nissun'
429 303 542 345 altro
586 302 687 344 delli
729 303 908 345 heretici
942 302 1044 344 vadi
1075 302 1148 356 piu
1183 301 1522 355 perseguitando
1555 300 1598 342 13
1632 300 1801 353 dignita
1834 302 1878 341 et

105 368 249 411 verita
282 368 398 410 della
430 367 575 409 chiesa
597 367 808 419 Romana,
844 370 1007 421 quanto
1040 366 1192 409 costui.
1236 366 1321 407 Per
1343 366 1370 407 l'
1389 368 1524 408 amor’
1548 365 1589 407 di
1612 365 1695 407 Dio
1718 365 1770 407 V.
1795 365 1877 406 Pa-

102 433 267 476 ternita
307 447 392 475 non
425 432 597 474 manchi
629 447 708 486 per
741 447 911 474 omnem
944 432 1215 474 occasionem
1251 431 1291 472 di
1324 434 1541 473 mostrare
1572 431 1614 472 le
1647 429 1776 483 bugie
1809 429 1876 471 del

103 499 225 542 detto
257 497 430 548 Illirico,
474 500 516 539 et
560 497 660 539 falsi
698 497 970 539 fondamenti
1012 497 1090 539 che
1123 496 1244 538 suole
1275 509 1437 550 ponere
1468 496 1511 537 in
1545 495 1610 537 sui
1642 495 1754 545 libri,
1798 508 1877 536 con

104 563 291 606 mirabili
322 562 467 605 fraudi
501 565 545 604 et
577 563 724 613 colori,
761 565 809 604 ut
842 562 974 604 etiam
1008 561 1124 604 docti
1155 561 1197 602 in
1233 575 1422 602 errorem
1456 560 1688 614 aliquando
1711 559 1880 614 possint

102 628 243 670 induci
259 629 286 670 1.
330 628 471 682 Prego
503 628 533 669 il
558 627 715 681 Signor
736 627 818 669 Dio
852 628 931 670 0110
964 627 1156 669 00110οᾱ3
1188 626 1334 680 gratia
1367 629 1412 668 et
1444 640 1644 668 successo
1678 625 1720 667 al
1750 627 1893 667 santo·

102 694 194 736 zelo
229 694 270 736 di
294 694 346 736 V.
371 693 598 736 Paternita
630 707 708 747 per
742 692 964 735 difendere
987 693 1030 734 la
1052 692 1219 743 Chiesa,
1255 694 1298 733 et
1325 692 1519 734 autorita
1542 691 1582 732 di
1607 692 1693 733 San
1716 689 1877 739 Pietro,

102 761 147 801 et
178 758 272 801 suoi
304 758 558 808 successori,
593 760 636 800 et
670 772 831 800 ancora
864 757 907 799 di
939 758 1030 799 dar’
1056 758 1098 799 la
1121 757 1217 799 luce
1244 757 1330 799 alle
1354 770 1453 798 cose
1475 759 1600 799 tanto
1623 755 1878 810 importanti

105 824 218 866 delle
251 823 445 866 Historie
487 823 825 866 ecclesiastiche.

221 889 268 931 Io
312 888 546 931 volontieri
591 888 650 930 mi
694 888 889 930 sforzaro
935 901 1014 930 con
1059 887 1088 930 li
1133 887 1273 929 nostri
1316 886 1482 929 fratelli
1530 885 1571 928 di
1620 885 1785 928 servire
1834 887 1879 927 et

103 954 360 997 satisfacere
393 957 419 996 3
452 954 504 997 V.
532 953 762 996 Paternita
794 953 860 996 sia
891 967 969 1005 per
1000 952 1200 995 rivedere
1234 953 1388 994 alcune
1421 965 1564 1006 opere,
1599 954 1622 993 0
1655 965 1733 1005 per
1765 950 1879 992 altro

102 1033 180 1062 suo
213 1019 392 1062 servitio
426 1019 504 1061 che
536 1021 665 1073 potra
698 1019 753 1061 da
786 1033 854 1060 me
882 1018 1145 1061 desiderare.
1206 1018 1263 1060 Et
1296 1020 1459 1071 quanto
1492 1017 1578 1059 alle
1611 1016 1794 1071 epistole
1828 1016 1880 1057 de

102 1085 312 1127 Pontefici
344 1085 479 1127 molto
511 1084 570 1126 mi
601 1084 797 1138 piaceno,
832 1098 904 1125 ma
936 1084 1071 1127 molto
1105 1083 1211 1126 utile
1244 1083 1361 1125 saria
1390 1083 1469 1124 che
1491 1081 1656 1124 fussino
1680 1080 1880 1135 aggiunti

103 1164 264 1192 ancora
305 1150 446 1193 alcuni
489 1149 609 1191 scolii
653 1150 763 1191 dove
805 1150 848 1191 13
891 1149 1034 1191 verita
1076 1148 1290 1191 catholica
1323 1148 1357 1190 si
1392 1148 1613 1190 conferma
1656 1149 1809 1189 contra
1850 1145 1880 1187 li

102 1215 310 1259 Heretici.
374 1215 455 1257 Dio
488 1215 543 1258 N.
578 1215 762 1268 Signore
804 1214 869 1256 sia
907 1228 1077 1268 sempre
1110 1228 1190 1256 con
1222 1213 1291 1257 lei.
1355 1214 1410 1255 Di
1443 1213 1619 1266 Dilinga
1660 1213 1691 1254 li
1734 1214 1802 1254 29.
1838 1211 1879 1253 di

105 1281 343 1323 settembre
379 1281 506 1322 1567.
557 1305 613 1308 -
646 1305 703 1308 —e

223 1363 276 1405 Al
309 1364 444 1406 molto
477 1363 734 1406 Reuerendo
766 1363 810 1404 in
843 1362 1014 1405 Christo
1048 1365 1093 1405 et
1124 1361 1359 1404 Dottisimo
1392 1361 1534 1403 Padre
1562 1360 1742 1402 Onofrio
1765 1359 1878 1401 Pan-

103 1428 203 1470 vino
237 1428 458 1482 Theologo
492 1428 813 1483 Augustiniano
848 1427 999 1470 Amico
1032 1427 1117 1469 mio
1161 1426 1571 1470 observandissimo.
1644 1426 1693 1467 In
1726 1425 1877 1467 Roma.

199 1516 239 1550 Id
274 1516 369 1560 quod
403 1516 460 1550 his
494 1516 627 1550 litteris
654 1528 675 1550 a
702 1515 846 1550 Canisio
873 1515 1162 1549 commendatum
1189 1516 1244 1549 est
1270 1514 1459 1556 Panvinio‚
1495 1514 1618 1548 eodem
1646 1525 1738 1548 anno
1765 1513 1879 1546 eidem

104 1570 392 1604 commendatum
428 1572 485 1604 est
520 1570 628 1604 etiam
665 1570 709 1604 ab
736 1571 897 1604 Antonio
922 1571 1137 1614 Auqustino,
1175 1580 1246 1602 uno
1282 1580 1328 1602 cx
1363 1568 1595 1602 clarrissimis
1621 1567 1756 1601 saeculi
1784 1566 1880 1601 XVI.

102 1623 330 1668 iurisperitis‚
350 1624 411 1668 qui
430 1626 517 1658 tunc
535 1624 725 1669 episcopus
743 1623 934 1657 ilerdensis
955 1622 1131 1667 (Lerida),
1155 1624 1284 1667 postea
1302 1622 1596 1668 archiepiscopus
1614 1620 1881 1655 tarraconensis

103 1678 184 1712 fuit.
235 1677 291 1711 Ita
318 1677 411 1711 enim
439 1678 667 1721 Augustinus
694 1677 812 1711 Ilerda
842 1678 895 1711 11.
915 1676 1052 1722 Aprilis
1073 1677 1162 1710 1567
1193 1676 1389 1711 panvinio:
1430 1676 1505 1718 „Ho
1539 1675 1656 1709 inteso
1692 1674 1757 1708 che
1789 1674 1880 1708 siete

103 1731 174 1765 3110
191 1731 287 1765 mani
315 1731 432 1765 001110
451 1731 612 1766 centurie
631 1731 665 1765 di
685 1731 866 1771 Luterani,
894 1730 1074 1775 portatevi
1102 1730 1147 1764 da
1162 1730 1441 1771 Valenthuomo‚
1469 1741 1570 1763 come
1595 1731 1682 1769 sete,
1711 1740 1728 1762 e
1755 1730 1881 1761 mette-

101 1784 166 1818 teli
192 1784 203 1818 i
229 1785 324 1829 piedi
349 1787 456 1826 sotto,
484 1785 550 1819 che
576 1797 663 1819 sono
691 1785 876 1828 canaglia⁶‘
911 1783 1074 1827 (Antonii
1101 1783 1297 1827 Augustini
1324 1782 1585 1828 archiepiscopi
1616 1781 1881 1816 tarraconensis

103 1837 278 1882 epistolae
296 1838 431 1872 latinae
449 1841 486 1872 et
502 1838 658 1880 italicae,
677 1850 773 1872 nunc
791 1838 947 1883 primum
966 1838 1085 1872 editae
1105 1849 1125 1871 a
1140 1839 1276 1871 Ioanne
1291 1838 1483 1879 Androsio,
1499 1836 1651 1870 Parmae
1670 1836 1769 1875 1804,
1782 1833 1879 1878 386).

222 1891 438 1926 Panvinium
458 1904 479 1926 a
497 1892 690 1927 Societatis
708 1893 789 1926 Iesu
808 1891 1016 1926 hominibus
1042 1894 1119 1925 tum
1146 1891 1304 1924 romanis
1322 1892 1398 1924 tum
1417 1889 1601 1933 germanis
1620 1889 1783 1923 adiutum
1802 1900 1881 1923 esse

103 1944 329 1989 intellegitur
356 1946 464 1979 etiam
492 1958 536 1979 ex
569 1946 683 1980 variis
718 1945 801 1980 aliis
837 1945 1015 1990 epistulis.
1067 1944 1122 1978 Ita
1148 1946 1338 1978 Maternus
1367 1945 1539 1978 cholinus
1574 1942 1790 1977 coloniensis
1822 1941 1882 1975 ille

102 1998 354 2044 typographus
386 1999 418 2034 3.
437 1999 513 2033 Mai
542 2000 631 2034 1567
659 1999 810 2033 Romam
844 1999 889 2033 ad
916 1999 956 2033 P.
977 1999 1143 2032 loannem
1173 1998 1216 2032 de
1242 1998 1399 2032 Polanco
1427 1996 1620 2032 Societatis
1646 1996 1881 2030 secretarium

102 2052 272 2087 *litteras
297 2053 406 2095 misit,
434 2053 564 2097 quibus
591 2065 672 2087 eum
699 2053 890 2087 certiorem
916 2052 1109 2086 reddebat:
1136 2051 1302 2085 Platinae
1330 2051 1373 2085 de
1400 2051 1488 2085 vitis
1513 2050 1724 2095 pontificum
1750 2049 1880 2084 librum

105 2117 125 2139 a
151 2117 190 2140 se
217 2106 365 2147 excudi;
394 2109 539 2150 gratum
566 2109 688 2141 autem
714 2106 783 2141 sibi
809 2107 896 2148 fore,
924 2106 954 2140 si
984 2106 1037 2139 Pii
1061 2105 1122 2140 IV.
1144 2107 1180 2139 et
1198 2105 1253 2139 Pii
1271 2105 1315 2139 V.
1335 2105 1431 2139 vitas
1458 2104 1502 2138 iis
1528 2104 1723 2147 adiungere
1748 2105 1882 2147 posset.

110 2159 265 2204 „Scripsi
301 2172 364 2205 pro
399 2160 446 2206 ijs
481 2160 522 2195 D.
551 2160 736 2205 Onuphrio
772 2159 941 2205 panuinio
978 2159 1104 2200 isthic,
1140 2160 1201 2203 qui
1237 2159 1374 2203 recepit
1409 2169 1447 2192 se
1483 2158 1570 2191 mihi
1596 2157 1881 2191 satisfacturum.

103 2211 301 2256 Negocium
320 2213 388 2248 1100
405 2226 524 2248 meum
543 2225 714 2259 praecor.
728 2241 735 2248 .
749 2240 757 2248 .
772 2225 943 2259 promoue
963 2213 1058 2258 apud
1077 2213 1118 2247 D.
1132 2212 1379 2257 Onuphrium⁸⁴
1406 2211 1465 2255 (ex
1485 2213 1644 2254 autogr.;
1666 2210 1707 2245 G.
1721 2209 1882 2255 Ep.V1H

104 2266 129 2301 f.
149 2267 236 2307 276;
274 2267 320 2302 cf.
348 2268 503 2302 Schrb'rs
536 2268 559 2302 l.
587 2279 616 2302 c.
648 2268 743 2311 158).
795 2269 832 2302 S.
861 2269 1081 2301 Franccscus
1107 2267 1261 2310 Romans
1294 2266 1520 2311 praepositus
1555 2264 1735 2308 generalis
1770 2263 1883 2297 Roma

106 2320 161 2354 15.
180 2320 261 2354 Iulii
291 2321 379 2355 1567
409 2321 557 2355 Cholino
584 2321 819 2366 *rescripsit:
851 2320 1019 2363 „Patrem
1045 2319 1238 2354 Onufrium
1266 2319 1549 2353 conueniendum
1576 2318 1712 2357 curaui,
1738 2319 1779 2351 ut
1804 2317 1884 2351 mit-

105 2376 200 2408 teret
234 2374 277 2408 ad
313 2377 349 2408 te
385 2374 416 2408 si
453 2375 538 2418 quid
573 2374 731 2409 habebat
758 2375 801 2409 de
829 2375 883 2420 Pij
912 2373 1102 2408 Pontificis
1129 2374 1229 2408 JHJ.
1257 2375 1293 2407 et
1319 2373 1362 2407 de
1389 2373 1495 2406 huius
1523 2371 1577 2416 Pij
1606 2371 1660 2405 .V.
1686 2371 1762 2405 uita
1789 2371 1884 2415 quod

105 2427 271 2462 Platinae
305 2440 400 2462 nunc
435 2428 645 2463 excudendo
680 2429 885 2469 adderetur,
921 2428 985 2462 sed
1012 2427 1073 2461 ille
1099 2439 1137 2461 se
1164 2427 1235 2460 iam
1262 2426 1375 2461 semel
1402 2429 1510 2470 atque
1536 2425 1667 2459 iterum
1694 2425 1883 2469 scripsisse

106 2491 148 2514 ea
175 2481 218 2515 de
244 2493 281 2515 re
308 2481 550 2525 significauit,
588 2484 624 2516 et
653 2493 750 2516 nunc
782 2481 890 2516 etiam
917 2481 1139 2526 scripturum
1165 2480 1321 2524 recepit;
1358 2481 1388 2513 si
1416 2479 1458 2513 ad
1486 2490 1543 2513 nie
1568 2478 1710 2512 litteras
1735 2477 1885 2519 miserit,

105 2533 151 2579 ijs
186 2534 401 2578 adiungam“
442 2535 503 2579 (ex
539 2547 664 2580 apogr.
698 2535 810 2570 eiusd.
846 2537 977 2580 temp.;
1017 2534 1135 2569 Germ.
1165 2535 1208 2568 67
1246 2533 1270 2568 f.
1296 2533 1377 2573 47³3
1416 2532 1461 2566 cf.
1490 2533 1644 2566 Schriirs
1678 2531 1700 2565 1.
1728 2543 1757 2566 c.
1787 2530 1883 2574 158).

107 2587 245 2622 Prodiit
279 2588 423 2623 tandem
458 2588 569 2624 liber:
610 2589 791 2632 „Historia
828 2589 866 2623 B.
894 2589 1061 2622 Platinae
1100 2588 1143 2621 de
1178 2587 1265 2621 vitis
1301 2586 1516 2620 Pontificum
1550 2586 1793 2619 Romanorum
1820 2611 1827 2618 .
1849 2612 1855 2619 .
1877 2611 1884 2618 .

106 2640 212 2685 longe
247 2653 355 2686 quam
391 2644 497 2676 antea
537 2642 768 2683 emendatior,
805 2642 1168 2685 doctissimarumque
1203 2640 1476 2674 annotationum
1514 2638 1691 2684 Onuphrii
1718 2638 1886 2672 Panvinii

106 2695 313 2729 accessione
339 2707 435 2730 nunc
458 2696 635 2730 illustrior
654 2696 806 2730 reddita.
834 2695 910 2736 Cui,
929 2695 1088 2740 ejusdem
1110 2694 1287 2739 Onuphrii
1312 2695 1482 2728 accurata
1508 2695 1617 2737 atque
1643 2692 1740 2726 fideli
1767 2703 1884 2737 opera,

107 2747 328 2792 reliquorum
356 2760 498 2793 quoque
516 2749 734 2784 Pontificum
763 2749 870 2790 vitae,
898 2760 1014 2793 usque
1041 2748 1083 2782 ad
1112 2747 1216 2782 Pium
1235 2747 1279 2781 V.
1300 2746 1513 2781 Pontificem
1531 2746 1629 2780 Max.
1648 2757 1742 2779 nunc
1760 2756 1886 2779 recens

107 2801 299 2846 adjunctae
321 2805 430 2837 sunt.
482 2803 649 2837 Accessit
684 2803 807 2837 eodem
840 2802 948 2836 etiam
976 2804 1133 2839 auctore,
1160 2801 1402 2835 Romanorum
1429 2800 1645 2834 Pontificum
1673 2798 1885 2839 Chronicon,

108 2855 212 2899 longe
239 2867 348 2900 quam
375 2859 482 2890 antea
509 2857 736 2891 emendatius
762 2858 872 2900 atque
899 2855 1125 2900 completius.
1176 2854 1259 2888 Alia
1295 2865 1435 2898 quoque
1462 2865 1543 2888 cum
1570 2852 1685 2898 ipsius
1710 2852 1886 2892 Platinae,

109 2974 242 2997 annum
278 2963 373 2997 enim
412 2964 503 2998 1570
537 2963 754 2998 Frauciscus
792 2964 952 2997 Buratus
987 2962 1196 2996 canonistas
1232 2961 1298 3003 22,
1333 2960 1561 3006 iurisperitos
1597 2960 1640 2994 73
1676 2958 1886 2993 nominatim

107 3016 300 3057 recensuit,
325 3017 386 3060 qui
405 3028 484 3051 earn
502 3029 627 3051 veram
645 3017 822 3051 haberent
843 3016 936 3059 (Jos.
956 3016 1236 3060 Herymzruthm,
1255 3014 1492 3049 Katholische
1511 3013 1644 3048 Kirche
1670 3012 1740 3046 und
1761 3012 1888 3046 christ-

108 3068 222 3104 licher
248 3069 350 3104 Staat
376 3070 402 3111 I,
430 3071 606 3114 Freiburg
633 3071 655 3105 i.
683 3071 741 3105 ΒΓ.
771 3070 874 3112 1872,
901 3069 1000 3113 371).

234 3123 244 3142 ¹
272 3123 326 3158 Cf.
353 3124 408 3157 Mt
432 3124 489 3164 24,
516 3124 572 3159 24.
