2044 3335
631 84 725 119 Mon.
755 84 845 119 1052
872 84 947 118 sive
974 84 1042 118 litt.
1065 84 1155 128 (47).
1202 84 1304 119 1571.
1765 86 1848 127 705

77 199 221 242 signore
240 200 274 233 di
294 199 496 233 Mandelot“
519 199 758 244 gubernatore
776 200 784 219 ¹
803 210 918 243 neque
936 211 956 233 a
975 198 1160 244 praeclaro
1179 199 1239 233 illo
1262 199 1491 241 „Monsignor
1508 197 1661 232 Michele
1679 198 1845 233 Arciero“

78 252 252 297 praeside.
297 253 480 287 Summum
501 255 621 287 autem
647 252 852 298 pontificem
872 264 951 286 esse
970 252 1207 294 infallibilem,
1236 257 1272 286 et
1289 252 1393 286 fidem
1413 251 1626 286 catholicam
1646 251 1690 286 ab
1709 254 1849 296 aposto-

78 305 192 339 lorum
219 305 381 340 doctriua
408 308 521 340 ortam
550 317 647 346 esse3
684 305 718 339 id
746 305 887 349 probari
915 317 959 339 ex
989 307 1135 349 „questo
1161 306 1280 345 breue,
1307 316 1365 338 ma
1391 304 1593 338 dottissimo
1621 304 1847 339 Catechismo

78 361 261 403 composto
287 359 387 392 molti
415 359 499 393 anni
525 370 611 393 sono
638 358 696 392 dal
723 358 924 392 dottissimo
951 361 987 392 et
1012 358 1053 393 R.
1073 358 1189 392 Padre
1216 358 1265 392 M.
1286 358 1413 391 Piedro
1441 357 1594 399 Canisio,
1629 357 1758 392 huomo
1785 357 1850 392 che

78 423 144 446 con
170 411 204 446 la
233 424 319 446 voce
346 412 391 446 ha
417 412 598 446 illustrato
623 412 656 446 le
684 411 829 445 tenebre
855 411 927 445 alla
946 411 1148 452 Germania,
1176 414 1212 445 et
1238 423 1303 445 con
1329 411 1362 445 la
1390 422 1506 455 penna
1532 413 1550 444 e
1576 413 1672 445 stato
1699 413 1734 445 et
1760 413 1778 444 e
1802 423 1847 445 vn

79 476 168 507 gran
194 464 288 499 lume
315 465 409 499 della
428 465 567 505 chiesa;
595 477 665 499 non
684 467 702 498 e
720 464 1024 509 stampatohora,
1052 476 1109 498 ma
1125 455 1228 498 inolti
1255 463 1336 498 anni
1365 475 1460 504 sono,
1487 475 1557 497 non
1583 476 1650 509 pur
1668 464 1703 497 in
1724 463 1848 507 lingua

79 517 242 559 italiana,
278 530 336 552 ma
363 518 503 559 Latina,
532 519 718 558 Francese,
755 517 947 562 Spagnola,
974 518 1127 561 Inglese‚
1155 517 1358 558 Fiandrese,
1387 516 1575 557 Germana,
1603 520 1639 551 et
1664 517 1851 552 Polona.“2

197 571 252 605 Ita
279 571 489 612 Chariteus;
525 572 583 616 qui
611 573 689 605 erat
716 570 860 605 Ordinis
889 570 1127 605 Eremitaruni
1154 570 1187 604 S.
1215 570 1421 612 Augustini,
1458 570 1663 614 provinciae
1691 570 1849 615 pisanae,

78 624 237 658 coenobii
264 624 386 659 Sancti
413 624 568 669 Spiritus
593 624 773 658 florentini
803 624 853 665 (J.
881 625 923 658 F.
956 625 1120 668 Ossiayer
1147 623 1187 657 O.
1208 623 1266 657 Er.
1287 623 1322 657 S.
1347 623 1452 666 Aug„
1479 623 1701 657 Bibliotheca
1727 624 1850 667 Augu-

77 677 245 719 stiniana,
281 677 491 721 ingolstadii
527 680 563 712 et
595 679 783 720 Augustae
809 677 1077 711 Vindelicorum
1107 677 1208 717 1768,
1245 676 1344 718 228).
1396 676 1495 718 Quod
1531 678 1650 710 autem
1685 677 1730 711 ad
1756 677 1850 711 hunc

78 730 240 764 libellum
274 731 497 775 praefatione
537 730 735 772 „Charitei“
774 730 952 764 munitum
987 730 1127 770 attinet,
1163 729 1229 763 hoc
1264 729 1372 763 facile
1407 731 1527 773 patet:
1566 730 1602 763 in
1639 742 1678 763 eo
1715 730 1850 764 edendo

82 782 117 817 P.
145 783 291 817 Antonii
317 783 506 817 Possevini
532 785 566 818 S.
595 784 627 818 J.
655 795 798 828 operam
826 784 1083 823 intervenisse,
1120 794 1203 817 nam
1230 785 1382 823 constat,
1415 782 1663 824 possevinum,
1699 794 1730 817 a.
1761 784 1849 818 1570

78 840 252 870 rectorem
287 836 430 879 collegii
465 836 700 880 lugdunensis
732 837 976 878 constitutum,
1012 836 1273 870 mercatoribus
1308 835 1406 870 italis
1437 836 1601 878 Lugduni
1637 836 1850 880 degentibus

77 901 186 934 saepe
213 889 457 924 contionatum
485 901 573 930 esse,
600 890 737 934 hosque
757 891 832 924 eius
851 890 1034 924 contiones
1061 890 1153 924 tanti
1179 889 1319 930 fecisse,
1346 891 1396 930 ut,
1424 900 1504 922 cum
1524 889 1761 924 Possevinum
1779 890 1849 924 alio

78 943 289 977 arcessitum
317 943 360 976 iri
387 943 622 983 audivissent,
649 955 712 987 per
738 943 878 977 litteras
904 956 925 977 a
952 943 986 977 S.
1010 943 1073 977 Pio
1092 943 1134 977 V.
1162 942 1409 987 impetrarent,
1436 945 1476 976 ut
1501 944 1672 976 autumno
1699 955 1730 977 a.
1759 943 1846 978 1571

80 996 300 1030 Possevinus
326 996 510 1030 iuberetur
536 996 701 1040 Lugduni
726 1008 870 1030 manere
900 996 1123 1039 (Sacchinus,
1160 996 1254 1030 Hist.
1281 996 1315 1029 S.
1343 996 1369 1029 1.
1397 995 1458 1034 IlIv
1486 995 1508 1029 l.
1537 996 1567 1037 7,
1594 1007 1627 1030 n.
1655 996 1719 1035 93;
1756 998 1849 1030 Fou-

77 1062 213 1094 qzceray
238 1050 260 1084 1.
289 1061 317 1084 c.
344 1050 360 1083 Ι
388 1050 496 1093 549);
532 1052 672 1084 constat
707 1062 858 1094 quoque,
894 1050 1133 1085 Possevinum
1170 1049 1408 1083 catechismos
1436 1048 1569 1083 Canisii
1595 1050 1717 1092 magni
1744 1050 1849 1084 aesti-

77 1115 197 1137 masse
232 1106 267 1137 et
302 1115 364 1147 per
395 1103 609 1137 Sabaudiam
638 1103 864 1148 Galliamque
900 1104 1092 1147 diligenter
1128 1103 1383 1137 disseminasse
1421 1102 1526 1145 (Can.
1554 1102 1605 1136 111
1642 1103 1849 1143 778*—779;

77 1157 127 1190 IV
157 1157 407 1197 1009—1012;
444 1156 476 1190 V
508 1157 714 1196 798—801;
752 1158 968 1201 Fouqneray
994 1156 1016 1191 l.
1044 1169 1073 1191 c.
1100 1156 1115 1189 I
1144 1157 1210 1190 543
1244 1156 1332 1196 547:
1370 1157 1412 1189 L.
1441 1157 1658 1200 Karttmzen,
1694 1157 1848 1190 Antonio

79 1210 287 1250 Possevino,
316 1209 504 1244 Lausanne
533 1210 634 1251 1908,
661 1211 725 1250 42:
755 1213 790 1244 et
808 1211 853 1244 cf.
873 1222 982 1255 supra
1000 1222 1032 1255 p.
1053 1210 1150 1253 698).
1190 1209 1271 1254 Ipse
1299 1211 1417 1243 autem
1439 1210 1648 1243 Possevimcs
1674 1209 1709 1243 in
1732 1212 1849 1252 „ffAn-

78 1263 236 1297 milibus*
269 1263 319 1306 (V.
356 1275 466 1308 supra
502 1275 533 1308 p.
563 1264 659 1306 697),
696 1263 837 1297 Decade
873 1265 997 1308 prima,
1033 1263 1055 1297 l.
1084 1263 1115 1304 3,
1151 1275 1180 1297 c.
1212 1263 1253 1297 10
1283 1266 1426 1297 narrat:
1468 1262 1701 1306 „Lugdunum
1736 1263 1850 1298 Italus

77 1316 368 1360 Augustinianus
394 1316 593 1351 Monachus
619 1319 769 1350 uenerat
803 1329 913 1360 seque
948 1317 1065 1362 ipsum
1099 1319 1136 1350 et
1161 1316 1272 1350 Italos
1299 1316 1350 1350 sic
1377 1316 1556 1356 turbabat,
1593 1320 1632 1350 ut
1658 1317 1753 1350 iacta
1778 1317 1850 1351 iam

78 1370 172 1411 fidei,
198 1370 421 1415 pietatisque
447 1370 682 1404 fundamenta
701 1372 828 1404 nutare
854 1382 960 1415 posse
978 1370 1196 1404 uiderentur.
1218 1397 1225 1404 .
1246 1397 1252 1404 .
1271 1397 1277 1404 .
1305 1369 1404 1411 Quod
1424 1370 1467 1403 ad
1496 1370 1693 1414 periculum
1717 1370 1760 1404 ab
1779 1371 1851 1404 Au-

78 1424 285 1467 gustiniano
312 1424 502 1458 imminens
528 1423 767 1458 amoliendum
794 1424 1007 1469 pertinebat,
1044 1425 1161 1457 uisum
1188 1426 1244 1457 est
1270 1423 1450 1468 expedire,
1478 1426 1517 1456 ut
1543 1423 1573 1458 is
1600 1424 1636 1457 in
1663 1424 1850 1458 Posseuini

78 1477 367 1511 familiaritatem
403 1477 618 1519 alliceretur,
655 1477 808 1512 allectus
843 1477 985 1511 uinculo
1012 1477 1132 1521 aliquo
1159 1477 1454 1519 obstringeretur,
1492 1481 1532 1510 ut
1567 1477 1597 1511 si
1635 1479 1756 1511 tamen
1793 1478 1849 1511 de-

78 1531 260 1564 laberetur
286 1531 330 1565 ad
357 1530 597 1571 Caluinianos,
637 1530 703 1573 (uti
739 1531 835 1572 fecit,
872 1533 908 1565 et
942 1533 1067 1576 postea
1093 1530 1214 1576 redijt)
1245 1533 1351 1571 esset,
1388 1542 1457 1574 quo
1485 1530 1561 1564 eius
1588 1533 1774 1565 notaretur
1800 1531 1849 1565 in-

76 1584 290 1625 constantia,
319 1586 355 1618 et
380 1584 472 1629 apud
502 1585 693 1618 Auditores
721 1585 922 1628 decoquens
940 1584 1055 1618 redire
1074 1596 1142 1617 non
1162 1584 1334 1617 audereta
1350 1583 1577 1626 Lugdunum.
1618 1583 1790 1629 Proponit
1817 1584 1849 1618 ei

78 1637 297 1672 Posseuinus
331 1649 370 1672 se
404 1639 577 1672 statuisse
605 1637 737 1682 Canisij
766 1637 1043 1678 Catechismum,
1079 1649 1141 1682 pro
1169 1637 1278 1671 Jtalis
1305 1637 1436 1671 Jtalice
1463 1640 1616 1678 uertere,
1655 1639 1689 1671 et
1725 1649 1850 1672 curare

75 1691 272 1725 edendum:
308 1691 487 1734 dignitati,
525 1703 566 1725 ac
601 1691 719 1725 decori
747 1691 1010 1734 Augustiniano
1045 1691 1217 1731 futurum,
1253 1690 1284 1724 si
1319 1690 1479 1724 libellum
1516 1691 1611 1724 hunc
1637 1691 1714 1735 ipse
1741 1691 1851 1726 Jtalis

76 1744 252 1779 dedicetb.
311 1745 504 1779 Facturum
541 1756 579 1778 se
605 1745 797 1789 respondet
834 1745 957 1789 sicque
985 1744 1180 1789 Epistolam
1218 1744 1484 1789 praefigendam
1522 1744 1642 1778 libello
1670 1745 1802 1790 accipit
1829 1757 1849 1779 a

78 1798 284 1832 Posseuino.
335 1799 381 1832 Jn
407 1810 449 1832 ea
475 1798 607 1832 mentio
635 1798 832 1832 catholicae
867 1798 949 1832 fidei
986 1798 1036 1832 ita
1072 1798 1279 1839 habebatur,
1316 1800 1355 1831 ut
1381 1799 1523 1832 unicam
1551 1809 1630 1832 esse
1658 1801 1841 1833 constaret

78 1863 148 1896 qua
174 1851 337 1886 saluandi
364 1863 486 1886 omnes
513 1863 647 1892 sumus,
684 1863 794 1896 seque
821 1851 864 1885 ad
892 1854 1041 1885 mortem
1069 1863 1183 1895 usque
1210 1863 1273 1896 pro
1300 1851 1367 1885 hac
1393 1854 1649 1896 pugnaturum.
1701 1852 1851 1887 Jnterea

78 1917 159 1939 cum
186 1906 241 1939 uir
266 1905 450 1950 improbus
476 1905 650 1939 mouisset
676 1917 815 1939 omnem
842 1905 1008 1950 lapidem,
1037 1917 1105 1949 quo
1130 1905 1311 1939 Geneuam
1332 1905 1621 1948 Augustinianus
1648 1906 1849 1950 aufugeret,

77 1959 113 1993 id
140 1960 268 2004 ipsum,
295 1959 376 1993 dato
404 1959 434 1992 ei
462 1959 638 2002 gradario,
665 1961 854 1993 assecutus
882 1961 947 1993 est.
987 1958 1058 1993 Jlle
1085 1959 1168 1992 dum
1195 1959 1298 2003 quasi
1325 1959 1361 1992 in
1386 1959 1565 1993 nouitiatu
1590 1971 1610 1993 a
1630 1959 1851 1994 Caluini-anis

79 2012 235 2046 traditur
260 2012 400 2046 mulieri
427 2012 679 2053 instituendus,
707 2012 913 2055 Theologus
940 2012 1025 2046 licet
1050 2012 1190 2054 fuisset,
1218 2012 1335 2056 coepit
1361 2014 1397 2046 et
1424 2012 1617 2046 amicorum
1645 2013 1787 2054 litteris,
1815 2016 1851 2047 et

77 2065 230 2110 epistola
264 2077 329 2099 sua
357 2065 490 2111 Canisij
527 2066 744 2100 catechismo
776 2066 958 2110 praefixac
985 2077 1076 2109 quae
1104 2066 1138 2099 in
1169 2065 1334 2100 manibus
1362 2065 1629 2100 Catholicorum
1656 2067 1848 2108 terebatur,

77 2119 196 2153 uictus
221 2119 306 2153 item
333 2119 452 2153 taedio
472 2118 703 2153 Caluinianae
722 2119 940 2164 Tyrannidis
966 2120 1188 2164 resipiscere.
1230 2119 1434 2153 Reuocatus
1460 2120 1571 2163 igitur
1597 2121 1770 2154 remissus
1796 2124 1852 2155 est

77 2173 113 2206 in
140 2172 313 2207 Jtaliamd
339 2184 408 2206 non
435 2173 512 2207 sine
539 2173 711 2207 dedecore
738 2185 870 2214 eorum,
908 2173 968 2217 qui
997 2173 1112 2218 ipsum
1139 2173 1376 2215 lactauerant,
1414 2173 1512 2207 obice
1539 2176 1660 2208 autem
1685 2175 1850 2209 submoto

76 2239 97 2260 a
124 2226 254 2260 Diuina
289 2227 448 2268 dextera,
485 2238 576 2270 quae
602 2227 697 2261 istud
735 2227 915 2261 hominum
954 2238 1068 2270 genus
1094 2227 1200 2261 facile
1228 2227 1399 2261 eradicat.
1451 2227 1540 2261 Tum
1569 2228 1789 2262 Posseuinus
1814 2228 1850 2262 in

77 2280 175 2314 Aede
193 2280 547 2324 Augustinianorum,
574 2292 645 2324 qua
664 2281 844 2314 Lucenses
863 2280 951 2315 Jtali
970 2281 1172 2323 utebantur,
1199 2282 1235 2315 et
1257 2281 1299 2314 ad
1328 2292 1434 2324 quam
1454 2281 1583 2325 reliqui
1610 2282 1849 2323 confluebant,

78 2336 237 2378 tempore
256 2334 443 2368 Aduentus
462 2334 615 2368 Jtalicas
641 2334 767 2368 habuit
793 2335 991 2376 conciones,
1019 2338 1058 2368 ut
1084 2346 1231 2379 prorsus
1255 2334 1383 2375 labem,
1411 2346 1503 2379 quae
1522 2335 1565 2369 ab
1585 2336 1849 2379 Augustiniano

78 2388 196 2422 fuerat
222 2399 380 2432 aspersa,
408 2399 453 2421 ex
480 2399 601 2421 eorum
628 2388 756 2421 animis
784 2388 977 2422 eximeret“
1011 2388 1110 2431 (cod.
1135 2388 1242 2430 „297“
1268 2401 1299 2432 p.
1324 2389 1528 2429 144—1453
1555 2389 1745 2423 Possevini
1771 2402 1849 2424 nar-

78 2442 252 2476 rationem
280 2453 325 2474 ex
352 2440 474 2475 eodem
503 2440 630 2475 Codice
657 2441 816 2475 breviter
842 2441 1050 2486 complexus
1077 2444 1132 2475 est
1158 2442 1236 2475 Fen
1262 2442 1285 2475 l.
1311 2453 1340 2477 e.
1370 2441 1417 2485 [v.
1445 2454 1553 2487 supra
1580 2455 1612 2487 p.
1640 2443 1722 2487 697]
1750 2443 1848 2487 314).

197 2494 279 2528 Vidi
305 2494 386 2528 libri
413 2494 615 2539 exemplum
643 2494 822 2528 Monachii
850 2496 885 2529 in
912 2495 1129 2529 bibliotheca
1156 2495 1256 2538 regia
1285 2494 1446 2538 (Catech.
1475 2496 1562 2539 86.).
1620 2496 1726 2530 Liber
1756 2497 1850 2541 Lug-

77 2549 162 2582 duni
198 2559 339 2592 quoque
367 2548 402 2581 in
438 2547 654 2582 bibliotheca
681 2548 824 2592 publica
851 2550 983 2582 exstat.
1035 2547 1121 2582 Eius
1147 2549 1364 2582 mentionem
1392 2548 1556 2583 fecerunt
1583 2550 1849 2595 Sommerae’oyel,

79 2601 168 2636 Bibl.
198 2601 247 2635 VI
278 2601 367 2636 1064
398 2601 471 2643 (ubi
498 2613 561 2646 pro
591 2601 732 2643 „Lima“
763 2601 954 2645 legendum
981 2604 1037 2635 est
1068 2602 1247 2645 „Lione“J,
1276 2605 1312 2636 et
1337 2603 1415 2636 Fen
1440 2602 1463 2636 l.
1491 2614 1519 2636 c.
1548 2603 1644 2637 314³.

197 2672 224 2701 a)
244 2672 292 2696 Ita
312 2671 342 2696 *in
365 2671 430 2696 Cod.
451 2674 609 2696 correctum
630 2675 671 2696 est
691 2679 726 2696 ear
746 2678 806 2696 non
827 2670 953 2696 auderet
973 2671 1081 2697 redire.
1138 2672 1167 2703 b)
1189 2674 1236 2697 Ita
1250 2673 1396 2698 librarius
1409 2674 1539 2698 cort-emit
1553 2682 1588 2698 ea·
1602 2673 1690 2699 dicet.
1748 2675 1774 2706 c)
1790 2676 1850 2700 Hoc

78 2721 102 2738 ι’.
123 2722 140 2737 a
161 2713 227 2738 libr.
247 2720 340 2744 supra
361 2720 475 2737 versum
495 2714 634 2744 scriptum
657 2716 706 2738 est.
782 2712 811 2744 d)
832 2714 897 2738 Duo
919 2722 959 2738 vv.
979 2722 1038 2745 sqq.
1059 2722 1146 2738 mann
1168 2715 1228 2739 alia
1248 2722 1340 2746 supra
1363 2723 1475 2739 versum
1496 2716 1607 2746 scripta
1627 2720 1702 2741 sunt.

201 2809 209 2827 ¹
240 2807 287 2841 De
314 2807 505 2842 Francisco
533 2808 574 2842 de
601 2808 785 2842 Mandelot
812 2821 845 2843 v.
875 2810 1099 2853 Sacchamcm,
1127 2809 1220 2844 Hist.
1248 2810 1283 2844 S.
1308 2810 1334 2844 Ι.
1363 2811 1423 2851 III,
1450 2810 1472 2844 l.
1503 2811 1531 2852 1,
1559 2823 1591 2846 n.
1619 2812 1664 2847 20
1691 2814 1727 2846 et
1753 2813 1850 2847 Fou-

79 2873 215 2905 queray
242 2861 263 2895 l.
292 2872 320 2894 c.
348 2861 363 2894 I
390 2862 459 2895 463
485 2861 554 2895 469
580 2862 780 2896 472—474.

198 2915 210 2934 2
236 2914 328 2948 Addi
365 2917 507 2959 poterat
536 2915 654 2949 versio
690 2915 906 2958 hungarica;
945 2916 986 2949 de
1014 2927 1083 2960 qua
1114 2917 1198 2950 Can..
1227 2916 1279 2950 Ill
1306 2917 1394 2958 789;
1432 2919 1613 2952 caeterum
1646 2919 1702 2954 his
1729 2921 1850 2954 verbis

79 2967 213 3001 Canisii
246 2967 488 3002 catechismus
520 2968 599 3002 sive
625 2968 738 3002 maior
768 2968 929 3011 (Summa
955 2969 1147 3004 Doctrinae
1175 2969 1418 3014 Christianae)
1446 2972 1523 3005 sive
1549 2973 1664 3007 minor
1692 2972 1849 3017 (Parvus

79 3020 327 3055 Catechismus
347 3021 626 3065 Catholicorum)
648 3022 844 3065 significari
863 3022 1024 3064 videtur3
1053 3024 1095 3057 de
1115 3024 1278 3058 versione
1298 3023 1485 3069 hispanica
1503 3037 1537 3060 V.
1561 3028 1646 3062 Can.
1667 3027 1717 3061 IV
1738 3028 1846 3067 101ος

78 3075 121 3108 de
148 3074 309 3119 polonica
335 3086 444 3119 supra
471 3086 503 3119 p.
531 3075 610 3109 695.

152 3138 464 3171 Braunsberger,
486 3139 596 3165 Canisii
616 3139 771 3173 Epistulae
792 3139 823 3165 et
842 3140 929 3167 Acta.
955 3140 1002 3167 VI.
1516 3139 1561 3173 45
