2044 3335
709 76 821 110 Annis
850 76 950 117 1565,
980 76 1080 117 1568,
1110 76 1210 109 1573.
1747 76 1831 115 579

79 194 221 236 stiana
235 193 376 248 pietas
390 207 549 246 magna
566 193 783 235 hominum
801 193 1046 246 frequentia
1061 193 1226 242 colitur,
1251 194 1326 234 aut
1337 190 1580 233 Christiana
1594 190 1636 231 in
1655 192 1834 243 egentes

79 259 270 301 charitas
302 273 459 312 magno
493 259 689 313 exemplo
723 261 965 301 exercetur.
1029 257 1248 306 Inuisebat
1288 255 1525 310 hospitales
1558 256 1705 297 domos
1740 257 1831 296 tum

79 324 293 376 antiquas,
321 326 366 366 et
388 324 557 377 magnis
580 323 868 376 vectigalibus
891 323 1108 372 fundatas,
1141 325 1232 364 tum
1257 323 1452 362 recentes
1474 321 1642 374 piorum
1662 322 1833 362 tantum

77 389 339 431 liberalitate
362 391 646 439 sustentatas,
681 391 974 442 quantumque
998 402 1051 429 ex
1074 387 1269 438 vtrisque
1302 385 1399 426 boni
1433 386 1487 427 ad
1520 385 1712 426 homines
1734 398 1834 438 pro—

78 456 289 505 manaret,
331 454 657 507 diligentissime
690 453 941 495 adnotabat.
1004 450 1327 493 Xenodochium
1360 450 1660 492 sanctissimae
1693 448 1834 490 Trini-

77 519 183 561 tatis
216 519 523 569 admirabatur,
558 518 705 560 multis
736 532 865 572 saepe
897 517 1114 559 hominum
1141 515 1329 556 millibus
1352 514 1679 557 aduentantium
1712 515 1835 566 large

77 584 307 635 sufficiens,
350 585 465 625 nullo
499 584 582 626 alio
615 583 832 636 vectigali,
867 597 995 635 quam
1029 579 1289 634 quotidianis
1322 579 1487 632 piorum
1522 578 1834 632 Eleemosynis,

77 649 246 690 abunde
288 649 638 703 suppetentibus;
680 651 771 689 tum
814 648 943 690 statis
985 646 1101 688 horis
1142 644 1301 686 illustri
1342 644 1588 697 spectaculo
1621 644 1769 694 fuisse,
1812 657 1836 685 e

76 713 215 767 prima
247 714 473 756 nobilitate
506 714 823 755 multitudinem
856 712 1044 753 virorum
1079 713 1123 752 et
1163 708 1462 757 faeminarum,
1496 714 1725 761 vtramque
1757 723 1835 749 suo

76 779 200 820 sexui
231 779 410 820 seorsim
442 780 665 829 inseruire,
700 780 964 821 aduenarum
997 776 1127 830 pedes
1158 775 1321 824 lauare,
1355 773 1603 815 ministrare
1632 773 1685 815 ad
1714 787 1833 814 men-

76 857 182 893 sam,
225 844 389 886 monita
422 845 476 886 ad
508 844 715 897 pietatem
750 844 865 893 dare,
910 856 994 895 qua
1027 840 1157 882 animi
1191 838 1526 892 comparatione,
1570 852 1738 890 quaque
1770 852 1834 879 re-

76 908 235 961 ligione
266 923 390 950 sacra
422 909 586 962 templa
618 909 815 950 adeunda
848 910 892 950 et
913 906 1117 947 vniuersa
1148 904 1224 946 illa
1245 917 1370 945 sacra
1394 902 1585 956 expiatio
1618 902 1732 944 foret
1759 903 1835 944 ob-

77 973 216 1014 eunda
235 973 260 1023 1,
304 973 496 1023 edocere,
540 973 710 1026 aliaque
752 972 928 1027 pietatis
971 970 1113 1012 officia
1153 972 1393 1024 praestare,
1437 982 1547 1021 quae
1586 967 1658 1008 alii
1698 966 1837 1009 literis
1874 1016 1878 1022 Ι

75 1038 355 1080 mandarunt:
400 1039 457 1080 Et
498 1038 604 1079 haec
647 1037 877 1091 quotannis
918 1051 996 1090 per
1036 1048 1183 1077 sacros
1224 1033 1520 1075 hebdomadae
1557 1033 1748 1082 sanctae,
1792 1035 1839 1074 et

77 1102 268 1144 Paschae
292 1103 382 1144 dies
404 1102 568 1144 vsitata
591 1105 634 1145 et
657 1103 855 1156 vulgaria
879 1115 985 1152 esse,
1021 1100 1120 1153 quid
1147 1113 1353 1153 praesens
1376 1098 1417 1139 in
1441 1097 1632 1139 Iubilaeo
1656 1097 1839 1138 vidisset

75 1170 120 1209 et
151 1167 422 1209 sensissetP2
485 1168 749 1210 Sodalitates
781 1170 1011 1221 praeterea
1043 1165 1209 1219 piorum
1241 1163 1474 1213 hominum,
1510 1162 1582 1216 qui
1614 1162 1834 1212 honestas,

73 1232 222 1285 inopes
254 1235 401 1275 tamen
428 1233 628 1283 familias,
663 1247 769 1286 quas
796 1233 932 1286 pudor
955 1246 980 1273 a
1002 1229 1283 1272 mendicando
1307 1228 1511 1277 deterret,
1546 1227 1716 1270 collatis
1739 1241 1834 1269 cor-

74 1297 325 1350 rogatisque
367 1298 666 1352 Eleemosynis
707 1297 1008 1345 sustentant3;
1053 1295 1174 1345 alias,
1218 1307 1327 1347 quae
1368 1307 1572 1345 magnum
1608 1292 1833 1346 Virginum

74 1376 298 1403 numerum
322 1363 482 1405 collata
505 1364 605 1406 dote
627 1364 681 1405 ad
704 1363 887 1405 honesta
905 1361 1114 1403 adiuuant
1131 1358 1330 1412 coniugia
1347 1358 1638 1411 cognoscebat
1654 1359 1682 1400 4.
1726 1357 1835 1399 Tum

74 1427 167 1481 pios
200 1430 350 1469 coetus
381 1428 620 1481 indagabat
658 1442 816 1481 magno
849 1441 1041 1476 numero,
1084 1424 1414 1478 frequentiaque
1448 1423 1594 1464 diuina
1625 1423 1835 1476 mysteria

75 1493 336 1543 obeuntium,
379 1493 556 1547 piosque
589 1497 828 1535 conuentus
861 1491 1184 1534 celebrantium.
1247 1490 1294 1531 In
1328 1489 1380 1530 iis
1412 1488 1599 1530 maxime
1632 1487 1834 1540 frequen-

74 1558 198 1600 tabat
229 1558 437 1611 inclytam
470 1559 602 1609 illam,
636 1562 767 1612 atque
799 1559 912 1600 inter
937 1571 1097 1610 magna
1120 1556 1237 1597 vrbis
1269 1554 1443 1603 lumina,
1478 1554 1595 1595 clara
1626 1553 1721 1594 luce
1745 1553 1833 1594 col-

72 1623 287 1666 lucentem
319 1625 610 1666 venerabilem
644 1624 917 1666 sacerdotum
950 1623 1203 1677 piorumque
1235 1620 1427 1661 virorum
1451 1618 1832 1671 congregationem

75 1688 262 1742 Oratorij
305 1692 619 1744 nuncupatam;
662 1690 930 1742 multumque
971 1686 1269 1729 familiaritate
1304 1685 1522 1733 Vtebatur,
1565 1684 1613 1727 Β.
1648 1682 1833 1737 Philippi

73 1753 193 1807 Nerij
227 1754 501 1803 institutoris,
536 1755 675 1796 adhuc
707 1755 749 1796 in
772 1753 969 1796 humanis
993 1751 1177 1805 agentis,
1211 1751 1387 1803 eiusque
1411 1749 1727 1803 discipulorum,
1762 1748 1834 1801 qui

71 1820 162 1860 tum
197 1823 372 1873 praeter
404 1823 600 1862 caeteros
633 1820 868 1868 florebant,
912 1817 1131 1860 Francisci
1162 1816 1329 1858 Mariae
1361 1814 1597 1863 Taurusiia,
1636 1813 1835 1855 Caesaris

72 1884 261 1934 Baronii,
307 1885 452 1938 magni
497 1885 677 1928 alterius
718 1884 1054 1927 Ecclesiasticae
1099 1881 1374 1935 antiquitatis
1415 1879 1588 1922 luminis
1631 1878 1837 1920 Ioannisb

73 1949 291 1991 Francisci
312 1951 557 2001 Boldrinii⁰,
585 1965 765 2004 quorum
791 1950 872 1992 duo
896 1949 1060 2003 priores
1083 1947 1172 1989 suis
1193 1945 1441 1996 virtutibus,
1467 1947 1511 1986 et
1532 1945 1650 1986 vitae
1673 1943 1837 1986 sancti-

73 2014 217 2056 monia
239 2029 315 2069 per
336 2017 495 2058 multos
518 2031 654 2058 annos
677 2030 803 2057 sacra
825 2029 1017 2069 purpura
1039 2012 1259 2061 illustrati,
1294 2010 1482 2053 aeternis
1514 2009 1600 2051 iam
1623 2023 1718 2051 cum
1741 2010 1835 2051 Deo

167 2095 172 2099 '
192 2096 219 2123 a)
242 2097 275 2120 In
297 2097 408 2121 Raderi
429 2097 503 2121 libro
522 2097 599 2121 ‘inter
618 2095 731 2121 Mariae
752 2099 777 2121 et
798 2094 936 2120 Taurusii
952 2102 1113 2126 perperam.
1132 2094 1245 2117 hamma
1261 2092 1391 2124 positum
1411 2094 1461 2116 es!-
1522 2089 1553 2121 b)
1574 2091 1609 2115 In
1629 2091 1742 2115 Raderi
1761 2091 1837 2114 libro

68 2145 246 2169 perperam.-
265 2137 395 2167 luminis,
415 2138 552 2168 loa1mis;
575 2146 596 2163 v.
620 2139 711 2169 infe-ct,
726 2147 757 2169 p.
778 2139 838 2162 531.
901 2138 927 2168 c)
949 2137 1012 2167 δῶ,-
1032 2136 1081 2160 sed
1101 2135 1265 2167 ponendum
1284 2133 1359 2165 fuit:
1378 2131 1534 2163 Bordinii;
1557 2141 1578 2157 ι’.
1601 2133 1692 2163 infra,
1708 2140 1739 2163 p.
1759 2132 1835 2156 5501.

197 2267 286 2301 ¹Ad
323 2268 460 2310 gratias
493 2267 657 2309 iubilaei‚
692 2267 935 2311 indulgentias
973 2268 1111 2311 septem
1148 2265 1399 2306 ecclesiarum,
1435 2263 1629 2298 stationum
1661 2265 1727 2296 etc.
1755 2274 1836 2296 con-

71 2321 282 2364 sequendas.

191 2374 204 2394 2
230 2374 387 2408 Iubilaea
406 2375 538 2409 Romae
557 2377 637 2408 acta
663 2386 694 2408 a.
715 2374 948 2409 1572—1608
974 2374 1206 2407 recensentur
1224 2371 1267 2405 ab
1286 2372 1372 2404 Eua.
1392 2371 1517 2403 Amort
1537 2368 1621 2403 Can.
1641 2369 1729 2411 Reg.
1743 2368 1836 2410 Lat„

72 2426 124 2461 De
159 2428 314 2470 origene,
350 2440 552 2473 progressu,
588 2428 720 2469 valore,
755 2439 796 2461 ac
822 2428 942 2461 fructu
976 2425 1301 2468 indulgentiarum,
1336 2423 1499 2456 Venetiis
1537 2423 1646 2463 1738,
1681 2422 1834 2456 87—93.

70 2480 277 2515 Bere-tarius
303 2484 422 2516 31110111
450 2482 517 2515 (1110
553 2481 614 2515 1113
649 2480 803 2514 iubilaea
835 2491 965 2523 magna
1001 2482 1037 2513 et
1067 2477 1284 2521 „ordinaria“
1314 2476 1517 2519 significare
1552 2475 1705 2516 videtur,
1742 2486 1837 2518 quae

71 2533 203 2568 Romae
230 2546 261 2568 a.
284 2535 371 2569 1575
400 2538 434 2569 et
465 2535 553 2569 1600
580 2536 661 2568 acta
687 2536 781 2567 sunt.
834 2534 946 2575 Quam
974 2532 1087 2566 multa
1111 2531 1210 2565 milia
1236 2531 1505 2575 peregrinorum
1528 2528 1832 2571 „Confraternitas

71 2586 327 2622 Sanctissimae
353 2588 560 2622 Trinitatis“
591 2588 634 2621 iis
662 2587 764 2621 annis
790 2587 824 2620 in
851 2598 915 2620 suo
941 2585 1095 2630 hospitio
1122 2584 1314 2628 exceperit,
1341 2585 1377 2616 et
1403 2594 1509 2626 quam
1538 2593 1666 2625 magna
1698 2581 1834 2626 pietate

70 2641 194 2675 iisdem
224 2641 389 2676 Clemens
416 2642 523 2682 V11[.,
550 2640 760 2683 cardinales,
788 2639 966 2685 principes
999 2638 1129 2673 ibidem
1156 2636 1449 2677 ministraverint,
1476 2638 1600 2669 narrat
1630 2636 1835 2668 Theodorus

72 2706 94 2727 α
121 2696 262 2738 Spiritu
288 2696 417 2729 Sam-to
444 2695 484 2729 O.
506 2695 633 2735 Carni„
660 2694 852 2728 Tractatus
878 2691 1288 2733 historico-theologicus
1314 2690 1356 2723 de
1382 2688 1550 2730 Iubilaeo,
1577 2688 1710 2722 Romae
1731 2688 1835 2729 1650,

72 2749 222 2783 56—64.

190 2803 202 2822 ³
228 2802 280 2836 De
307 2801 700 2836 archiconfraternitate
723 2800 789 2833 XII
820 2799 1071 2844 Apostolorum
1097 2797 1203 2832 huius
1229 2797 1280 2831 rei
1307 2796 1426 2840 gratia
1452 2795 1486 2830 S.
1514 2795 1654 2839 Ignatio
1682 2798 1834 2829 auctore

70 2856 136 2890 sub
162 2856 275 2890 Paulo
301 2856 362 2890 ΙΙΙ.
390 2856 557 2890 1110011313
584 2867 615 2888 v.
649 2855 777 2887 Taechi
803 2854 952 2887 Venturi
977 2852 1000 2886 l.
1027 2863 1056 2886 0.
1085 2851 1098 2885 I
1125 2851 1323 2885 674-676.

189 2912 202 2930 4
228 2910 302 2943 Iam
338 2921 369 2944 a.
399 2910 486 2944 1601
517 2908 688 2943 Camillus
724 2907 878 2941 Fanucci
916 2905 1026 2939 edidit
1062 2905 1195 2938 Romae
1226 2904 1356 2938 librum
1387 2902 1571 2945 „Trattato
1599 2902 1633 2936 di
1668 2900 1763 2936 tutte
1797 2902 1833 2936 le

71 2975 176 3008 opere
202 2964 259 3008 pie
285 2963 365 2997 dell'
381 2963 476 2996 alma
502 2963 590 2996 citta
616 2961 650 2995 di
677 2961 808 2994 Roma“
840 2959 960 3003 (Card.
991 2959 1228 3002 Carlo-Laiyc'
1252 2957 1460 2999 Morz'eha'm',
1496 2955 1600 3000 Degli
1626 2956 1760 2990 Istituti
1797 2956 1832 2989 di

72 3019 185 3052 carita
210 3029 273 3062 per
298 3017 333 3051 la
368 3017 589 3050 sussistenza
616 3027 634 3049 e
660 3015 682 3048 l'
699 3014 912 3048 educazione
947 3013 1001 3047 dei
1039 3011 1162 3058 poveri
1189 3024 1207 3046 e
1234 3011 1289 3046 dei
1315 3009 1522 3056 prigionieri
1556 3010 1592 3044 in
1617 3010 1740 3052 Roma,
1776 3010 1835 3044 ed.

70 3083 162 3113 nov„
192 3070 300 3105 Roma
329 3070 430 3112 1870,
457 3071 530 3113 39).

1470 3124 1512 3157 37
1529 3126 1546 3142 ÷÷
