2044 3335
143 103 245 138 1641.
265 102 351 137 Can.
369 101 494 136 Thom.
511 100 626 136 Gallo.
664 100 766 134 1642.
785 99 910 134 Thom.
929 98 1054 133 Gallus
1074 97 1158 131 Can.
1185 94 1383 137 Fridberga
1401 104 1442 128 ca
1457 93 1488 127 7.
1504 92 1588 137 Apr.
1607 92 1708 125 1569.
1776 93 1859 134 297

94 219 290 262 eocemplarj
315 218 428 251 solum
454 216 683 250 instrumenti
700 216 859 259 admitto,
886 226 971 248 nam
999 225 1069 247 non
1096 212 1314 246 commod-um
1339 211 1485 253 fuisset²¹
1510 206 1680 252 propterb
1705 208 1863 251 siyillam

94 274 249 306 exterius
275 281 466 314 appensum
494 271 680 313 ipsummet
706 270 852 311 mittere,
879 269 985 301 Patri
1009 272 1126 306 tamen
1144 265 1290 298 Canisio
1317 264 1358 296 de
1384 262 1545 296 omnibus
1569 262 1702 304 scripsi
1726 272 1766 293 ea
1793 271 1864 304 qua

89 326 195 369 potuj
210 325 442 365 humanitate,
470 327 500 356 et
526 323 617 356 illud
643 323 676 364 ej
699 322 882 364 leqendum
901 321 1020 364 obtulj,
1047 324 1079 352 vt
1096 320 1148 352 sic
1170 329 1236 361 per
1254 319 1370 360 vipsum
1387 316 1610 357 testificatum
1628 315 1864 357 relinquerem

95 389 167 412 rem
192 379 243 411 sic
267 388 302 411 36
326 387 361 410 36
378 377 517 420 habere,
543 386 615 408 <non
641 379 758 408 tamen
777 386 854 407 eum
873 376 1014 418 ipsemet
1033 372 1195 405 accedere
1211 370 1324 412 uoluj,
1344 370 1391 402 ad
1409 369 1599 401 euitandas
1617 368 1864 409 contentiones,

95 437 125 465 et
147 430 309 474 pericula
326 430 507 463 maiorum
529 425 876 472 pert2m·bationum.“
917 428 1035 468 Quare
1062 425 1176 458 denuo
1202 424 1297 466 petit,
1324 425 1362 455 ‘ut
1381 422 1567 455 Societatis
1592 422 1680 454 votis
1696 421 1864 453 solvatur.

94 485 181 518 Vide
206 485 307 517 etiam
335 483 450 525 infra,
479 493 527 525 ep.
555 493 590 515 n.
613 483 728 521 1642;
752 492 843 524 qeccce
869 482 960 514 enim
987 479 1062 512 illic
1087 479 1270 519 diczmtur,
1306 487 1348 508 ex
1368 479 1477 518 parte
1510 475 1576 507 lias
1601 484 1737 517 quoque
1767 472 1867 506 Galli

94 538 231 571 litteras
255 539 422 580 spectant.

96 645 239 683 1641.
339 644 556 680 CANISIUS
583 643 645 679 P.
673 641 965 678 THOMAE
994 638 1222 678 GALLO
1252 637 1305 674 S.
1326 637 1380 674 J.

776 699 945 740 Augusta
962 695 1233 730 vindelicorum
1259 693 1353 726 inter
1380 692 1411 726 6.
1437 693 1473 724 et
1499 691 1531 724 8.
1552 689 1688 734 Aprilis
1716 689 1819 723 1569.

214 766 306 799 Eam
334 765 512 808 hortatur,
541 775 582 797 ne
610 764 814 797 Societatem
840 763 989 795 deserat.
1032 761 1147 793 Plura
1173 770 1202 792 v.
1221 759 1337 801 infra,
1365 768 1415 799 ep.
1435 767 1469 790 n.
1492 757 1593 789 1642.

96 873 249 910 1642.
347 873 409 909 P.
438 871 724 909 THOMAS
754 870 1023 908 GALLUS
1052 870 1106 906 S.
1126 868 1181 905 J.
1209 867 1412 904 CANISIO.

1163 922 1362 964 Fridberga
1388 920 1484 954 circa
1511 920 1541 953 7.
1562 917 1698 963 Aprilis
1719 916 1819 951 1569.

216 993 273 1027 Ex
299 992 455 1037 epistula
481 992 526 1026 ad
552 991 733 1034 Borgiam,
761 991 803 1024 de
831 1002 902 1035 qua
928 990 1032 1030 infra,
1060 1001 1113 1034 ep.
1133 1000 1167 1022 n.
1188 987 1291 1022 1644.

216 1065 429 1108 Superiores
454 1068 608 1098 accusat.
663 1063 705 1096 Se
733 1060 980 1106 „apoloyianff
1006 1062 1230 1104 scripturum
1257 1069 1326 1092 esse
1351 1059 1524 1091 minatur.
1571 1055 1777 1089 Societatem
1802 1053 1870 1086 sibi

95 1113 231 1161 semper
256 1119 534 1151 commendatam
558 1118 647 1159 fore.
695 1117 770 1149 Cur
796 1127 870 1149 eam
897 1116 1098 1158 relinquere
1123 1114 1213 1147 velit.

219 1183 386 1217 Canisius
413 1185 575 1227 Auyusta
615 1183 646 1214 8.
674 1181 817 1223 Aprilis
846 1182 937 1213 1569
978 1180 1013 1213 S.
1042 1180 1240 1212 Francisco
1279 1177 1437 1219 Boi-„aiae
1469 1174 1676 1218 praeposito
1712 1171 1872 1215 yenerali

97 1237 252 1270 rettulit:
278 1237 316 1270 P.
341 1236 511 1270 leoniam
532 1234 905 1277 GallumFridberya,
932 1245 975 1266 ea·
999 1234 1124 1276 patria
1143 1243 1222 1275 sua,
1250 1231 1377 1275 „binas
1403 1230 1450 1262 ad
1475 1240 1510 1261 se
1535 1229 1674 1261 litteras
1692 1222 1873 1266 dedisse“,·

97 1301 138 1322 ac
158 1291 329 1333 priormn
354 1301 530 1323 summam
556 1289 688 1322 bret-em
715 1287 807 1320 lianc
833 1288 968 1329 fuisse:
1002 1287 1181 1319 Fratrmn
1207 1294 1440 1326 sororumque
1466 1283 1625 1324 inopiam
1663 1280 1732 1313 sibi
1757 1280 1871 1312 levan-

97 1344 180 1376 dam
205 1354 275 1376 esse
300 1354 444 1387 eamque
469 1344 510 1377 ob
536 1353 611 1376 rem
635 1353 670 1374 se
698 1343 734 1374 in
755 1341 927 1373 Societate
943 1351 1089 1372 manere
1114 1349 1184 1372 non
1208 1349 1308 1381 posse
1336 1339 1384 1378 (o.
1403 1347 1517 1379 supra
1538 1346 1575 1378 p.
1595 1334 1698 1373 296).
1735 1332 1873 1366 Deinde

101 1397 270 1430 Canisius
293 1397 377 1430 haec
403 1397 525 1429 addit:
562 1396 709 1440 „Postea
745 1405 822 1427 cum
858 1394 1007 1427 modeste
1033 1394 1255 1434 monuissem,
1290 1402 1334 1424 ne
1364 1390 1473 1433 facile
1497 1392 1704 1432 sequeretur
1728 1388 1797 1419 ista
1823 1396 1873 1418 se-

94 1450 302 1493 parationis
335 1455 365 1483 et
399 1450 605 1493 defectionis
640 1448 801 1491 consilia,
837 1458 924 1480 neue
958 1450 1108 1490 propter
1139 1446 1285 1489 pietatis
1322 1445 1359 1476 in
1385 1444 1518 1476 amicos
1540 1445 1765 1485 praetextum
1789 1439 1875 1481 falli

97 1515 132 1537 se
156 1505 297 1548 sineret,
332 1504 392 1537 sed
425 1507 465 1537 ut
497 1504 617 1546 potius
643 1502 885 1544 conscientiae,
920 1501 1041 1543 famae
1076 1504 1105 1533 et
1141 1499 1357 1532 obedientiae
1382 1496 1630 1539 superioribus
1654 1494 1789 1527 debitae
1814 1503 1873 1526 ra-

98 1558 227 1591 tionem
253 1557 406 1600 liaberet,
440 1567 541 1600 seque
576 1556 673 1588 omni
709 1555 1085 1587 eoecommunicationis
1119 1553 1280 1596 periculo
1313 1551 1481 1584 liberaret
1497 1550 1516 1592 ¹,
1551 1549 1658 1582 ualde
1684 1550 1875 1580 commotus

100 1611 157 1644 ille
181 1612 336 1644 modesta
363 1611 632 1644 commonitione
658 1609 853 1652 respondit,
890 1608 1029 1650 culpam
1057 1617 1194 1640 omnem
1219 1610 1258 1638 ut
1284 1605 1444 1647 reijceret
1469 1605 1508 1637 in
1535 1603 1644 1635 hw'us
1664 1600 1876 1644 prouintiae

97 1665 300 1708 superiores
311 1663 334 1707 ⁴2,
361 1664 536 1707 simulque
553 1664 758 1696 minaretur
775 1662 876 1695 nobis
900 1662 1082 1694 editurum
1107 1671 1142 1693 se
1160 1665 1284 1693 contra
1310 1669 1375 1691 nos
1394 1657 1617 1700 Apologyiam,
1646 1665 1717 1698 qua
1734 1658 1874 1687 nostros

95 1718 236 1761 publice
270 1719 516 1751 insectaretur.
569 1717 638 1749 Hic
664 1726 723 1758 esso
749 1719 889 1748 tantum
924 1715 988 1748 hoc
1013 1715 1195 1757 rescripsi,
1230 1723 1282 1745 me
1309 1713 1460 1745 Romam
1495 1711 1610 1753 ipsius
1645 1710 1769 1742 literas
1804 1716 1874 1739 esse

99 1773 305 1815 missurum,
341 1782 459 1814 meque
487 1771 648 1813 probare
683 1770 777 1813 quod
811 1769 989 1810 scriberet,
1028 1769 1226 1801 societatem
1260 1766 1329 1799 sibi
1364 1763 1745 1798 commendatissimam
1782 1761 1873 1803 fore,

101 1836 207 1868 quam
242 1827 278 1858 in
316 1828 499 1858 aeternum
534 1825 631 1858 omni
666 1824 781 1856 animi
816 1823 1017 1855 reuerentia
1052 1821 1182 1864 ubique
1213 1820 1405 1853 obseruare
1430 1818 1544 1855 uellet,
1584 1816 1678 1850 sicut
1704 1814 1746 1848 R.
1774 1814 1875 1847 Patri

101 1877 270 1912 Generali
305 1877 341 1911 in
377 1877 542 1911 omnibus
577 1878 707 1920 inquit,
743 1875 833 1909 meis
868 1874 984 1909 literis
1021 1874 1179 1919 promisi.
1234 1874 1421 1906 Caeterum
1448 1872 1496 1904 ad
1522 1871 1684 1914 querelas
1719 1873 1749 1901 et
1774 1878 1874 1900 accu-

99 1933 265 1975 sationes,
304 1942 393 1975 quas
430 1931 632 1964 istiusmodi
669 1930 828 1963 homines
864 1929 972 1971 facile
1009 1929 1160 1971 finqunt,
1201 1927 1302 1960 nolui
1340 1926 1558 1967 descendere,
1601 1934 1678 1957 cum
1716 1922 1875 1955 uiderem

100 1986 275 2018 hominem
300 1987 353 2018 ita
380 1989 505 2018 contra
531 1995 596 2017 nos
622 1984 835 2017 concitatum
862 1994 942 2025 esse,
982 1986 1021 2015 ut
1039 1982 1189 2025 placari
1214 1991 1286 2014 non
1309 1990 1411 2023 posse
1438 1980 1618 2012 uideatur.
1673 1976 1763 2009 Tria
1789 1984 1876 2007 'uero

101 2041 221 2082 capita
245 2043 339 2082 saut,
366 2049 456 2082 quae
476 2039 702 2081 potissimum
721 2041 833 2081 urqet,
860 2040 893 2069 rt
917 2038 1055 2078 factum
1081 2040 1111 2068 et
1136 2046 1239 2068 suam
1266 2045 1288 2066 a
1314 2034 1415 2066 nobis
1440 2033 1701 2076 separationem
1728 2032 1875 2062 excuset.

101 2093 276 2132 Primum,
311 2092 405 2135 qaod
431 2092 704 2134 consanyuineis
738 2091 805 2123 hac
832 2095 989 2124 etz-trema
1025 2090 1151 2132 inopia
1178 2088 1425 2121 laborantibus
1451 2087 1564 2119 deesse
1595 2096 1658 2118 nec
1685 2083 1780 2126 uelit,
1814 2093 1877 2115 nec

96 2147 220 2190 possit.
267 2146 404 2179 Deinde
430 2145 524 2188 quod
557 2155 630 2178 non.
656 2146 801 2177 sinatur
826 2144 996 2177 hactenus
1030 2145 1070 2176 in
1095 2144 1258 2176 societate
1282 2151 1346 2174 suo
1381 2141 1589 2182 satisfacere
1613 2138 1687 2171 zelo
1723 2137 1771 2169 ad
1793 2146 1876 2179 pro-

100 2202 229 2243 fectum
265 2200 485 2242 annuarum,
519 2199 578 2231 sed
610 2200 730 2241 potius
764 2198 983 2241 impediatur
1002 2224 1008 2230 .
1030 2201 1206 2240 postremo
1243 2196 1335 2239 quod
1370 2195 1462 2227 idem
1494 2193 1694 2236 periculum
1728 2191 1773 2223 sit
1809 2189 1879 2232 ipsi

101 2253 324 2287 metuendum
350 2254 389 2285 in
415 2253 580 2295 Austria,
606 2252 669 2285 ubi
694 2263 755 2285 nec
780 2252 929 2294 inteyris
955 2251 1098 2284 uiribus
1122 2251 1252 2293 possite
1279 2249 1477 2282 consistere.
1514 2247 1627 2280 Addit
1654 2249 1683 2278 et
1709 2247 1879 2287 quartum

102 2307 205 2350 illud,
230 2317 265 2340 se
289 2307 448 2339 societati
474 2316 544 2338 non
572 2305 702 2338 aliter<1
729 2306 934 2339 obstrictum
961 2315 1031 2337 esse
1055 2304 1202 2337 uinculo
1227 2303 1445 2346 simplicium
1472 2304 1637 2334 uotorum
1650 2298 1674 2342 ³,
1707 2308 1814 2341 quam
1839 2300 1878 2330 ut

223 2376 250 2406 a)
271 2375 411 2407 Sequitur
429 2373 539 2407 ipsum,
559 2383 577 2400 a
599 2376 632 2399 G.
653 2375 743 2400 oblitt.
838 2373 867 2406 b)
898 2374 1038 2405 Sequitur
1058 2371 1169 2405 siggill,
1189 2381 1207 2398 a
1230 2374 1262 2397 G.
1284 2372 1374 2397 obliti.
1466 2371 1493 2401 c)
1516 2370 1540 2394 A
1563 2370 1591 2394 C.
1612 2376 1686 2393 corr.
1708 2375 1744 2392 etv
1763 2364 1879 2399 posset.

105 2417 135 2449 d)
156 2418 295 2449 Sequitur
314 2416 511 2448 adscrictum,
531 2425 550 2441 a
571 2418 599 2442 C.
620 2417 709 2442 oblitt.

227 2515 237 2535 ¹
264 2514 400 2548 Paulus
426 2513 489 2548 ΙΙΙ.
525 2513 561 2547 in
588 2511 695 2546 Bulla
727 2511 841 2545 Roma
871 2511 923 2545 18.
952 2509 1121 2545 Octobris
1150 2510 1240 2544 1549
1277 2509 1361 2543 data
1396 2506 1614 2553 praepositis
1649 2503 1880 2549 generalibus

105 2570 345 2607 concesserat,
371 2569 413 2601 ut
439 2578 510 2609 eos,
537 2566 598 2611 qui
626 2565 720 2599 votis
747 2564 973 2610 simplicibus
999 2564 1298 2598 scholasticorum
1319 2562 1489 2596 Societati
1517 2559 1657 2595 astricti
1685 2559 1729 2593 ab
1756 2558 1880 2592 eadem

105 2622 333 2663 defecissent,
373 2620 685 2655 excommunicare
715 2631 800 2664 „per
826 2630 864 2652 se
891 2619 951 2653 vel
977 2618 1087 2652 alios“
1117 2619 1277 2662 possent.
1329 2616 1417 2650 Pius
1444 2627 1530 2649 vero
1558 2613 1617 2648 IV.
1646 2614 1702 2647 die
1729 2612 1784 2646 26.
1812 2612 1881 2646 No-

105 2675 263 2710 vembris
293 2675 382 2709 1565
410 2674 661 2714 constituerat,
696 2675 736 2706 ut
762 2672 870 2706 iidem
898 2671 1090 2706 Societatis
1117 2672 1307 2716 apostatae
1343 2667 1752 2704 excommunicationem
1783 2665 1882 2710 „ipso

105 2730 202 2763 facto
236 2729 504 2767 incur1·erent“;
541 2730 657 2761 morte
683 2728 806 2760 tamen
833 2726 1005 2770 abreptus
1032 2727 1121 2765 erat,
1159 2727 1353 2768 antequam
1389 2722 1497 2756 huius
1524 2720 1793 2761 constitutionis
1819 2731 1883 2764 pu-

105 2783 219 2817 blicas
258 2782 417 2816 dedisset
453 2781 615 2821 litteras;
657 2791 747 2823 quas
786 2779 913 2813 deinde
952 2779 1051 2813 dedit
1088 2779 1122 2813 S.
1161 2778 1248 2811 Pius
1275 2777 1319 2811 V.
1358 2776 1472 2810 Roma
1512 2776 1566 2810 17.
1594 2774 1752 2809 Ianuarii
1793 2774 1883 2807 1566

110 2837 285 2879 (Litterae
311 2834 530 2879 apostolicae
557 2836 624 2868 etc.
651 2835 696 2868 41
725 2833 920 2876 96—105).

229 2890 241 2910 2
266 2889 416 2923 Petrum
443 2888 625 2922 Canisium
660 2886 930 2933 provincialem,
966 2885 1119 2920 Paulum
1156 2885 1346 2919 Hoffaeum
1381 2882 1736 2929 viceprovincialem,
1771 2881 1883 2916 Theo-

109 2943 268 2979 doricum
287 2942 469 2977 Canisium
488 2944 663 2975 rectorem
684 2941 919 2984 dilinganum,
939 2939 1165 2973 Dominicum
1184 2937 1396 2982 Menginum
1417 2939 1593 2971 rectorem
1612 2947 1884 2975 monacensem;

109 3008 272 3041 v.sup1·a
297 3008 332 3040 p.
352 2996 419 3030 140
448 2995 515 3029 144
544 2995 610 3030 147
640 2996 707 3030 160
734 2995 814 3034 262,
841 2996 878 3028 et
904 2993 949 3028 cf.
972 2994 1059 3027 Can.
1080 2993 1111 3026 V
1137 2993 1224 3026 4644
1249 2992 1330 3026 495.

231 3051 243 3070 ³
269 3049 321 3083 De
339 3048 443 3083 falsis
460 3047 586 3082 horum
606 3051 772 3082 votorum
799 3046 1171 3091 interpretationibus,
1199 3057 1290 3090 quae
1308 3044 1435 3091 primis
1454 3043 1645 3078 societatis
1663 3042 1886 3088 temporibus

110 3114 365 3147 nonnunquam
392 3101 679 3147 proferebantur,
706 3114 741 3136 v,
764 3102 850 3135 Can.
871 3101 903 3134 II
930 3111 1033 3134 XXVI.
