2044 3335
468 121 563 156 Mon.
591 122 658 156 943
685 123 763 157 sive
789 122 888 158 herb.
911 123 975 167 (1).
1018 124 1067 159 M.
1086 124 1215 158 Martio
1242 126 1278 157 et
1304 123 1418 168 Aprili
1448 123 1548 158 1568.
1806 126 1890 166 555

989 252 1023 294 D

283 324 792 370 MssNUMENTUM
825 327 1401 371 HERBIPOLENSE
1435 327 1733 370 CANISII.

128 404 233 441 943
260 406 338 440 sive
364 404 516 440 herb.
537 405 630 451 (1).
706 406 749 442 M.
769 406 901 443 Martio
928 408 964 443 ct
991 407 1111 454 Aprili
1139 407 1233 443 1568.

243 471 300 506 Ex
326 470 536 515 archetypo,
585 473 668 507 Ass.
696 472 816 507 Germ.
842 473 954 508 Fund.
982 474 997 508 Ι
1023 474 1047 508 f.
1066 473 1298 508 337b—3382.

243 531 314 563 Per
338 531 586 564 Franconiam
610 532 745 575 ferunt,
775 532 960 566 Cane'sium
986 533 1034 566 ad
1058 532 1210 566 Lutherz'
1235 537 1353 566 castra
1379 534 1559 566 transisse.
1606 534 1675 574 Qui
1693 532 1892 576 Herbipolt',

126 585 285 627 episcopo
310 588 464 626 auctore,
492 584 710 617 calumniam
736 587 809 628 >ipse
835 586 950 619 diluit.

246 644 299 685 In
341 644 545 685 relatione
586 645 793 698 qzcadam,
838 660 944 700 quae
979 645 1325 700 „Herbipolensis
1359 645 1530 699 Colleffij
1560 644 1783 688 Exordc'cffl
1828 647 1893 687 in-

125 710 298 764 scripta,
333 708 408 749 sub
443 710 597 749 exitum
629 710 787 751 saeculi
818 710 939 753 XVI.
963 710 1188 764 Herbipoli
1221 709 1272 751 ab
1307 711 1447 764 aliquo
1480 710 1698 752 Soeietatis
1731 711 1894 752 homine

126 775 350 829 composita
384 773 642 828 Romamque
675 776 733 815 ad
772 777 1061 830 praepositum
1091 775 1328 829 qeneralem
1369 775 1499 816 missa
1543 780 1610 827 est,
1651 775 1753 816 haec
1791 789 1894 816 nar-

125 845 283 881 rantur
313 839 357 880 in
393 840 598 882 a.1568:
630 838 719 880 Ver
750 833 835 880 iam
868 841 1144 893 processerat
1177 839 1347 892 quando
1380 840 1475 881 tota
1501 839 1743 880 Franconia
1776 839 1894 881 Hae-

122 903 355 947 reticorum
389 905 485 945 arte
517 902 798 946 circumlatus
831 918 978 946 rumor
1017 904 1109 946 ibat
1141 904 1188 947 P.
1222 904 1398 946 Petrum
1431 903 1661 954 Canisium,
1698 903 1819 945 cuius
1851 907 1895 946 et

125 968 339 1012 autoritas
372 971 417 1011 et
448 982 605 1010 nomen
635 969 728 1010 tum
761 968 805 1010 in
833 969 1065 1011 Germania
1097 982 1202 1011 sane
1234 968 1470 1010 maximum
1503 970 1612 1019 erat,
1646 968 1893 1010 foedissimo

124 1033 373 1088 apostasiae
405 1047 579 1086 genere,
614 1033 838 1076 Catholica
860 1034 1035 1077 deserta
1066 1034 1150 1076 fide
1182 1033 1410 1087 transijsse
1442 1033 1498 1075 ad
1519 1032 1699 1075 Lutheri
1732 1035 1891 1075 castra.

123 1099 251 1141 Cuius
273 1098 415 1152 nuncij
448 1098 568 1140 fama
600 1098 661 1140 sic
694 1101 846 1153 pectus
868 1099 1100 1154 Episcopil
1133 1099 1294 1149 effodit,
1328 1099 1490 1141 nullam
1514 1101 1563 1141 vt
1589 1098 1670 1140 sibi
1703 1098 1891 1151 quietem

121 1164 387 1217 relinqueret
419 1177 515 1205 cum
547 1163 653 1205 nihil
684 1164 727 1205 in
760 1165 1009 1218 praesentia
1031 1167 1290 1213 occurreret,
1325 1178 1408 1217 quo
1441 1163 1685 1206 vanitatem
1708 1163 1892 1205 rumoris

122 1229 399 1279 conuelleret,
434 1229 633 1282 Degebat
664 1229 718 1282 ijs
741 1229 851 1272 dieb.
875 1230 922 1272 P.
947 1229 1142 1272 Canisius
1165 1230 1404 1282 Elwangae
1427 1229 1583 1283 oppido
1607 1230 1892 1282 Augustanae

121 1294 343 1337 Dioecesis
377 1294 686 1348 Praepositura
727 1294 880 1346 nobili,
922 1294 1067 1348 ibique
1109 1294 1385 1337 concionibus
1427 1308 1478 1336 ac
1519 1293 1696 1347 reliquis
1738 1293 1891 1347 officijs

121 1374 213 1402 rem
237 1359 525 1403 Christianam
548 1362 680 1413 atque
703 1360 969 1402 Catholicam
993 1360 1283 1403 sustentabat.
1336 1359 1581 1401 Fridericus
1602 1359 1770 1402 interea
1793 1359 1892 1401 dum

121 1424 414 1478 inuestigandi
434 1427 564 1468 finem
587 1439 672 1467 non
695 1425 814 1475 facit,
845 1425 1028 1478 denique
1051 1425 1275 1467 mendacio
1299 1423 1505 1475 discusso,
1530 1424 1673 1466 omnia
1691 1424 1744 1466 de
1762 1424 1893 1467 Patre

121 1490 352 1544 explorata
373 1491 494 1542 tulit;
520 1504 654 1544 quare
677 1490 868 1532 maximo
893 1491 1109 1534 delibutus
1131 1490 1290 1544 gaudio
1314 1488 1592 1531 renunciasse
1608 1489 1770 1532 nostris
1787 1503 1893 1531 vera

120 1569 207 1597 non
229 1558 471 1606 contentus,
514 1559 563 1599 vt
585 1556 786 1597 ruborem
811 1558 855 1598 et
878 1555 1063 1597 dedecus
1086 1555 1218 1598 etiam
1242 1554 1505 1609 aduersarijs
1528 1555 1719 1605 afferret,
1752 1554 1892 1608 ipsum

120 1635 144 1663 e
166 1620 351 1674 vestigio
376 1620 593 1663 Canisium
618 1621 832 1674 Elwanga
864 1635 941 1663 suo
974 1623 1149 1675 sumptu
1183 1620 1451 1662 euocandum
1485 1620 1667 1670 curauit,
1703 1619 1774 1672 qui
1797 1633 1893 1661 cum

120 1685 224 1728 XIIa
247 1683 308 1740 [P]
331 1685 469 1740 April.
495 1686 832 1739 Wirceburgum
859 1686 1155 1737 accessisset2,
1189 1685 1415 1727 Dominica
1438 1684 1697 1735 Quasimodo
1719 1684 1763 1726 in
1787 1684 1893 1726 aede

119 1751 327 1806 primaria
359 1751 411 1793 de
444 1751 487 1795 S.
510 1751 732 1794 Catholica
764 1750 963 1793 Ecclesia
994 1765 1073 1805 pro
1107 1750 1311 1793 concione
1344 1750 1399 1792 ad
1431 1750 1636 1804 populum
1670 1749 1793 1792 dixit.

239 1821 388 1855 Praeter
414 1821 615 1856 contionem
635 1821 821 1855 Dominica
843 1820 1099 1864 „Quasimodo“
1130 1820 1209 1855 sive
1235 1821 1292 1855 25.
1311 1819 1446 1865 Aprilis
1464 1819 1650 1864 Herbipoli
1677 1819 1713 1852 in
1740 1818 1893 1853 ecclesia

120 1874 318 1909 cathedrali
345 1874 506 1909 habitam
533 1874 648 1909 altera
674 1874 791 1909 contio
819 1886 839 1908 a
866 1874 1009 1909 Canisio
1036 1875 1092 1909 26.
1116 1874 1175 1908 vel
1201 1874 1257 1908 27.
1279 1873 1413 1918 Aprilis
1442 1874 1532 1908 1568
1558 1873 1593 1906 in
1620 1883 1713 1917 pago
1739 1872 1893 1917 quodam

121 1928 348 1972 episcopatus
373 1927 634 1973 herbipolensis
663 1928 927 1972 (EifelstadiiP)
956 1928 1080 1962 habita
1106 1930 1179 1968 est;
1207 1939 1242 1962 V.
1269 1938 1378 1972 supra
1403 1938 1437 1971 p.
1459 1926 1536 1961 185.

241 1981 425 2016 Canisium
450 1984 507 2016 ter
533 1982 577 2016 ad
604 1982 935 2026 frequentissimam
969 1981 1171 2016 contionem
1197 1980 1309 2015 verba
1343 1980 1473 2014 fecisse
1499 1979 1659 2013 affirmat
1686 1979 1893 2022 Sacchinus,

123 2035 207 2069 Can.
235 2034 442 2077 255—256;
470 2035 505 2069 id
531 2035 624 2080 quod
651 2035 807 2070 fortasse
834 2047 879 2069 ex
906 2035 1040 2069 Canisii
1067 2035 1201 2069 litteris
1229 2035 1258 2068 1.
1286 2033 1373 2068 Maii
1402 2033 1493 2068 1568
1519 2032 1624 2073 datis,
1651 2043 1742 2076 quae
1768 2034 1893 2077 postea

120 2088 305 2133 perierunt
335 2088 385 2132 (v.
409 2100 519 2133 supra
544 2101 577 2134 p.
599 2089 694 2132 189),
722 2088 853 2123 hausit.
894 2089 992 2123 Idem
1014 2089 1212 2123 Sacelzinus
1236 2087 1368 2121 litteris
1395 2086 1710 2121 commentariisve
1736 2085 1895 2119 eiusdem

121 2142 196 2175 fere
223 2141 365 2182 aetatis,
391 2144 488 2186 puto,
524 2153 612 2177 usus
647 2144 712 2183 est,
749 2154 828 2176 cum
857 2142 899 2177 de
935 2142 1139 2176 contionum
1174 2141 1319 2175 illarum
1356 2140 1579 2184 argumentis
1610 2138 1700 2173 haec
1725 2139 1895 2173 referret:

123 2194 288 2229 Canisius
310 2197 482 2240 „apparet
498 2195 535 2229 in
553 2198 750 2240 suggestu:
777 2197 1031 2231 sacrosanctae
1049 2207 1088 2230 se
1107 2194 1289 2229 Romanae
1308 2193 1492 2228 Ecclesiae
1518 2193 1642 2234 filium,
1670 2191 1897 2237 discipulum,

124 2247 349 2282 defensorem
383 2248 584 2293 profitetur.
636 2249 875 2284 Aduersarios
909 2248 1076 2283 inanibus
1112 2248 1350 2292 imaginibus,
1387 2246 1564 2290 vanisque
1597 2245 1828 2286 commentis,
1858 2247 1900 2278 vt

123 2301 184 2346 qui
201 2301 356 2335 veritate
382 2313 452 2335 non
478 2303 636 2346 possent,
663 2305 884 2345 grassantes,
910 2302 946 2336 in
965 2313 1054 2345 eam,
1082 2313 1191 2346 quam
1216 2302 1387 2342 fecerant,
1415 2300 1545 2334 deiecit
1562 2299 1724 2333 foueam:
1752 2297 1899 2332 ementi-

121 2360 230 2399 toque
257 2354 440 2389 inuolucro
467 2354 586 2400 palam
606 2355 805 2400 explicat0;
832 2355 940 2390 simul
957 2357 1071 2389 totam
1091 2366 1213 2389 eorum
1231 2353 1346 2388 falsae
1365 2353 1558 2394 doctrinae,
1586 2363 1627 2386 ac
1645 2352 1899 2395 figmentorum

124 2408 300 2443 fabricam
338 2410 422 2442 ante
460 2408 582 2443 oculos
620 2408 739 2453 ponit:
778 2411 818 2443 vt
856 2408 945 2443 nihil
983 2421 1029 2443 ex
1066 2407 1251 2442 mendacio
1290 2407 1386 2441 aliud
1424 2407 1671 2448 lucrarentur,
1711 2416 1820 2449 quam
1860 2406 1901 2438 vt

123 2465 438 2506 cognoscerentur,
464 2461 756 2506 haberenturque
782 2462 993 2496 mendaces“
1025 2461 1136 2505 (Hist.
1164 2461 1198 2496 S.
1220 2462 1253 2496 J.
1272 2461 1334 2502 III,
1362 2460 1384 2494 1.
1403 2462 1436 2501 4,
1462 2471 1496 2494 n.
1519 2459 1614 2501 193).

241 2515 319 2549 Hoc
338 2514 474 2549 canisii
500 2516 637 2549 factum
664 2518 791 2560 postea
817 2526 838 2549 a
864 2515 1073 2560 biographis
1098 2514 1280 2548 nonnullis
1307 2513 1445 2558 poetice
1472 2511 1732 2557 amplificatum
1757 2512 1836 2552 est;
1861 2512 1902 2544 ut

123 2580 203 2604 cum
230 2570 445 2612 Dazcriqnac
470 2569 614 2603 scribit:
647 2568 723 2610 „Un
745 2568 837 2614 jour,
865 2581 908 2602 on
936 2570 1012 2602 voit
1038 2568 1071 2602 le
1099 2568 1189 2602 Pere
1217 2566 1383 2602 Canisius
1409 2567 1626 2611 parcourant
1660 2565 1714 2599 les
1749 2576 1833 2599 rues
1859 2563 1902 2597 de

122 2622 369 2666 Wurtzbourg
396 2624 431 2656 et
456 2622 614 2656 invitant
639 2622 673 2656 le
693 2622 822 2667 peuple
848 2624 868 2656 a
894 2621 927 2656 le
945 2622 1067 2656 suivre
1093 2623 1114 2655 a
1140 2621 1176 2655 la
1200 2619 1417 2655 cathedrale.
1453 2619 1506 2653 En
1533 2618 1707 2663 quelques
1733 2618 1903 2658 instants,

123 2678 223 2710 toute
247 2675 284 2710 la
309 2675 396 2710 ville
422 2678 478 2710 est
496 2675 633 2710 avertie
661 2676 703 2709 de
729 2675 752 2709 l’
768 2675 908 2710 arrivee
934 2675 1054 2710 subite
1081 2675 1126 2709 du
1145 2674 1259 2718 grand
1285 2676 1418 2719 apotre,
1447 2675 1482 2707 et
1508 2674 1607 2707 toute
1632 2671 1668 2706 la
1693 2671 1902 2717 population

124 2732 212 2764 veut
236 2729 270 2763 le
297 2729 376 2764 voir
402 2731 438 2763 et
463 2728 679 2763 l’entendre.
716 2729 765 2763 La
785 2728 992 2763 cathedrale
1019 2731 1074 2763 est
1100 2730 1180 2773 trop
1200 2727 1327 2762 e'troite
1354 2738 1443 2772 pour
1469 2726 1631 2761 contenir
1655 2725 1691 2759 la
1716 2725 1813 2759 foule
1839 2724 1900 2769 qui

125 2794 163 2818 se
189 2794 324 2828 presse,
351 2784 386 2817 et
412 2782 446 2817 le
473 2783 587 2826 grand
616 2782 791 2824 Canisius,
819 2794 947 2816 encore
973 2784 1053 2816 tout
1081 2784 1230 2816 convert
1257 2781 1299 2815 de
1325 2780 1360 2814 la
1386 2781 1570 2825 poussiere
1594 2779 1640 2813 du
1667 2779 1818 2821 chemin,
1845 2780 1901 2813 est

125 2848 168 2871 en
195 2835 334 2871 chaire“
366 2838 434 2871 etc.
463 2836 502 2880 (l.
521 2848 551 2870 c.
570 2836 669 2879 310).

244 2902 271 2931 a)
292 2901 362 2926 Vide
382 2901 477 2932 infra.
497 2901 566 2925 adn.
586 2902 612 2925 2.

248 3002 258 3022 ¹
284 3001 457 3036 Friderici
483 3012 503 3035 a
529 3001 730 3044 Wirsberg.

244 3054 257 3075 ²
284 3054 467 3089 Canisium
486 3054 708 3099 Herbipolim
726 3055 809 3088 ante
828 3053 884 3089 20.
904 3053 1039 3099 Aprilis
1064 3064 1135 3087 non
1152 3052 1296 3088 venisse
1316 3055 1453 3088 certum
1473 3053 1528 3087 est
1547 3051 1598 3097 (v.
1618 3063 1726 3097 supra
1745 3063 1779 3097 p.
1798 3050 1896 3094 547).

125 3106 325 3143 Volebatne
351 3107 545 3142 historicus
570 3107 631 3142 ille
658 3107 814 3142 scribere
844 3106 976 3149 „XXIL
1005 3106 1137 3151 April.“
1154 3108 1172 3141 ‘?
