2044 3335
142 98 226 140 336
651 98 752 132 1673.
781 97 946 132 Canisius
973 98 1006 132 S.
1026 97 1217 133 Francisco
1244 99 1408 143 Borgiae.

141 215 364 258 Senatoris
396 230 541 270 nepos,
577 216 644 258 cui
679 217 789 258 bona
821 222 946 270 spes²
978 231 1003 259 a
1036 218 1158 259 nobis
1189 218 1310 261 facta
1342 221 1409 261 est
1431 219 1516 261 iam
1541 221 1683 270 antea,
1719 219 1831 272 quod
1860 220 1905 261 in

140 280 290 321 eodem
323 281 416 322 loco
449 281 752 334 reciperetur¹'‚
788 296 883 323 cum
916 283 973 324 sit
1006 282 1133 324 ualde
1165 284 1398 334 modestuS,
1433 287 1477 325 et
1510 283 1670 326 nostris
1703 284 1904 338 Dilingae

139 345 348 398 probatus
364 348 389 387 1.

257 410 466 451 Miramur
497 410 540 451 in
573 425 694 452 mora
717 425 811 453 esse
835 411 972 452 ciuem
995 411 1116 453 illum
1138 410 1441 464 Augustanum
1465 413 1643 464 Romae,
1679 413 1905 466 quominus

138 473 284 516 Pictor
325 475 518 525 accedat,
561 475 633 528 qui
674 478 871 530 optatam
914 490 939 518 a
971 476 1183 529 Fuggeris
1215 477 1430 531 Deiparae
1471 478 1702 532 imaginem
1742 478 1785 519 in
1818 478 1903 520 lino

139 538 346 592 depingat
359 540 387 582 2.
451 540 667 582 Admonui
700 541 781 582 hac
815 541 866 582 de
899 555 946 582 re
978 541 1256 594 Fuggericos.

257 604 418 658 Scripsi
450 606 504 646 ad
527 606 578 648 D.
603 606 812 648 Thomam
837 606 1022 656 Gallum,
1057 606 1239 660 misique
1271 608 1478 661 scriptum
1502 608 1547 650 P.
1573 608 1620 650 T.
1645 611 1693 650 ut
1725 607 1835 650 sciat
1857 621 1904 650 se

136 668 345 721 religione
387 673 585 712 uotorum
628 671 836 714 absolui3.
900 671 1102 713 Nondum
1144 673 1367 726 respondit
1408 673 1544 714 bonus
1577 672 1655 723 uir,
1699 673 1752 714 de
1784 673 1904 715 cuius

137 733 355 784 castitate,
398 735 509 778 sicut
551 738 595 778 et
626 737 677 779 D.
702 736 959 786 Chunradi4,
1003 736 1125 778 nobis
1163 738 1347 779 molesta
1380 738 1640 780 referuntur.
1704 738 1780 780 Jta
1812 738 1904 780 fere

135 799 226 839 fieri
251 799 374 850 solet,
403 803 451 842 ut
472 801 516 842 in
539 800 693 854 spiritu
716 801 965 843 deficientes
978 803 1006 852 5,
1037 804 1081 843 et
1101 802 1373 844 uocationem
1397 817 1519 844 suam
1542 803 1858 856 relinquentese
1873 803 1901 853 6,

137 864 324 905 carnis
358 866 555 918 opera7
588 870 839 919 sequantur,
872 866 1123 920 maioraque
1145 868 1352 909 scandala
1385 868 1590 919 excitent,
1625 882 1754 921 quam
1787 881 1903 910 com-

136 929 283 982 plures
321 930 407 984 alij.

254 995 318 1036 De
351 995 671 1038 confessoribus
704 1000 748 1038 et
774 996 1073 1040 sacerdotibus
1106 997 1202 1039 huic
1234 998 1479 1052 prouintiae
1510 997 1798 1051 necessarijs8
1829 998 1903 1040 de-

135 1072 217 1111 que
239 1059 368 1101 rebus
391 1060 488 1114 alijs
511 1061 789 1114 collegiorum
814 1076 960 1104 curam
984 1076 1152 1104 omnem
1176 1063 1342 1116 reliqui,
1378 1065 1426 1105 ut
1447 1077 1526 1117 par
1548 1066 1628 1114 est,
1664 1063 1708 1105 P.
1727 1063 1900 1112 Paulo9‚

136 1123 207 1176 qui
231 1124 461 1178 Oeniponti
484 1126 715 1168 Rectorem
748 1127 829 1168 sibi
851 1127 1076 1170 substituit
1101 1128 1144 1170 P.
1171 1128 1410 1170 Gerardum
1426 1129 1472 1171 10.
1507 1141 1731 1182 speramus
1755 1131 1899 1170 autem

133 1188 252 1230 illum
286 1193 464 1244 propter
498 1191 803 1234 Visitationem
836 1192 918 1234 huc
952 1193 1070 1234 breui
1104 1206 1200 1235 esse
1232 1196 1476 1236 uenturum.

254 1254 299 1297 P.
325 1255 561 1308 Gregorius
603 1257 781 1299 hortatu
813 1271 908 1299 meo
942 1257 1084 1312 coepit
1126 1258 1396 1300 conscribere
1439 1259 1674 1309 contiones,
1719 1272 1826 1312 quas
1857 1258 1901 1300 in

132 1319 350 1372 publicum
383 1321 485 1363 edat
518 1322 785 1372 Germanice,
821 1323 872 1364 de
904 1323 1173 1377 poenitentia
1206 1323 1384 1373 scilicet,
1423 1323 1536 1365 sicut
1568 1337 1642 1365 eas
1675 1323 1901 1376 Augustae

132 1397 292 1436 magna
333 1399 428 1426 cum
470 1386 597 1428 laude
639 1387 801 1430 habuit.
866 1387 1099 1431 Confirmet
1137 1388 1260 1430 eumd
1298 1402 1458 1441 quaeso
1491 1389 1537 1430 P.
1562 1388 1609 1430 Τ.
1643 1388 1686 1429 in
1719 1388 1799 1429 hoc
1831 1387 1900 1441 pio

132 1449 376 1502 proposito:
400 1465 478 1492 nos
500 1451 686 1494 libenter
708 1452 914 1494 addemus
938 1467 1126 1506 operam,
1150 1455 1199 1495 ut
1220 1453 1325 1495 nihil
1342 1453 1421 1494 nisi
1441 1453 1669 1507 probatum
1688 1453 1900 1495 edat11r11.

251 1525 279 1555 a)
308 1526 373 1550 Dico
393 1534 435 1550 vv.
456 1534 514 1558 sqq.
535 1535 553 1551 α
574 1528 602 1551 C.
621 1535 714 1559 snpra
737 1535 850 1552 versum
869 1528 981 1559 scripta
1001 1531 1077 1553 sunt.
1169 1526 1199 1559 b)
1226 1529 1393 1559 Sequuntur
1412 1529 1469 1553 duo
1493 1536 1535 1552 rr.
1557 1529 1637 1558 (cum
1657 1526 1814 1552 accederet
1832 1527 1902 1558 [.2]),

134 1573 150 1588 (1
173 1566 200 1590 C.
223 1566 311 1591 oblitt.
386 1568 411 1598 c.)
432 1567 636 1600 relinquentis
656 1572 768 1600 αιιίορν.
844 1568 874 1600 d)
895 1571 941 1594 Ita
963 1571 990 1594 C.
1011 1570 1138 1595 correoeit
1157 1572 1202 1601 (nt
1222 1570 1350 1599 videtur)
1372 1578 1407 1594 mr
1426 1576 1501 1594 cum.

136 1648 390 1693 Rumpmulich
417 1650 674 1696 [Rumpmilch]
703 1652 898 1693 Todesco“,
938 1652 1137 1696 „Volfango
1173 1652 1376 1696 Guglielmo
1411 1652 1569 1686 D’Aluer
1604 1651 1806 1695 [d’Alber‘P]
1833 1651 1897 1686 Το-

136 1701 284 1742 desco“;
313 1703 425 1748 pridie
452 1707 572 1738 autem
599 1705 675 1739 eius
694 1705 762 1739 diei
782 1705 996 1748 „Gottifrido
1015 1706 1106 1740 Zotti
1126 1705 1230 1750 [Zott]
1252 1706 1430 1740 Todesco“
1461 1706 1495 1739 in
1523 1705 1714 1748 collegium
1741 1704 1896 1744 redisse:

135 1753 229 1788 hunc
256 1757 360 1797 enim,
388 1768 467 1791 cum
493 1759 526 1792 4.
545 1758 760 1793 Novembris
790 1759 878 1793 1565
906 1759 1059 1804 primum
1086 1760 1259 1800 venisset,
1288 1760 1341 1794 13.
1367 1758 1587 1804 Septembris
1615 1758 1706 1793 1568
1732 1758 1813 1792 inde
1840 1758 1897 1792 do-

134 1819 231 1841 mum
268 1821 347 1843 esse
381 1822 568 1845 reversum
597 1812 744 1854 (Annali
772 1813 785 1845 1
822 1813 866 1846 52
893 1813 937 1847 65
965 1813 1009 1847 66
1037 1812 1100 1853 68;
1138 1813 1169 1846 11
1198 1813 1295 1855 221).
1351 1813 1398 1846 De
1425 1812 1525 1846 Zotto
1552 1824 1584 1846 v.
1615 1813 1702 1846 Can.
1721 1811 1753 1845 V
1780 1812 1811 1845 3.
1863 1812 1897 1845 Is

137 1861 190 1895 19.
218 1862 340 1896 Martii
369 1865 460 1898 1565
488 1865 653 1908 Dilingae
680 1866 714 1899 in
742 1865 863 1900 album
889 1866 1140 1900 universitatis
1165 1866 1301 1900 relatus
1328 1868 1405 1900 erat
1433 1866 1587 1909 (Specht,
1613 1866 1720 1899 Matr.
1739 1865 1813 1908 48).

258 1917 267 1935 ¹
293 1916 423 1950 Nescio
449 1929 532 1951 num
558 1918 784 1960 significetur
811 1919 959 1953 Carolus
986 1931 1095 1963 nepos
1116 1919 1363 1963 Christophori
1391 1919 1588 1962 Peutinger
1618 1918 1760 1963 patricii
1786 1929 1896 1961 augu-

134 1968 241 2009 stani,
280 1970 340 2013 qui
370 1971 602 2005 1553—1576
630 1983 722 2005 unus
748 1984 793 2005 ex
820 1972 956 2006 duobus
982 1972 1055 2006 illis
1084 1972 1202 2014 „urbis
1229 1972 1540 2016 procuratoribus*
1574 1971 1893 2016 (,‚Stadtpfleger“)

135 2024 222 2063 erat,
249 2034 358 2066 penes
385 2034 473 2067 quos
499 2035 638 2058 summa
664 2027 826 2069 potestas
854 2028 931 2059 erat
951 2025 1428 2069 (Lanyenmamel-Brucker
1454 2025 1477 2059 l.
1497 2037 1525 2059 c.
1548 2025 1637 2059 Anh.
1655 2025 1704 2068 1).
1748 2024 1896 2059 Carolus

135 2073 301 2119 Dilingae
328 2076 360 2111 2.
387 2076 553 2111 Octobris
582 2079 672 2112 1564
698 2078 909 2113 matriculae
935 2078 1184 2113 universitatis
1210 2079 1405 2124 inscriptus
1441 2081 1476 2113 et
1505 2080 1557 2113 15.
1584 2078 1670 2112 Maii
1699 2079 1787 2113 1571
1823 2089 1895 2112 ma-

135 2128 250 2170 gister
274 2129 521 2174 philosophiae
547 2130 678 2172 factus,
705 2143 735 2166 a.
757 2132 848 2166 1572
875 2132 1004 2166 ibidem
1041 2132 1077 2165 in
1103 2132 1318 2181 Societatem
1346 2132 1426 2166 Iesu
1454 2132 1632 2166 admissus
1658 2133 1714 2166 est
1743 2132 1895 2175 (specht,

135 2181 243 2215 Matr.
260 2184 326 2223 46;
352 2183 461 2218 Univ.
479 2184 563 2218 Dill.
582 2185 696 2228 4742).
732 2185 788 2218 An
814 2185 1040 2228 significatur
1066 2186 1217 2219 Ioannes
1240 2185 1419 2219 Hemicus
1437 2185 1634 2228 Rehlinger
1660 2188 1894 2228 augustanus,

134 2235 194 2278 qui
230 2235 285 2270 24.
313 2235 528 2271 Novembris
556 2238 646 2271 1564
682 2238 892 2272 matriculae
925 2238 1130 2282 dilinganae
1165 2239 1360 2283 inscriptus
1396 2241 1451 2272 est
1479 2239 1631 2282 (δρα-ἠέ,
1667 2238 1774 2272 Matr.
1800 2237 1895 2281 46)‘.>

135 2288 314 2322 Henricus
332 2289 527 2333 Rehlinger
554 2302 584 2324 a.
602 2291 834 2325 1556-1575
861 2291 959 2325 urbis
978 2295 1202 2335 augustanae
1227 2295 1437 2336 procurator
1463 2292 1532 2326 fuit
1556 2291 1666 2335 (Paul
1681 2302 1747 2325 von
1766 2292 1895 2325 Stetten

133 2341 216 2383 iun.‚
244 2341 460 2377 Geschichte
486 2344 548 2377 der
566 2343 752 2378 adelichen
772 2344 1031 2379 Geschlechter
1056 2345 1091 2378 in
1111 2346 1317 2389 Augsburg,
1337 2345 1530 2389 Augsburg
1552 2345 1652 2385 1762,
1679 2344 1892 2387 109—112).

254 2396 266 2415 2
292 2395 384 2429 Vide
409 2407 519 2440 supra
544 2408 577 2441 p.
597 2397 676 2431 318.
823 2398 835 2417 ³
861 2398 952 2432 Vide
977 2409 1087 2443 supra
1113 2411 1146 2443 p.
1165 2399 1244 2433 325.

252 2450 264 2468 4
292 2448 475 2493 Swagerii.
526 2450 680 2485 Dubium
706 2453 827 2485 tamen
853 2454 917 2492 est,
944 2463 1028 2485 num
1055 2463 1216 2486 rumores
1242 2452 1295 2485 illi
1321 2451 1456 2486 fuerint
1481 2451 1570 2486 veri.
1613 2451 1717 2485 Certe
1743 2452 1894 2494 uterque

136 2501 235 2535 brevi
270 2503 314 2536 ad
349 2503 478 2537 bonam
512 2503 654 2547 frugem
689 2504 825 2538 redisse
860 2504 1020 2545 videtur:
1056 2505 1098 2539 de
1129 2506 1312 2549 Swagerio
1347 2517 1382 2539 v.
1408 2516 1517 2549 supra
1552 2516 1584 2548 p.
1612 2504 1684 2545 83⁸,
1720 2504 1762 2537 de
1790 2503 1893 2538 Gallo

136 2566 244 2598 supra
285 2567 318 2600 p.
355 2556 434 2590 325.
494 2556 561 2591 Hic
603 2558 674 2591 iam
716 2568 746 2591 a.
786 2558 876 2592 1574
915 2557 1134 2592 Ratisbonae
1180 2558 1492 2600 „Poenitentiarii“
1538 2557 1697 2591 officium
1738 2557 1894 2591 habebat

139 2608 362 2652 (Sclzelllmss‚
390 2609 509 2643 Akten
536 2610 586 2644 IV
611 2611 687 2654 40).

256 2663 268 2680 5
296 2662 348 2695 Cf.
377 2662 444 2696 Gal
471 2663 502 2703 3,
530 2663 569 2703 3;
597 2664 629 2704 5,
660 2664 815 2704 16—18;
844 2664 904 2698 Iac
934 2665 961 2705 1,
988 2666 1011 2699 4
1038 2667 1104 2698 etc.

256 2715 269 2733 θ
296 2714 349 2749 Cf.
376 2716 396 2748 2
415 2715 493 2749 Tim
514 2717 543 2757 1,
572 2717 611 2757 9;
640 2717 738 2751 Hebr
765 2717 795 2758 3,
827 2718 864 2758 1;
892 2717 913 2751 2
939 2718 1139 2759 Petr1,10
1167 2720 1233 2751 etc.

256 2769 267 2787 7
295 2767 361 2801 Gal
388 2770 419 2809 5,
449 2770 509 2803 19:
537 2770 582 2804 cf.
610 2770 698 2804 Rom
725 2770 758 2811 8,
779 2771 833 2804 13.
979 2772 992 2790 ⁸
1019 2770 1072 2805 Cf.
1099 2782 1209 2816 supra
1236 2782 1267 2815 p.
1288 2770 1356 2804 290
1383 2770 1463 2804 305.
1609 2770 1621 2787 '·‘
1646 2769 1804 2803 Hoffaeo.

242 2821 269 2840 ¹⁰
295 2820 510 2863 Pastehum:
538 2834 571 2856 v.
591 2834 700 2867 supra
726 2835 757 2868 p.
779 2824 859 2858 303.

244 2874 269 2893 ¹¹
297 2874 335 2907 ln
362 2874 400 2908 Ρ.
429 2874 592 2918 Gregorii
618 2876 767 2910 Roseffii
795 2877 828 2911 S.
848 2878 880 2911 J.
909 2877 1127 2911 cathedralis
1165 2876 1338 2911 ecclesiae
1377 2878 1600 2918 augustanae
1639 2875 1892 2910 contionatoris

137 2925 340 2971 ⁹⁵,‚Eloyio“,
368 2928 482 2961 medio
508 2929 652 2962 saeculo
679 2929 791 2964 XVII.
818 2930 877 2964 vel
904 2931 1010 2975 paulo
1036 2933 1120 2964 ante
1145 2930 1291 2975 scripto,
1316 2932 1502 2963 narratur:
1543 2928 1641 2970 „Non
1666 2929 1799 2970 deerat,
1831 2929 1892 2973 qui

138 2979 248 3012 uerba
274 2979 317 3012 de
343 2991 402 3013 ore
429 2981 673 3015 concionantis
699 2982 734 3015 in
754 2982 915 3016 chartam
934 2983 1095 3024 referret,
1123 2985 1158 3017 et
1175 2984 1321 3026 accepto
1340 2981 1454 3026 pretio
1472 2982 1631 3026 pagatim
1650 2982 1891 3016 distribueret.

137 3032 320 3066 Nonnemo
347 3032 469 3066 eadem
496 3034 595 3078 typis
621 3036 885 3076 committebat;
926 3048 1017 3080 quae
1044 3037 1112 3070 etsi
1139 3036 1334 3079 Gregorius
1360 3047 1422 3079 pro
1448 3036 1524 3069 suis
1549 3047 1618 3069 non
1643 3036 1891 3078 agnosceret“,

138 3085 339 3119 hominibus
357 3088 476 3119 tamen
500 3087 700 3130 placebant.
730 3114 737 3121 .
751 3115 778 3122 ..
810 3089 1011 3133 ,Integram
1038 3101 1150 3134 paene
1168 3088 1419 3123 bibliothecam
1439 3088 1673 3129 elucubrauit,
1700 3090 1736 3122 et
1752 3091 1892 3123 suamet
