2044 3335
137 102 222 142 540
290 100 384 134 Mon.
412 99 598 134 934—935
625 98 702 132 sive
729 97 788 131 dil.
807 97 982 141 (7)—(s).
1022 97 1075 131 19.
1099 97 1211 140 (eae)
1233 97 1452 133 iunii—17.
1472 97 1627 141 Augusti
1655 98 1756 132 1569.

131 215 353 249 Sacramenti
375 214 474 248 1569.
513 214 665 256 Incipit:
691 212 919 257 Propositum
946 215 1002 246 est
1027 211 1124 254 mihi,
1152 214 1218 245 uta
1234 212 1335 246 uobis
1354 211 1540 247 charitatis
1567 224 1656 257 opus
1674 213 1897 247 ostenderem

130 268 197 302 hoc
223 271 381 311 tempore
408 267 442 299 id
469 268 523 300 est
550 266 705 299 facerem
736 266 893 309 aliquam
929 265 1213 299 exhortationem
1251 265 1295 299 ad
1331 265 1385 299 dei
1420 265 1570 309 gloriam
1606 268 1642 300 et
1675 277 1897 301 communem

129 322 329 365 profectum
357 319 588 353 audientium.
640 318 730 352 Volo
757 318 868 361 igitur
894 318 983 352 alias
1010 329 1109 352 meas
1135 318 1365 362 ocupationes
1392 329 1573 363 seponere.
1625 319 1670 353 Et
1696 319 1732 352 in
1757 319 1898 353 nomine

129 373 271 407 Domini
290 372 424 416 aliquid
444 374 596 411 tentare,
623 374 663 405 ut
681 373 716 405 et
744 383 808 415 ego
833 371 989 405 debitam
1017 371 1229 405 charitatem
1250 371 1423 415 proximis
1442 383 1628 405 exerceam
1639 372 1664 413 ¹³,
1692 374 1727 406 et
1745 373 1898 417 proximi

131 427 355 460 occasionem
392 424 549 458 habeant
584 425 626 458 de
653 424 727 458 Deo
754 427 790 458 et
825 424 1072 469 spiritualibus
1106 424 1213 457 rebus
1248 424 1423 465 audiendi,
1460 425 1617 459 discendi
1643 427 1679 459 et
1705 425 1896 468 cogitandi.

128 480 207 513 Non
234 479 388 512 occurrit
405 478 530 511 melior
556 478 599 511 ad
626 478 854 512 tractandum
872 477 1024 511 materia
1050 488 1156 521 quam
1184 477 1226 510 de
1245 477 1401 511 Missaec
1426 477 1611 520 sacrificio,
1639 480 1675 512 et
1700 478 1816 512 adhuc
1842 489 1899 512 me

128 532 282 566 incitatd
306 532 421 576 primo
448 531 532 564 festi
559 533 595 564 et
630 533 779 565 octauae
817 531 923 565 huius
959 531 1061 565 ratio.
1090 558 1097 564 .
1127 557 1134 564 .
1164 557 1171 564 .
1224 529 1347 564 Dicam
1382 531 1495 575 primo
1522 531 1563 565 de
1591 531 1766 575 dignitate
1792 531 1899 566 huius

127 584 344 619 sacramenti
371 584 496 628 quanti
523 584 570 618 sit
596 584 799 618 faciendum
826 584 870 618 ab
906 584 1070 618 omnibus
1104 583 1141 618 29
1168 594 1279 627 qua-re
1313 595 1407 618 nunc
1441 583 1492 617 ita
1523 584 1730 628 negligatur
1756 587 1792 618 et
1818 596 1898 618 con-

128 640 321 672 temnatur.

249 690 432 724 Canisium
457 689 625 733 Dilingae
652 689 707 723 die
736 690 789 724 16.
810 689 900 723 Iunii
921 689 1022 730 1569,
1049 689 1110 733 qui
1136 700 1176 723 eo
1203 700 1294 723 anno
1322 691 1399 723 erat
1425 689 1500 723 dies
1526 691 1677 724 octavus
1703 690 1787 724 festi
1813 690 1895 724 Cor-

128 744 225 788 poris
252 743 396 784 Christi,
424 743 558 777 dixisse
585 742 766 786 colligitur
792 754 837 776 ex
864 742 1123 776 exhortationis
1153 742 1402 787 inscriptione;
1440 743 1573 777 dixisse
1608 745 1729 777 autem
1754 743 1899 777 videtur

134 797 179 830 ad
206 797 427 831 academiam
453 796 531 830 sive
556 796 842 830 universitatem.
895 795 1084 830 Caeterum
1112 807 1157 829 ex
1181 807 1329 830 numero
1360 797 1436 838 7,1“,
1473 807 1578 839 quem
1606 797 1641 830 in
1667 796 1899 841 inscriptione

128 850 259 894 posuit,
287 849 486 893 collegeris,
513 861 594 883 eum
621 849 822 894 complures
848 849 1022 883 eiusmodi
1049 848 1317 883 exhortationes
1342 848 1509 883 habuisse
1528 849 1587 883 vel
1613 849 1741 883 saltem
1768 849 1900 884 habere

127 902 297 937 voluisse.

131 1022 238 1060 934
264 1024 342 1058 sive
370 1022 465 1059 dil.
486 1023 585 1069 (7).
660 1022 708 1058 19.
729 1021 842 1066 (26.?)
861 1021 956 1058 Iunii
982 1021 1076 1058 1569.

253 1084 308 1117 Ex
335 1083 469 1117 Canisii
496 1083 730 1127 autographo.
783 1083 866 1116 Can.
886 1083 932 1118 32
958 1083 982 1118 f.
1004 1083 1234 1118 106b—107b.

254 1144 421 1177 Canisizcs
448 1144 616 1186 Dilingyac
641 1143 842 1176 doctrinam
870 1143 1104 1176 christianam
1130 1143 1309 1186 explicare
1334 1144 1470 1185 incipit.

251 1202 295 1235 In
321 1213 394 1236 uno
420 1214 462 1236 esc
491 1203 688 1245 Coctia-ibas,
718 1203 758 1235 in
785 1202 911 1245 quibus
941 1202 1108 1235 canisius
1133 1204 1310 1235 contiones
1334 1213 1419 1236 suas
1445 1207 1474 1235 et
1499 1203 1615 1246 varia,
1643 1213 1730 1246 quae
1755 1203 1826 1244 ipsi
1851 1202 1900 1235 ad

133 1258 308 1289 contiones
332 1257 438 1289 utilia
465 1267 534 1289 esse
555 1260 707 1299 possent,
744 1260 867 1288 notare
900 1256 1042 1299 solebat,
1076 1255 1160 1289 haec
1194 1256 1307 1298 ipsius
1341 1267 1452 1289 manu
1485 1258 1620 1299 scripta
1653 1259 1757 1289 semi:
1794 1255 1810 1288 1
1839 1266 1898 1288 ex-

131 1308 287 1342 hortatio
308 1308 550 1343 Catechistica
578 1309 668 1343 1569
696 1308 739 1342 ad
766 1319 906 1353 pueros.
949 1308 1111 1342 Jntentio
1136 1311 1260 1342 nostra
1286 1311 1350 1348 est,
1381 1308 1532 1353 posthac
1559 1309 1649 1343 dieb.
1676 1308 1780 1342 festis
1806 1310 1899 1342 trac-

132 1364 209 1396 tare
236 1362 370 1406 aliquid
398 1362 432 1396 in
459 1373 563 1396 usum
594 1373 787 1406 puerorum
814 1364 848 1396 et
875 1361 1100 1406 simplicium.
1151 1361 1281 1395 Nullus
1307 1361 1456 1396 miretur
1490 1373 1554 1396 nos
1580 1361 1737 1406 incipere
1762 1361 1900 1395 uersari

132 1427 211 1449 cum
230 1415 477 1457 Kinderlehre,
504 1415 607 1459 quasi
633 1414 680 1449 sit
707 1415 844 1460 puerile
871 1414 1025 1459 simplex
1052 1415 1177 1448 inutile
1204 1417 1240 1449 et
1265 1415 1507 1449 frustraneum
1535 1415 1750 1455 institutum,
1778 1416 1814 1448 et
1840 1425 1898 1448 res

132 1469 235 1513 parui
275 1468 456 1502 momenti.
508 1470 645 1502 Deinde
683 1469 848 1502 Canz'sins
882 1471 902 1501 6
929 1480 1080 1512 „camos
1112 1466 1308 1502 mouentes“
1345 1470 1392 1502 ad
1427 1480 1502 1502 eam
1539 1469 1796 1502 institutionem
1826 1479 1900 1501 sus-

132 1523 331 1565 cipiendam
357 1526 507 1555 recenset
533 1526 563 1555 et
587 1524 608 1555 8
627 1521 888 1566 ,,ριιαεεΐιῗοιιθθ“
918 1534 995 1555 euni
1020 1524 1095 1555 suis
1121 1523 1409 1564 responsionibus
1435 1533 1627 1565 earumque
1653 1522 1900 1565 eaeplicationi-

131 1576 195 1608 bns
213 1577 340 1618 ponit;
366 1587 456 1619 quae
482 1577 529 1608 ad
556 1576 747 1608 christiani
772 1576 927 1609 hominis
943 1587 1069 1609 nomen
1095 1576 1189 1609 etad
1212 1576 1364 1608 eiusdem
1389 1577 1539 1619 siquam,
1567 1576 1660 1618 Quod
1686 1579 1733 1608 est
1757 1576 1898 1618 siqnum

130 1630 258 1673 ‹ei-ucis,
285 1629 535 1673 explicandum
560 1632 727 1672 spectant.

255 1681 515 1724 ⁷,Catechistica
549 1681 771 1715 exhortatio“
802 1681 891 1715 haec
925 1681 961 1715 in
988 1681 1116 1716 Codice
1151 1681 1313 1726 proxime
1348 1681 1511 1725 sequitur
1545 1680 1788 1715 homileticam
1818 1692 1898 1722 „ex-

130 1734 388 1769 hortationen1“
419 1735 462 1768 de
489 1735 599 1769 missa
627 1735 681 1769 16.
708 1734 800 1768 Iunii
829 1735 918 1769 1569
945 1746 966 1768 a
993 1734 1135 1769 Canisio
1161 1734 1327 1778 Dilingae
1363 1734 1542 1775 habitam;
1579 1746 1689 1778 quare
1724 1745 1802 1768 eam
1837 1734 1898 1767 vel

131 1788 295 1832 proxima
321 1787 507 1822 Dominica
535 1788 643 1832 (quae
670 1790 748 1822 erat
776 1789 830 1823 19.
856 1787 965 1832 lunii)
992 1787 1051 1822 vel
1079 1789 1157 1822 octo
1184 1787 1308 1822 diebus
1334 1790 1416 1833 post
1441 1788 1518 1822 sive
1546 1788 1601 1822 26.
1620 1787 1712 1821 Iunii
1738 1787 1897 1821 habitam

132 1852 212 1875 esse
239 1841 383 1876 conicio.
436 1841 490 1876 Cf.
516 1842 625 1875 etiam
651 1853 760 1886 supra
786 1853 820 1886 p.
845 1841 924 1876 539.

132 1962 236 1999 935
263 1964 342 1997 sive
369 1961 463 1998 dil.
484 1961 587 2008 (S).
662 1962 708 1999 17.
727 1962 886 2010 Augusti
912 1962 1006 1998 1569.

246 2023 302 2056 Ex
328 2023 534 2068 apographo
561 2024 721 2057 eiusdem
746 2023 928 2068 temporis.
973 2022 1093 2058 Germ.
1113 2022 1158 2058 70
1184 2022 1208 2057 f.
1228 2022 1247 2056 3
1263 2029 1309 2056 aa.

246 2083 478 2126 Praepositam
509 2085 685 2126 ,aenei-alis
720 2087 835 2126 optat,
882 2087 918 2115 at
957 2083 1123 2116 Canisz'us
1158 2083 1326 2125 Dilinqae
1359 2082 1494 2115 sodales
1532 2083 1571 2115 in
1615 2082 1893 2124 confessionibus

129 2137 372 2170 studiosorum
398 2137 615 2179 eaecipiendis
639 2137 780 2169 adiuvet
788 2149 802 2178 ,·
827 2137 866 2169 id
892 2137 984 2179 quod
1009 2146 1136 2179 mayno
1163 2146 1241 2169 cnm
1264 2136 1388 2178 fructa
1412 2137 1579 2178 facturus
1602 2137 1658 2169 sit.

247 2197 296 2238 P.
321 2197 504 2238 Ioannes
537 2197 588 2238 de
618 2197 801 2238 Polanco
833 2197 1053 2239 Societatis
1084 2197 1337 2237 secretarius
1367 2197 1575 2238 mandatu
1608 2196 1650 2238 S.
1675 2195 1899 2237 Francisci

128 2262 315 2317 Boryiae
342 2263 578 2317 praepositi
608 2263 816 2317 yeneralis
848 2262 895 2303 P.
935 2262 1186 2303 leeodorico
1222 2262 1394 2303 Canisio
1426 2263 1578 2303 rectori
1607 2261 1896 2302 universitatis

130 2328 369 2382 colleqe'iqae
412 2327 625 2382 dilinyani
666 2328 835 2381 scripsit
872 2327 1050 2368 Tusculo
1082 2328 1151 2369 17.
1179 2327 1366 2381 Augyusti
1393 2328 1533 2368 1569:
1563 2326 1602 2367 A
1634 2325 1739 2368 tutti
1772 2324 1808 2366 ci
1841 2324 1897 2366 da

129 2391 424 2434 consolatione
467 2392 609 2444 quello
652 2392 730 2433 che
771 2391 910 2433 scriue
943 2391 994 2434 V.
1027 2391 1078 2433 R.
1114 2391 1182 2433 del
1224 2391 1308 2433 bon
1338 2404 1568 2445 progresso
1611 2391 1708 2432 dela
1748 2389 1896 2432 schola

130 2456 373 2510 dilingana,
408 2459 452 2499 et
483 2471 569 2498 non
602 2457 894 2499 conuerrebbe
927 2457 1005 2499 che
1036 2457 1080 2498 in
1112 2457 1237 2498 modo
1271 2456 1446 2507 alcum,
1489 2456 1760 2498 mancassino
1794 2469 1895 2496 con-

129 2521 285 2563 fessori
316 2535 395 2576 per
426 2521 456 2563 li
488 2521 689 2573 scholari,
724 2524 768 2564 et
800 2522 914 2564 oltra
941 2522 983 2563 di
1016 2521 1146 2574 quelli
1180 2521 1249 2563 doi
1282 2521 1359 2562 che
1382 2520 1433 2563 V.
1459 2521 1509 2563 R.
1534 2520 1626 2562 dice
1658 2520 1894 2562 attendono

131 2588 157 2627 a
192 2586 459 2638 confessarii,
503 2601 608 2641 pare
641 2586 778 2629 anche
819 2588 845 2629 a
877 2587 932 2630 N.
966 2587 1108 2629 Padre
1141 2586 1220 2628 che
1251 2586 1281 2628 il
1313 2587 1365 2629 D.
1400 2585 1569 2628 Canisio
1602 2585 1779 2627 doueria
1820 2583 1894 2627 alli

130 2650 296 2703 bisogni
323 2651 458 2694 anche
481 2652 649 2694 aiutare
670 2651 823 2706 poiche
847 2652 1000 2694 adesso
1023 2652 1188 2694 hauera
1219 2651 1293 2705 piii
1314 2653 1473 2705 tempo,
1508 2654 1552 2693 et
1574 2664 1620 2692 se
1643 2650 1673 2691 li
1694 2649 1894 2704 potriano

130 2718 316 2757 mettere
358 2730 436 2770 per
476 2717 516 2758 le
548 2717 663 2759 mani
706 2716 849 2758 alcuni
889 2716 1076 2759 scholari
1118 2716 1159 2757 di
1191 2716 1304 2758 bona
1332 2716 1499 2769 jndole,
1543 2715 1661 2757 accio
1703 2729 1783 2756 con
1815 2728 1894 2756 sua

131 2780 391 2822 commodita
422 2781 452 2821 li
475 2782 807 2833 confessassino,
841 2782 999 2836 perche
1022 2782 1137 2823 oltra
1170 2781 1211 2822 di
1234 2781 1457 2823 ministrar
1479 2783 1632 2833 questo
1655 2779 1892 2822 ministerio

129 2846 254 2885 tanto
287 2846 459 2898 proprio
482 2846 534 2887 de
567 2846 783 2889 sacerdoti
817 2846 857 2888 di
889 2851 1039 2889 nostra
1062 2845 1338 2900 Compagnia,
1373 2859 1453 2887 con
1485 2859 1564 2887 sua
1596 2844 1795 2895 charitae,
1827 2844 1893 2885 in-

131 2908 299 2949 dustria
340 2911 384 2950 et
416 2910 607 2953 autorita
647 2911 683 2952 si
725 2911 853 2953 crede
896 2911 1082 2953 darebbe
1125 2910 1242 2952 aiuto
1285 2909 1529 2964 spirituales
1557 2924 1642 2952 non
1678 2909 1893 2951 mediocre

133 2974 159 3014 a
190 2972 325 3015 molti.

250 3050 277 3073 a)
298 3047 437 3077 Sequitur
456 3046 588 3080 aliquod,
608 3057 625 3073 a
646 3050 711 3074 libr.
733 3051 822 3075 oblitt.
885 3049 916 3081 b)
937 3049 1101 3075 exerceant
1121 3051 1188 3075 libr.
1251 3049 1276 3081 c)
1298 3048 1392 3074 Missa
1412 3050 1478 3074 libr.
1542 3048 1572 3080 d)
1593 3050 1640 3074 Ita
1661 3050 1689 3074 C.
1709 3049 1837 3074 correxit
1856 3056 1892 3074 ex

133 3085 256 3118 ineidat,
276 3088 349 3118 quod
370 3088 434 3112 libr.
452 3092 600 3119 posuerat.
657 3092 685 3122 e)
707 3091 742 3114 In
762 3099 809 3122 ap.
829 3091 963 3122 sequitur
983 3090 1023 3122 et,
1043 3091 1132 3116 omitt·
1189 3089 1218 3122 f)
1240 3091 1273 3115 In
1295 3099 1341 3122 ap.
1362 3091 1496 3122 sequitur
1514 3091 1641 3115 alterum
1660 3088 1828 3123 spirituale.
