2044 3335
154 99 238 140 718
545 98 638 131 Mon.
668 97 756 132 1067
784 97 861 130 sive
887 108 962 130 var.
984 95 1050 140 (3).
1093 97 1218 131 Mense
1245 95 1390 131 Octobri
1419 97 1520 132 1567.

151 214 302 267 rediJ't,
349 227 507 266 magna
551 225 687 265 eaque
731 213 843 254 bona
888 213 1037 255 attulit
1082 213 1295 255 desideria
1338 214 1522 267 plurima
1566 215 1608 256 in
1649 216 1913 271 Episcopatu

150 278 413 330 Frisingensi
457 277 732 330 exequenda3
776 280 820 318 et
852 280 900 318 vt
932 277 986 319 ad
1019 278 1170 324 multa,
1214 281 1460 320 nostrorum
1503 293 1633 333 opera
1666 281 1728 322 vti
1766 285 1914 335 posset

152 343 223 396 qui
257 343 311 384 ad
342 342 482 395 ipsum
525 341 755 394 aliquando
788 341 1031 395 Frisingam
1064 343 1336 393 accederent,
1381 357 1552 396 vnaque
1585 358 1728 387 secum
1762 346 1914 388 Mona-

150 407 283 449 steria
316 406 545 448 visitarent
578 410 674 456 etc,
718 407 902 449 accessit
933 407 988 448 ad
1022 407 1066 450 P.
1102 407 1414 449 Prouincialem
1458 409 1530 461 qui
1563 409 1602 451 ei
1633 409 1740 452 haec
1773 411 1916 453 omnia

151 471 339 524 negauit,
375 471 486 524 quod
519 471 694 512 virum
729 471 1168 513 desideriorum1
1199 473 1313 514 male
1345 473 1508 516 habuit.

267 541 398 574 Pfister
416 541 542 575 deinde
568 541 612 575 ab
631 541 778 575 Hoffaeo
805 553 945 585 quoque
964 542 1066 576 varia
1092 542 1247 586 petebat,
1273 542 1486 587 interposita
1504 543 1611 577 etiam
1638 555 1745 588 opera
1763 544 1915 579 Simonis

150 594 329 628 Thaddaei
357 594 457 627 Eckii
486 594 689 628 cancellarii
715 596 952 629 monacensis.
995 595 1145 638 Borgias
1173 595 1324 629 Pfistero
1351 596 1517 630 26.1unii
1549 597 1637 631 1568
1664 598 1819 642 scripsit,
1845 609 1914 632 non

149 658 254 691 posse
293 646 507 680 Societatem
549 647 731 681 seminarii
774 648 983 682 clericorum
1022 648 1209 692 Frisingae
1251 649 1461 683 instituendi
1504 649 1563 683 vel
1604 651 1750 694 regendi
1794 663 1914 685 curam

149 700 331 744 suscipere
361 700 495 744 (Dnhr,
523 701 595 734 Jes.
625 700 639 734 1
667 701 883 744 319—320).

151 814 288 850 1067
316 817 394 849 sive
421 825 535 851 var.
557 815 657 860 (3).
731 815 850 852 Mense
877 815 1025 852 Octobri
1054 816 1147 852 1567.

274 876 502 909 Tilemannus
516 876 713 909 Heshnsias
730 877 941 910 lutheranus
955 878 1194 920 „Gratiarum
1214 876 1408 910 actionem“
1423 889 1495 921 pro
1514 878 1709 921 Thornaeo,
1729 879 1916 922 Laninqae

151 940 193 961 (κι-
213 929 382 962 Societate
407 930 454 961 ad
474 933 708 972 protestantes
732 934 963 973 transqresso,
990 931 1152 963 Basiteae
1177 932 1287 964 latine
1306 931 1518 973 rnlqandam
1544 936 1658 966 curat.
1697 933 1774 973 Qua
1803 934 1915 965 utitur

152 983 199 1014 ad
226 983 396 1014 invidiam
424 981 629 1025 „Esauitiff‘
657 987 687 1015 et
714 984 922 1016 nominatim
953 983 1098 1017 Canisz'o
1125 984 1266 1027 eiusque
1292 985 1497 1017 catechismo
1525 985 1761 1026 conflandam.
1807 985 1915 1019 Liber

149 1036 349 1077 {Jermanice
374 1046 493 1068 vers-ns
519 1036 706 1068 excuditur
731 1036 930 1078 Lauinyae.

269 1096 492 1150 Lazcinqae
537 1101 576 1138 2.
624 1097 875 1151 Septembris
919 1099 1035 1140 1567
1080 1097 1320 1139 Eduardus
1370 1098 1511 1139 leorn
1557 1099 1774 1140 Societatis
1818 1098 1913 1140 Iesu

151 1161 433 1211 scholasticus,
467 1163 539 1215 qai
562 1163 719 1217 aliquot
750 1162 1023 1203 hebdomadis
1047 1167 1142 1204 ante
1165 1177 1190 1203 a
1215 1163 1416 1204 Soeietate
1437 1168 1473 1204 et
1504 1162 1554 1204 ab
1580 1164 1748 1204 ecclesia
1768 1164 1912 1217 palam

151 1226 370 1279 defecerat,
398 1228 440 1267 in
463 1231 619 1268 coetum
639 1230 974 1281 protestantium,
1005 1227 1253 1283 IVotfyanqo
1277 1228 1476 1269 Palatino
1500 1228 1603 1269 (tace
1626 1228 1913 1282 neoburyensi,

150 1291 360 1332 Ludooico
383 1293 526 1333 comite
547 1294 804 1347 oettinyensi,
834 1295 987 1348 populo
1017 1294 1356 1347 frequentissimo
1381 1293 1630 1346 astantibus,
1665 1295 1916 1335 sollemniter

151 1361 335 1410 receptas
382 1362 450 1399 est.
514 1357 633 1398 Inter
674 1360 889 1399 ministros
930 1359 1185 1411 Zutlzeranos,
1233 1359 1305 1413 qui
1349 1359 1630 1399 caerimoniae
1670 1364 1911 1412 praeerant,

144 1423 332 1475 primam
367 1424 499 1464 locum
532 1423 693 1464 tenebat
722 1423 995 1465 Titemannns
1018 1424 1271 1476 Heslzusins,
1307 1424 1426 1464 (lacis
1459 1425 1721 1465 contionator
1751 1424 1913 1465 aulicus

149 1492 202 1538 (o.
228 1502 361 1541 supra
381 1502 421 1542 p.
447 1488 657 1539 30—31).
709 1489 792 1541 Qui
824 1504 912 1530 cum
950 1491 1032 1529 iam
1068 1504 1106 1530 a.
1132 1491 1246 1530 1564
1270 1490 1315 1529 in
1337 1488 1443 1530 libro
1469 1488 1641 1539 „Trea-e
1663 1488 1907 1543 Warnunffl‘

150 1553 366 1594 Societatis
406 1553 503 1594 Iesu
546 1554 732 1595 homines
777 1559 810 1595 et
852 1556 1033 1595 maxime
1069 1555 1290 1595 Canisiunz
1332 1553 1586 1594 veliementer
1630 1556 1911 1608 i7›2pn9nasset

149 1617 274 1667 (Can.
299 1618 367 1659 JV
386 1620 680 1660 loeo—1022
704 1653 714 1671 ,
748 1620 826 1660 leae
849 1621 1160 1674 opportunitate
1182 1633 1284 1660 usus
1308 1623 1364 1660 est
1398 1618 1453 1659 ad
1488 1619 1647 1660 eosdem
1672 1632 1772 1660 noco
1806 1619 1911 1660 libro

148 1684 457 1725 traducendos:

267 1748 507 1789 GRATIA-
537 1747 540 1802 Ι
570 1748 703 1790 RVM
732 1750 911 1791 ACTIO
947 1750 1062 1791 PRO
1102 1749 1219 1791 CON
1245 1746 1249 1803 Ι
1276 1747 1572 1790 VERSIONE
1605 1748 1869 1790 EDVARDI

148 1812 413 1855 THORNEI
444 1813 639 1864 ANGLI,
683 1814 780 1864 QVI
814 1815 968 1855 RELI-
999 1816 1003 1869 Ι
1034 1816 1105 1856 cta
1147 1814 1398 1867 blasphema
1439 1816 1559 1854 secta
1596 1813 1866 1864 Iesuitarum,
1904 1812 1906 1869 Ι

147 1891 252 1919 uera
285 1878 556 1920 confessione
589 1879 642 1920 ad
675 1882 871 1921 sanctam
902 1878 905 1933 Ι
935 1879 1174 1920 Ecclesiam
1209 1878 1339 1920 IESV
1373 1878 1530 1920 Christi
1560 1875 1564 1932 Ι
1593 1878 1668 1931 filij
1702 1878 1781 1920 Dei
1814 1891 1909 1919 sese

148 1956 226 1995 ag·
255 1944 259 1993 Ι
289 1944 502 1997 gregauit.
533 1943 537 1995 Ι
566 1944 614 1985 In
650 1958 734 1997 qua
775 1944 967 1986 inueniet
998 1944 1155 1986 Lector
1196 1944 1370 1985 breuem
1405 1943 1434 1984 ἃ
1463 1941 1466 1995 Ι
1495 1942 1676 1984 solidam
1710 1942 1908 1985 confuta-

146 2007 306 2048 tionem
348 2023 445 2062 pre-
476 2006 480 2063 Ι
509 2009 728 2062 cipuorum
772 2024 964 2051 errorum
991 2010 995 2062 Ι
1027 2009 1300 2051 Iesuitarum.
1329 2011 1334 2060 Ι
1371 2009 1495 2057 Teste,
1527 2006 1530 2056 Ι
1560 2007 1907 2050 TILEMANNO

148 2072 451 2115 HESHVSIO.
483 2073 487 2127 Ι
516 2074 816 2124 BASILEAE,
850 2074 964 2115 PER
996 2073 1257 2115 BARTHO-
1286 2071 1291 2127 Ι
1320 2076 1507 2115 Zomsemn
1541 2073 1816 2115 Franconem.

269 2143 342 2183 16⁰3
370 2154 427 2188 pp.
456 2144 498 2177 55
528 2143 664 2186 (addito
691 2143 774 2177 folio
799 2144 973 2187 titulari);
1010 2155 1124 2177 annus
1156 2144 1334 2187 ascriptus
1369 2155 1437 2176 non
1465 2144 1538 2183 est;
1573 2142 1664 2176 liber
1689 2154 1734 2176 m.
1763 2142 1908 2177 Octobri

149 2206 178 2229 a.
201 2196 288 2229 1567
316 2196 351 2229 in
377 2196 493 2230 lucem
520 2197 669 2241 prodiit;
695 2209 776 2231 nam
798 2198 995 2231 Heshustus
1012 2196 1219 2230 Marbachio
1245 2196 1391 2241 scripsit
1407 2196 1596 2239 Neoburgo
1615 2196 1670 2230 30.
1690 2195 1908 2240 Septembris

152 2249 258 2283 1567:
291 2249 683 2294 „Secunda'Septembr.
704 2250 843 2295 publice
863 2251 994 2295 abjecit
1012 2251 1231 2285 Jesuitarum
1251 2261 1388 2283 errores
1408 2253 1442 2283 et
1462 2248 1702 2294 blasphemias
1719 2248 1908 2283 Eduardus

147 2301 331 2336 Thorneus
357 2302 507 2346 Anglus.
528 2330 534 2336 .
555 2328 590 2336 ..
641 2303 693 2337 De
729 2304 825 2337 illius
863 2304 1094 2338 conversione
1129 2304 1300 2347 scriptum
1336 2314 1430 2336 nunc
1465 2305 1520 2335 est
1554 2302 1620 2335 sub
1655 2301 1806 2346 praelo.“
1862 2302 1908 2336 Et

146 2354 336 2397 Neoburgo
371 2355 426 2390 26.
455 2355 620 2390 Octobris
649 2357 758 2391 1567:
801 2357 926 2399 „Mitto
953 2356 1150 2400 gratiarum
1183 2356 1358 2390 actionem
1395 2367 1456 2400 pro
1483 2355 1714 2389 conversione
1752 2355 1907 2389 Eduardi

146 2408 253 2450 Angli
281 2409 461 2443 Jesuitae“
494 2409 675 2452 (Fechttus
709 2410 731 2444 l.
760 2421 789 2444 c.
817 2411 886 2444 254
912 2410 1010 2450 256).
1062 2410 1181 2444 Pauca
1208 2421 1252 2443 ex
1278 2409 1368 2443 libro
1395 2420 1565 2453 excerpo:
1596 2408 1812 2453 „Cooptatus
1838 2408 1907 2442 fuit

145 2460 201 2494 hic
227 2461 415 2495 Eduardus
442 2462 592 2505 Anglus,
620 2463 664 2497 ab
690 2463 734 2508 ijs
761 2463 819 2507 qui
849 2463 1077 2508 blasphemae
1112 2465 1232 2496 sectae
1268 2465 1304 2496 et
1338 2463 1557 2506 imposturae
1583 2473 1670 2495 suae
1703 2461 1904 2505 speciosum

145 2525 270 2547 nomen
305 2516 488 2549 societatis
514 2515 594 2550 Iesu
630 2517 877 2561 praetendunt,
914 2528 993 2550 cum
1025 2519 1122 2550 esset
1147 2527 1316 2549 annorum
1345 2516 1399 2548 22.
1421 2542 1427 2547 .
1449 2541 1455 2548 .
1476 2541 1483 2548 .
1503 2514 1639 2548 Nomen
1665 2525 1768 2548 suum
1796 2514 1904 2548 Esau-

145 2567 249 2600 iticae
276 2568 439 2601 societati
458 2568 610 2612 primum
638 2569 736 2603 dedit
754 2569 934 2614 Louanij.“
959 2597 966 2603 .
988 2597 993 2603 .
1015 2597 1021 2602 .
1050 2569 1184 2603 Deinde
1211 2568 1379 2610 Dilingae
1396 2567 1655 2612 professionem
1673 2567 1755 2601 fidei
1774 2567 1904 2601 triden-

144 2619 255 2652 tinam
281 2620 399 2654 facere
418 2623 608 2655 recusavit.
653 2622 769 2663 Quare
793 2623 1025 2665 „ablegarunt
1043 2634 1122 2656 eum
1142 2622 1186 2656 ad
1205 2622 1352 2655 Petrum
1372 2621 1563 2660 Canisium,
1590 2623 1630 2654 ut
1648 2621 1724 2654 eius
1742 2620 1904 2665 artificijs

145 2674 179 2704 et
215 2674 430 2718 praestigijs,
466 2674 524 2708 uel
550 2676 594 2708 ad
621 2687 759 2709 errores
784 2676 955 2720 pristinos
982 2676 1237 2709 reduceretur:
1257 2675 1315 2708 uel
1342 2675 1474 2707 maiore
1500 2675 1678 2718 potestate
1705 2676 1740 2707 et
1766 2673 1903 2707 ratione

145 2724 281 2768 aliqua,
318 2726 479 2760 hostibus
515 2728 701 2773 Euangelij
738 2740 909 2773 perquam
946 2730 1098 2770 usitata,
1135 2740 1155 2761 a
1186 2728 1303 2761 studio
1338 2727 1540 2771 inquirendi
1574 2727 1763 2760 ueritatem
1798 2726 1903 2771 plane

144 2782 380 2812 reuocaretur.
433 2778 522 2819 Quia
557 2792 640 2814 uero
676 2783 841 2815 inuocato
868 2781 931 2815 Dei
968 2781 1111 2821 auxilio,
1149 2783 1183 2814 et
1218 2781 1323 2815 rebus
1359 2791 1481 2814 secum
1516 2779 1706 2823 diligenter
1736 2779 1903 2824 expensis

145 2831 338 2871 constituit,
365 2843 545 2875 nunquam
572 2834 686 2867 redire
712 2835 756 2868 ad
783 2835 893 2868 semel
920 2835 1080 2869 abiectas
1106 2834 1349 2878 blasphemias
1368 2834 1582 2867 lesuitarum
1600 2846 1607 2866 z
1626 2834 1776 2866 sentiret
1795 2833 1902 2866 etiam

145 2882 256 2915 indies
283 2884 317 2916 in
344 2896 381 2916 se
409 2886 522 2927 magis
549 2886 761 2920 inflammari
784 2887 948 2921 ueritatis
975 2887 1189 2922 desiderium
1208 2901 1215 2921 :
1234 2889 1420 2931 praeterea
1446 2886 1630 2929 cogitaret,
1657 2886 1787 2929 quibus
1812 2885 1902 2930 peri-

145 2935 233 2968 culis
260 2937 414 2979 prudens
441 2942 475 2970 et
502 2939 618 2972 sciens
644 2951 723 2973 sese
748 2940 927 2985 obijceret,
955 2942 983 2974 si
1011 2941 1055 2974 ad
1075 2940 1266 2981 Canisium,
1293 2940 1495 2984 pontificiae
1522 2939 1756 2973 idolomaniae
1783 2949 1901 2972 acrem

144 2990 341 3031 patronum,
370 2994 558 3032 pergeret:
578 2992 703 3026 relicta
729 2996 804 3027 tota
831 2994 985 3027 factione
1012 2993 1237 3035 Iesuitarum‚
1264 2993 1459 3036 Lauingam
1497 2991 1594 3026 uenit
1613 3005 1620 3026 ε
1639 2995 1673 3026 et
1700 3003 1720 3026 a
1746 2994 1899 3036 pastore,

267 3084 275 3101 1
304 3057 585 3126 Βηὸζὲῖῖὸ,
616 3087 654 3120 11
689 3087 740 3120 19.
