2044 3335
315 93 418 127 1755.
446 91 530 127 Otto
557 92 758 126 Truehsess
786 92 940 127 Canisio.
987 91 1088 126 1756.
1116 91 1357 136 Hieronymus
1382 89 1525 124 Natalis
1553 88 1706 124 Canisio.
1804 92 1889 133 485

124 206 272 243 1755.
388 207 590 242 cardinalis
619 204 802 242 OTTO
831 204 1233 243 TRIJGHSESS
1262 206 1452 252 episcopus
1480 206 1706 249 augustanus
1732 206 1767 239 et
1793 216 1892 250 prae-

312 260 475 295 nestinus
503 259 706 294 CANISIO.

796 307 909 341 Roma
936 307 1002 341 sub
1030 306 1187 341 medium
1215 307 1273 340 vel
1301 309 1492 341 exeuntem
1521 305 1714 340 Octobrem
1743 305 1842 339 1571.

240 368 299 400 Ex
327 367 467 401 Canisii
498 368 649 410 epistula
679 368 869 409 Oenz'poute
895 368 926 400 8.
954 366 1159 399 Noc-embris
1187 368 1278 400 1571
1311 367 1458 399 Romam
1493 367 1540 399 ad
1565 366 1604 398 P.
1632 366 1892 407 Hieronymum

124 420 286 453 Natalem
307 421 493 454 Societatis
511 421 686 453 vicarium
702 420 900 463 yeneralem
927 421 1012 452 data
1030 420 1256 463 intellegitur,
1284 421 1503 453 cardinalem
1525 420 1680 453 Ottonem
1704 418 1894 451 Truclzsess

122 474 203 506 inde
237 474 331 507 inter
361 474 515 506 medium
551 478 580 506 et
615 478 795 507 exeuntem
829 484 978 506 mensem
1008 473 1185 506 Octobrem
1212 473 1302 505 armi
1332 475 1424 506 1571
1455 473 1503 505 ad
1535 473 1721 505 Cauisium
1756 472 1893 505 litteras

120 527 264 569 dedisse,
291 527 419 570 quibus
444 538 522 560 enm
548 528 731 560 certiorem
754 527 930 568 faciebat:
965 527 1114 560 Romam
1147 527 1222 558 iam
1257 527 1407 559 allatum
1443 531 1472 559 et
1499 526 1625 559 Natali
1651 536 1786 569 quoque
1817 529 1893 557 tra-

120 580 233 612 (lz‘tnm
259 591 328 613 esse
353 581 529 623 inteyruni
557 581 688 613 librum
715 582 830 623 (typis
855 581 1090 622 exscriptum)
1118 590 1139 611 a
1169 578 1315 612 Canisio
1348 580 1389 612 (le
1416 580 1451 613 S.
1480 581 1615 612 Ioanne
1640 579 1805 621 Baptista
1831 579 1892 611 ad-

120 644 240 666 versus
268 634 533 667 Centuriatores
564 634 737 676 scriptum
764 634 811 674 (v.
839 644 953 676 supra
973 644 1011 675 p.
1040 633 1146 675 439),
1183 635 1213 665 et
1239 632 1275 666 S.
1302 633 1367 665 Pio
1394 633 1432 666 V.
1460 643 1481 664 a
1507 644 1541 665 se
1573 643 1784 675 persuasum
1812 642 1892 674 esse,

124 691 160 719 ut
181 686 326 720 Canisio
352 688 391 720 iu
417 687 553 720 laboris
571 688 778 730 praemium
803 687 1062 728 inclulyentiam
1082 685 1289 728 plenariam
1307 686 1476 719 tribueret
1486 698 1499 727 ;
1525 686 1671 718 eundem
1693 686 1894 727 pontificem

125 740 316 773 Germanis
336 741 550 783 permisisse,
580 744 616 772 ut
639 744 718 783 post
749 739 881 772 bullam
908 750 1043 782 quoque
1078 740 1118 771 (le
1148 738 1272 780 Officio
1299 739 1430 771 Beatae
1456 739 1601 771 Mariae
1625 739 1786 781 Viryinis
1812 748 1833 770 a
1859 748 1894 770 se

123 793 252 826 editam
279 794 466 827 catholicos
483 793 645 827 hortulos
662 794 731 826 sive
748 793 882 826 libellos
896 794 1126 836 precatorias,
1153 793 1216 835 qui
1232 792 1424 825 vernacula
1443 792 1566 834 linqua
1585 791 1757 833 consripti
1774 795 1893 833 essent,

122 847 274 879 retinere
296 852 447 890 possent.

240 905 292 939 De
319 906 386 940 hac
412 905 531 949 gratia
557 916 578 938 a
597 904 831 938 Truchsessio
850 905 1078 948 germanicae
1103 904 1260 938 nationis
1287 904 1381 948 apud
1407 903 1528 937 sedem
1555 902 1790 948 apostolicam
1816 913 1893 946 pro-

121 960 257 992 tectore
277 958 466 993 Germanis
492 959 685 1003 impetrata
712 957 800 991 haec
825 958 942 991 notari
969 959 1109 1002 oportet
1136 956 1243 1001 (quae
1270 957 1313 990 ad
1341 957 1567 1001 sequentium
1596 967 1736 1000 quoque
1763 955 1895 1000 epistu-

120 1011 235 1045 larum
262 1012 436 1046 rationem
464 1014 573 1055 atque
592 1011 663 1044 vim
692 1010 972 1054 intellegendam
996 1010 1200 1045 necessaria
1226 1012 1349 1053 sunt):
1377 1010 1463 1044 Pius
1481 1009 1524 1044 V.
1543 1009 1677 1044 Romae
1698 1009 1751 1044 11.
1771 1008 1895 1042 Martii

122 1065 210 1098 1571
239 1065 373 1099 bullam
392 1065 549 1105 dederat,
577 1075 647 1108 qua
664 1063 763 1105 haec,
790 1066 934 1109 praeter
952 1064 1032 1104 alia,
1058 1065 1196 1098 monet:
1226 1063 1452 1098 Editionibus
1471 1062 1591 1097 Officii
1618 1063 1696 1098 sive
1715 1062 1894 1096 Horarum

119 1118 254 1152 Beatae
289 1118 427 1152 Mariae
462 1117 624 1160 Virginis
659 1116 774 1151 multa
808 1117 943 1151 inserta
979 1129 1077 1158 esse,
1117 1128 1208 1161 quae
1242 1128 1533 1162 supervacanea,
1572 1117 1728 1157 incerta,
1767 1115 1894 1156 aliena,

120 1171 373 1216 superstitiosa
399 1172 491 1211 sint;
519 1171 598 1205 ideo
625 1183 663 1205 se
691 1170 861 1205 Officium
888 1171 976 1205 illud
1002 1182 1066 1216 per
1092 1170 1189 1204 viros
1215 1171 1293 1215 pios
1319 1171 1515 1214 doctosque
1542 1173 1741 1204 correctum
1761 1169 1894 1203 Romae

120 1225 248 1259 excudi
274 1225 424 1259 iussisse
452 1227 487 1258 et
513 1225 689 1265 omnibus,
721 1224 801 1268 ⁷,qui
829 1225 873 1258 ad
899 1224 1148 1258 recitationem
1175 1224 1284 1258 officii
1307 1224 1346 1259 B.
1367 1224 1504 1258 Mariae
1530 1226 1721 1258 teneantur
1747 1226 1784 1257 et
1809 1222 1894 1256 obli-

120 1280 195 1322 gati
232 1279 338 1320 sint“‚
378 1279 432 1321 „in
469 1278 607 1312 virtute
642 1280 789 1312 sanctae
824 1278 1047 1312 obedientiae
1083 1277 1331 1318 interdicei·e“,
1370 1290 1415 1312 ne
1451 1277 1521 1311 alia
1557 1278 1711 1311 editione
1746 1279 1896 1311 utantur

123 1332 263 1377 (paucis
290 1332 503 1377 quibusdam
523 1331 713 1377 exceptis),
740 1331 897 1375 reliquos
924 1334 1055 1372 autem,
1083 1332 1142 1375 qui
1166 1343 1256 1373 „non
1282 1331 1404 1375 aliqua
1427 1331 1644 1375 obligatione
1670 1330 1894 1371 teneantur“‚

123 1386 180 1428 „in
215 1385 367 1420 Domino
401 1385 572 1425 hortari“‚
608 1397 651 1419 ne
685 1384 765 1419 aliis
801 1384 1016 1419 editionibus
1052 1384 1176 1419 latinis
1209 1385 1245 1418 in
1281 1388 1465 1430 posterum
1502 1386 1660 1419 utantur.
1711 1383 1896 1418 Editiones

121 1451 206 1473 vero
244 1439 377 1483 linguis
412 1439 617 1473 vernaculis
655 1439 773 1472 factas
811 1438 883 1472 iam
918 1450 1042 1472 omnes
1080 1439 1222 1472 omnino
1260 1438 1459 1483 prohiberi;
1499 1438 1579 1472 ideo
1618 1438 1736 1472 onmia
1772 1447 1894 1471 earum

120 1492 287 1537 exempla
313 1493 586 1537 inquisitoribus
612 1492 731 1526 afferri
768 1492 887 1526 deberi
918 1492 1073 1536 „absque
1100 1504 1163 1537 spe
1198 1491 1340 1526 illarum
1376 1503 1533 1536 unquam
1570 1491 1893 1536 recuperationis“;

120 1547 252 1580 latinas
280 1547 432 1591 denique
459 1546 635 1580 editiones
670 1546 714 1580 iis
739 1547 936 1580 tradendas
972 1557 1061 1588 esse,
1098 1548 1137 1580 ut
1171 1545 1424 1586 emendentur;
1458 1545 1722 1580 contionatores
1753 1546 1790 1577 et
1815 1555 1895 1577 con-

122 1600 295 1634 fessarios
323 1602 514 1645 praecepta
540 1600 603 1634 illa
622 1612 700 1634 cum
728 1599 895 1634 fidelibus
920 1600 1183 1634 communicare
1209 1599 1253 1634 ab
1280 1599 1394 1643 iisque
1420 1599 1600 1633 servanda
1623 1609 1749 1632 curare
1767 1596 1896 1631 debere

123 1653 347 1697 (Bullariam
392 1653 592 1688 Romanum
630 1653 697 1687 VII
739 1653 956 1695 897—901).
1019 1653 1184 1688 Canisius
1219 1653 1296 1698 ipse
1331 1665 1361 1687 a.
1401 1653 1490 1687 1563
1529 1652 1696 1696 Dilingae
1734 1651 1896 1685 ediderat

125 1707 336 1750 „Hor-tulum
372 1707 535 1742 Animae.
595 1707 668 1741 Der
703 1706 830 1741 Seelen
866 1706 1036 1749 Ga1·ten“,
1072 1708 1107 1741 in
1143 1719 1213 1752 quo
1249 1706 1416 1742 Officium
1452 1707 1654 1740 Marianum
1689 1704 1894 1749 germanice

122 1761 278 1806 positum
305 1763 379 1803 est;
407 1773 449 1795 ac
475 1761 672 1795 verisimile
699 1763 763 1802 est,
791 1772 871 1794 eum
899 1761 1023 1795 eodem
1050 1772 1143 1795 anno
1169 1760 1361 1795 Hortulum
1388 1760 1489 1794 illum
1516 1760 1646 1794 ibidem
1673 1759 1784 1793 latine
1811 1770 1894 1802 quo-

121 1826 190 1858 que
217 1814 371 1849 edidisse
400 1814 504 1858 (Can.
534 1814 583 1848 IV
610 1814 827 1857 991-995).
879 1814 1015 1848 Deinde
1042 1826 1073 1849 a.
1103 1814 1189 1849 1571
1220 1814 1386 1857 Dilingae
1422 1826 1467 1848 ex
1494 1814 1617 1848 eadem
1654 1812 1716 1847 illa
1751 1811 1896 1846 officina

121 1867 385 1913 typographica
412 1868 556 1903 Sebaldi
582 1868 720 1912 Mayer‚
755 1880 776 1902 a
804 1867 976 1902 cardinali
1004 1880 1034 1902 a.
1066 1868 1155 1902 1568
1191 1868 1422 1902 universitati
1457 1867 1680 1911 collegioque
1712 1866 1896 1908 dilingano

121 1921 262 1962 donata,
288 1922 421 1966 prodiit
441 1922 491 1965 (in
514 1922 608 1965 120):
640 1920 828 1963 „Officium
849 1921 888 1955 Β.
907 1921 1044 1955 Mariae
1063 1922 1227 1965 virginis,
1246 1933 1354 1955 vnser
1373 1921 1489 1956 lieben
1508 1921 1682 1955 Frauwen
1701 1918 1801 1960 curfs,
1828 1919 1896 1952 wie

117 1974 157 2019 jn
193 1975 407 2019 andechtige
434 1975 603 2010 Christen
630 1975 741 2009 durch
769 1975 832 2009 das
861 1977 990 2018 gantze
1017 1975 1081 2009 Jar
1107 1987 1150 2009 zu
1176 1975 1283 2009 beten
1310 1975 1463 2020 pfiegen.
1515 1975 1611 2009 Jtem
1638 1985 1759 2008 zween
1787 1972 1897 2007 ander

120 2027 248 2062 kurtze
276 2027 383 2071 Curis,
411 2041 480 2063 von
517 2030 596 2063 dem
632 2028 791 2072 heiligen
819 2028 922 2063 Geist
947 2029 1020 2062 vnd
1047 2040 1129 2062 vom
1156 2028 1314 2072 heiligen
1342 2028 1482 2063 Creutz.
1533 2028 1601 2062 Mit
1627 2026 1896 2071 angehenckter

123 2081 283 2126 Letaney
311 2093 381 2116 von
407 2094 516 2116 vnser
541 2082 658 2116 lieben
677 2082 850 2116 Frauwen
878 2093 921 2116 zu
941 2082 1082 2123 Loreto,
1110 2082 1181 2116 vnd
1209 2094 1277 2117 von
1306 2082 1368 2116 der
1386 2082 1574 2126 gemeinen
1594 2081 1773 2125 Letaney“
1792 2081 1817 2120 ¹;
1844 2080 1896 2113 ita

121 2135 264 2179 quidem
287 2136 500 2179 „Cataloyus
526 2148 648 2170 eorum
674 2135 855 2177 librorum,
882 2136 944 2180 qui
970 2139 1052 2181 post
1070 2135 1238 2170 vernales
1255 2135 1594 2170 Francofordienses
1617 2135 1794 2169 nundinas
1813 2133 1896 2167 anni

121 2188 169 2222 M.
189 2188 231 2223 D.
251 2188 375 2224 LXXI.
395 2190 438 2223 ad
458 2189 685 2224 autumnales
703 2201 818 2233 vsque
835 2217 840 2222 .
859 2217 864 2223 .
882 2217 888 2223 .
905 2189 1148 2234 prodierunt“‚
1167 2189 1397 2224 Francofurti
1415 2189 1458 2223 ad
1478 2189 1646 2223 Moenum
1667 2189 1768 2226 1571,
1787 2188 1810 2222 f.
1831 2186 1894 2221 ΞΥΟ.

121 2303 272 2340 1756.
420 2304 481 2340 Ρ.
509 2303 968 2342 HIERONYMUS
995 2304 1299 2341 NATALIS
1322 2305 1478 2340 vicarius
1504 2304 1684 2348 generalis
1704 2303 1894 2338 societatis

312 2358 394 2393 Iesu
421 2357 625 2393 CANISIO.
1330 2359 1445 2394 Roma
1471 2359 1526 2393 20.
1548 2357 1716 2393 Octobris
1745 2357 1846 2391 1571.

122 2471 147 2505 C
242 2417 295 2451 Ex
332 2417 541 2463 apographo
577 2418 736 2452 eiusdem
770 2418 962 2463 temporis;
1002 2420 1038 2453 in
1073 2419 1256 2463 margine,
1293 2419 1416 2453 eadem
1451 2430 1576 2452 manu:
1617 2417 1674 2460 „P.
1703 2416 1893 2461 Canisyo“.

136 2483 242 2506 arerm.
271 2472 311 2506 71
341 2472 365 2506 f.
393 2472 465 2506 39⁸.

240 2533 347 2565 Libri
372 2533 413 2565 de
432 2533 469 2566 S.
488 2533 623 2565 Ioanne
648 2532 739 2574 folia
760 2533 885 2575 prima
911 2533 1023 2566 allata
1049 2543 1121 2566 non
1146 2537 1240 2566 sunt.
1283 2533 1451 2566 Canisins
1476 2532 1658 2565 laboribus
1682 2530 1893 2564 moderetur.

124 2586 220 2627 Quae
245 2586 287 2619 ole
305 2587 527 2629 paedayoyio
553 2586 706 2628 scripsit,
733 2586 986 2629 expendentur.
1038 2586 1077 2620 P.
1110 2586 1298 2619 Torrensis
1323 2586 1365 2619 cle
1391 2586 1506 2618 eodeni
1531 2585 1667 2618 scribet.

238 2652 338 2694 Non
371 2666 531 2694 uenero
565 2666 645 2694 con
688 2652 730 2694 la
767 2652 928 2694 lettera
960 2652 1002 2694 di
1036 2653 1087 2695 V.
1122 2652 1197 2695 R.³
1229 2652 1297 2693 del
1339 2652 1476 2706 primo
1511 2652 1551 2694 di
1586 2650 1831 2694 Settembre
1863 2650 1893 2691 li

121 2717 395 2771 quaternioni
427 2717 588 2759 residui
622 2717 700 2759 che
733 2717 775 2759 in
799 2718 942 2770 quella
966 2718 1117 2766 scriue‚
1152 2717 1370 2759 mandaua
1401 2731 1481 2772 per
1503 2731 1622 2759 esser
1643 2716 1794 2758 reuisti
1825 2715 1893 2757 del

240 2786 268 2817 a)
293 2788 435 2817 Quattuor
455 2795 497 2812 vv.
518 2795 576 2819 sqq.
597 2788 628 2812 in
649 2796 695 2819 ap.
716 2795 809 2818 supra
835 2795 951 2812 versum
971 2788 1083 2818 scripta
1103 2790 1180 2812 sunt.

119 2872 235 2904 tatum
255 2869 385 2904 Sacrae
404 2870 610 2915 Scripturae
629 2872 665 2904 et
683 2870 893 2904 Sanctorum
913 2869 1074 2910 Pati-um,
1101 2881 1193 2914 quae
1216 2869 1252 2904 in
1272 2870 1418 2904 Summa
1438 2896 1445 2904 .
1461 2897 1468 2904 .
1485 2897 1492 2904 .
1513 2870 1705 2909 citantur“‚
1726 2868 1893 2904 Coloniae

121 2935 151 2958 a.
181 2923 415 2958 1569—1570
434 2935 455 2957 a
473 2924 580 2958 Petro
599 2924 738 2957 Busaeo
765 2923 870 2964 edito,
897 2923 986 2957 haec
1012 2923 1193 2968 appendix
1216 2923 1536 2966 „authoritatibus“
1559 2923 1732 2958 eiusmodi
1754 2935 1821 2958 non
1839 2925 1895 2957 est

119 2977 323 3018 illustrata;
350 2989 384 3012 V.
412 2977 517 3018 infra,
543 2989 637 3011 mon.
664 2977 735 3011 litt.
765 2976 855 3020 (31).

244 3032 252 3050 ¹
279 3030 441 3064 Litaniae
468 3030 635 3065 Omnium
656 3030 869 3065 Sanctorum
895 3030 1155 3074 significantur.
1198 3030 1250 3065 De
1268 3030 1420 3065 Litaniis
1439 3030 1653 3066 Lauretanis
1679 3030 1762 3065 vide
1788 3030 1893 3072 infra,

120 3095 214 3119 mon.
242 3085 305 3118 ott.
335 3084 387 3127 (2)
420 3083 486 3128 (4).
