<?xml version="1.0" encoding="UTF-8"?>
<!DOCTYPE html PUBLIC "-//W3C//DTD XHTML 1.0 Transitional//EN"
    "http://www.w3.org/TR/xhtml1/DTD/xhtml1-transitional.dtd">
<html xmlns="http://www.w3.org/1999/xhtml" xml:lang="en" lang="en">
 <head>
  <title>
</title>
<meta http-equiv="Content-Type" content="text/html;charset=utf-8" />
  <meta name='ocr-system' content='tesseract 3.04.00' />
  <meta name='ocr-capabilities' content='ocr_page ocr_carea ocr_par ocr_line ocrx_word'/>
</head>
<body>
  <div class='ocr_page' id='page_1' title='image "beatipetricanisi06cani_0079.png"; bbox 0 0 2044 3335; ppageno 0'>
   <div class='ocr_carea' id='block_1_1' title="bbox 688 94 1864 140">
    <p class='ocr_par' dir='ltr' id='par_1_1' title="bbox 688 94 1864 140">
     <span class='ocr_line' id='line_1_1' title="bbox 688 94 1864 140; baseline 0.002 -12"><span class='ocrx_word' id='word_1_1' title='bbox 688 94 888 140; x_wconf 89' lang='lat' dir='ltr'>Oeniponte</span> <span class='ocrx_word' id='word_1_2' title='bbox 916 95 970 130; x_wconf 82' lang='lat'>12.</span> <span class='ocrx_word' id='word_1_3' title='bbox 992 94 1148 139; x_wconf 83' lang='lat' dir='ltr'><strong>Augusti</strong></span> <span class='ocrx_word' id='word_1_4' title='bbox 1169 95 1270 129; x_wconf 84' lang='lat'>1567.</span> <span class='ocrx_word' id='word_1_5' title='bbox 1842 99 1864 139; x_wconf 82' lang='grc'>7</span> 
     </span>
    </p>
   </div>
   <div class='ocr_carea' id='block_1_2' title="bbox 88 213 1871 2554">
    <p class='ocr_par' dir='ltr' id='par_1_2' title="bbox 90 213 1871 1964">
     <span class='ocr_line' id='line_1_2' title="bbox 99 213 1868 266; baseline -0.001 -9"><span class='ocrx_word' id='word_1_6' title='bbox 99 214 314 258; x_wconf 86' lang='lat' dir='ltr'>difficilius</span> <span class='ocrx_word' id='word_1_7' title='bbox 347 216 414 255; x_wconf 88' lang='lat' dir='ltr'>est</span> <span class='ocrx_word' id='word_1_8' title='bbox 445 213 550 254; x_wconf 91' lang='lat' dir='ltr'>illud</span> <span class='ocrx_word' id='word_1_9' title='bbox 584 213 808 255; x_wconf 90' lang='lat' dir='ltr'>consilium</span> <span class='ocrx_word' id='word_1_10' title='bbox 837 215 890 255; x_wconf 91' lang='lat' dir='ltr'>de</span> <span class='ocrx_word' id='word_1_11' title='bbox 912 216 1006 256; x_wconf 92' lang='lat' dir='ltr'>toto</span> <span class='ocrx_word' id='word_1_12' title='bbox 1030 213 1220 266; x_wconf 85' lang='lat' dir='ltr'>Collegio</span> <span class='ocrx_word' id='word_1_13' title='bbox 1244 213 1343 255; x_wconf 89' lang='lat' dir='ltr'>hinc</span> <span class='ocrx_word' id='word_1_14' title='bbox 1365 213 1671 255; x_wconf 86' lang='lat' dir='ltr'>transferendo</span> <span class='ocrx_word' id='word_1_15' title='bbox 1696 214 1868 264; x_wconf 85' lang='lat' dir='ltr'>Halam,</span> 
     </span>
     <span class='ocr_line' id='line_1_3' title="bbox 98 278 1870 332; baseline -0.001 -10"><span class='ocrx_word' id='word_1_16' title='bbox 98 281 140 322; x_wconf 92' lang='lat' dir='ltr'>id</span> <span class='ocrx_word' id='word_1_17' title='bbox 173 283 251 329; x_wconf 87' lang='lat' dir='ltr'>est,</span> <span class='ocrx_word' id='word_1_18' title='bbox 284 279 328 319; x_wconf 95' lang='lat' dir='ltr'>in</span> <span class='ocrx_word' id='word_1_19' title='bbox 350 278 537 320; x_wconf 87' lang='lat' dir='ltr'>uicinum</span> <span class='ocrx_word' id='word_1_20' title='bbox 561 278 791 332; x_wconf 86' lang='lat' dir='ltr'>Oppidum,</span> <span class='ocrx_word' id='word_1_21' title='bbox 826 279 939 331; x_wconf 92' lang='lat' dir='ltr'>quod</span> <span class='ocrx_word' id='word_1_22' title='bbox 972 292 1051 320; x_wconf 81' lang='lat' dir='ltr'>sex</span> <span class='ocrx_word' id='word_1_23' title='bbox 1074 278 1142 319; x_wconf 90' lang='lat' dir='ltr'>uel</span> <span class='ocrx_word' id='word_1_24' title='bbox 1166 280 1334 332; x_wconf 90' lang='lat' dir='ltr'>septem</span> <span class='ocrx_word' id='word_1_25' title='bbox 1358 278 1597 320; x_wconf 89' lang='lat' dir='ltr'>miliaribus</span> <span class='ocrx_word' id='word_1_26' title='bbox 1619 279 1793 321; x_wconf 84' lang='lat' dir='ltr'>-Jtalicis</span> <span class='ocrx_word' id='word_1_27' title='bbox 1816 280 1870 321; x_wconf 87' lang='lat' dir='ltr'>ab</span> 
     </span>
     <span class='ocr_line' id='line_1_4' title="bbox 100 342 1870 396; baseline -0.001 -9"><span class='ocrx_word' id='word_1_28' title='bbox 100 346 178 387; x_wconf 89' lang='lat' dir='ltr'>hoc</span> <span class='ocrx_word' id='word_1_29' title='bbox 220 345 313 385; x_wconf 91' lang='grc'>1000</span> <span class='ocrx_word' id='word_1_30' title='bbox 356 343 504 394; x_wconf 89' lang='lat' dir='ltr'>distat,</span> <span class='ocrx_word' id='word_1_31' title='bbox 547 346 592 385; x_wconf 87' lang='lat' dir='ltr'>et</span> <span class='ocrx_word' id='word_1_32' title='bbox 624 342 803 395; x_wconf 82' lang='lat' dir='ltr'>Reginis</span> <span class='ocrx_word' id='word_1_33' title='bbox 834 343 933 385; x_wconf 91' lang='lat' dir='ltr'>hinc</span> <span class='ocrx_word' id='word_1_34' title='bbox 966 357 1079 385; x_wconf 87' lang='lat' dir='ltr'>anno</span> <span class='ocrx_word' id='word_1_35' title='bbox 1112 343 1259 385; x_wconf 84' lang='lat' dir='ltr'>futuro</span> <span class='ocrx_word' id='word_1_36' title='bbox 1292 343 1558 396; x_wconf 75' lang='lat' dir='ltr'>migraturis,</span> <span class='ocrx_word' id='word_1_37' title='bbox 1603 358 1761 385; x_wconf 92' lang='lat' dir='ltr'>nouum</span> <span class='ocrx_word' id='word_1_38' title='bbox 1794 344 1870 386; x_wconf 90' lang='lat' dir='ltr'>do-</span> 
     </span>
     <span class='ocr_line' id='line_1_5' title="bbox 99 407 1870 461; baseline -0.001 -9"><span class='ocrx_word' id='word_1_39' title='bbox 99 409 300 452; x_wconf 91' lang='lat' dir='ltr'>micilium</span> <span class='ocrx_word' id='word_1_40' title='bbox 348 408 509 451; x_wconf 77' lang='lat' dir='ltr'>dabit1.</span> <span class='ocrx_word' id='word_1_41' title='bbox 575 407 667 457; x_wconf 86' lang='lat' dir='ltr'>Qua</span> <span class='ocrx_word' id='word_1_42' title='bbox 710 408 762 449; x_wconf 90' lang='lat' dir='ltr'>de</span> <span class='ocrx_word' id='word_1_43' title='bbox 804 422 936 450; x_wconf 88' lang='lat' dir='ltr'>causa</span> <span class='ocrx_word' id='word_1_44' title='bbox 978 407 1163 461; x_wconf 89' lang='lat' dir='ltr'>cogitari</span> <span class='ocrx_word' id='word_1_45' title='bbox 1205 411 1405 461; x_wconf 90' lang='lat' dir='ltr'>coeptum</span> <span class='ocrx_word' id='word_1_46' title='bbox 1450 411 1530 458; x_wconf 92' lang='lat' dir='ltr'>est,</span> <span class='ocrx_word' id='word_1_47' title='bbox 1578 411 1751 450; x_wconf 87' lang='lat' dir='ltr'>nostros</span> <span class='ocrx_word' id='word_1_48' title='bbox 1783 408 1870 450; x_wconf 92' lang='lat' dir='ltr'>illic</span> 
     </span>
     <span class='ocr_line' id='line_1_6' title="bbox 98 472 1870 527; baseline -0.001 -10"><span class='ocrx_word' id='word_1_49' title='bbox 98 488 218 517; x_wconf 93' lang='lat' dir='ltr'>suum</span> <span class='ocrx_word' id='word_1_50' title='bbox 253 474 414 515; x_wconf 86' lang='lat' dir='ltr'>habere</span> <span class='ocrx_word' id='word_1_51' title='bbox 437 472 689 526; x_wconf 78' lang='lat' dir='ltr'>Collegium,</span> <span class='ocrx_word' id='word_1_52' title='bbox 725 476 768 515; x_wconf 92' lang='lat' dir='ltr'>et</span> <span class='ocrx_word' id='word_1_53' title='bbox 800 473 1072 515; x_wconf 88' lang='lat' dir='ltr'>iuuentutem</span> <span class='ocrx_word' id='word_1_54' title='bbox 1105 472 1334 515; x_wconf 76' lang='lat' dir='ltr'>instituere</span> <span class='ocrx_word' id='word_1_55' title='bbox 1367 487 1516 526; x_wconf 90' lang='lat' dir='ltr'>posse:</span> <span class='ocrx_word' id='word_1_56' title='bbox 1550 473 1612 515; x_wconf 86' lang='lat' dir='ltr'>ita</span> <span class='ocrx_word' id='word_1_57' title='bbox 1646 487 1753 527; x_wconf 91' lang='lat' dir='ltr'>opus</span> <span class='ocrx_word' id='word_1_58' title='bbox 1785 488 1870 515; x_wconf 92' lang='lat' dir='ltr'>non</span> 
     </span>
     <span class='ocr_line' id='line_1_7' title="bbox 97 536 1871 592; baseline -0.001 -10"><span class='ocrx_word' id='word_1_59' title='bbox 97 540 226 587; x_wconf 82' lang='lat' dir='ltr'>fore⁸‚</span> <span class='ocrx_word' id='word_1_60' title='bbox 271 538 479 591; x_wconf 87' lang='lat' dir='ltr'>quosdam</span> <span class='ocrx_word' id='word_1_61' title='bbox 519 552 542 580; x_wconf 91' lang='lat' dir='ltr'>e</span> <span class='ocrx_word' id='word_1_62' title='bbox 583 536 769 580; x_wconf 82' lang='lat' dir='ltr'>nostris¹&#39;</span> <span class='ocrx_word' id='word_1_63' title='bbox 805 538 1042 592; x_wconf 89' lang='lat' dir='ltr'>separatim</span> <span class='ocrx_word' id='word_1_64' title='bbox 1085 538 1348 588; x_wconf 73' lang='lat' dir='ltr'>habitantes,</span> <span class='ocrx_word' id='word_1_65' title='bbox 1392 538 1551 580; x_wconf 89' lang='lat' dir='ltr'>eisdem</span> <span class='ocrx_word' id='word_1_66' title='bbox 1595 538 1774 591; x_wconf 83' lang='lat' dir='ltr'>Reginis</span> <span class='ocrx_word' id='word_1_67' title='bbox 1815 539 1871 581; x_wconf 88' lang='lat' dir='ltr'>ad</span> 
     </span>
     <span class='ocr_line' id='line_1_8' title="bbox 98 603 1871 658; baseline -0.001 -12"><span class='ocrx_word' id='word_1_68' title='bbox 98 603 392 658; x_wconf 89' lang='lat' dir='ltr'>quotidianum</span> <span class='ocrx_word' id='word_1_69' title='bbox 437 617 560 645; x_wconf 93' lang='lat' dir='ltr'>usum</span> <span class='ocrx_word' id='word_1_70' title='bbox 596 603 827 645; x_wconf 81' lang='lat' dir='ltr'>Sacrorum</span> <span class='ocrx_word' id='word_1_71' title='bbox 861 603 1028 646; x_wconf 78' lang='lat' dir='ltr'>adesse.</span> <span class='ocrx_word' id='word_1_72' title='bbox 1092 603 1266 645; x_wconf 86' lang='lat' dir='ltr'>Etenim</span> <span class='ocrx_word' id='word_1_73' title='bbox 1300 603 1496 657; x_wconf 83' lang='lat' dir='ltr'>Reginae</span> <span class='ocrx_word' id='word_1_74' title='bbox 1529 618 1626 645; x_wconf 83' lang='lat' dir='ltr'>curn</span> <span class='ocrx_word' id='word_1_75' title='bbox 1659 603 1741 645; x_wconf 90' lang='lat' dir='ltr'>sibi</span> <span class='ocrx_word' id='word_1_76' title='bbox 1773 617 1871 658; x_wconf 87' lang='lat' dir='ltr'>per-</span> 
     </span>
     <span class='ocr_line' id='line_1_9' title="bbox 97 668 1870 722; baseline -0.001 -11"><span class='ocrx_word' id='word_1_77' title='bbox 97 683 269 711; x_wconf 87' lang='lat' dir='ltr'>suasum</span> <span class='ocrx_word' id='word_1_78' title='bbox 311 669 505 710; x_wconf 89' lang='lat' dir='ltr'>habeant</span> <span class='ocrx_word' id='word_1_79' title='bbox 546 682 738 722; x_wconf 86' lang='lat' dir='ltr'>prorsus,</span> <span class='ocrx_word' id='word_1_80' title='bbox 781 682 827 710; x_wconf 92' lang='lat' dir='ltr'>se</span> <span class='ocrx_word' id='word_1_81' title='bbox 870 682 955 710; x_wconf 89' lang='lat' dir='ltr'>non</span> <span class='ocrx_word' id='word_1_82' title='bbox 997 668 1123 717; x_wconf 91' lang='lat' dir='ltr'>uelle,</span> <span class='ocrx_word' id='word_1_83' title='bbox 1168 682 1247 709; x_wconf 90' lang='lat' dir='ltr'>nec</span> <span class='ocrx_word' id='word_1_84' title='bbox 1279 682 1407 722; x_wconf 90' lang='lat' dir='ltr'>posse</span> <span class='ocrx_word' id='word_1_85' title='bbox 1440 669 1532 710; x_wconf 92' lang='lat' dir='ltr'>sine</span> <span class='ocrx_word' id='word_1_86' title='bbox 1565 668 1726 711; x_wconf 87' lang='lat' dir='ltr'>nostris</span> <span class='ocrx_word' id='word_1_87' title='bbox 1759 669 1870 710; x_wconf 84' lang='lat' dir='ltr'>Con·</span> 
     </span>
     <span class='ocr_line' id='line_1_10' title="bbox 96 732 1870 788; baseline -0.001 -12"><span class='ocrx_word' id='word_1_88' title='bbox 96 734 290 788; x_wconf 85' lang='lat' dir='ltr'>fessarijs</span> <span class='ocrx_word' id='word_1_89' title='bbox 314 736 358 776; x_wconf 91' lang='lat' dir='ltr'>et</span> <span class='ocrx_word' id='word_1_90' title='bbox 380 732 764 775; x_wconf 86' lang='lat' dir='ltr'>Concionatoribus</span> <span class='ocrx_word' id='word_1_91' title='bbox 787 733 978 781; x_wconf 77' lang='grc' dir='ltr'>1111101·οΞ,</span> <span class='ocrx_word' id='word_1_92' title='bbox 1003 733 1141 774; x_wconf 89' lang='lat' dir='ltr'>modis</span> <span class='ocrx_word' id='word_1_93' title='bbox 1165 733 1362 775; x_wconf 90' lang='lat' dir='ltr'>omnibus</span> <span class='ocrx_word' id='word_1_94' title='bbox 1385 733 1465 775; x_wconf 89' lang='grc'>1100</span> <span class='ocrx_word' id='word_1_95' title='bbox 1488 736 1638 787; x_wconf 92' lang='lat' dir='ltr'>agunt,</span> <span class='ocrx_word' id='word_1_96' title='bbox 1662 735 1711 776; x_wconf 92' lang='lat' dir='ltr'>ut</span> <span class='ocrx_word' id='word_1_97' title='bbox 1731 734 1870 787; x_wconf 89' lang='lat' dir='ltr'>quali-</span> 
     </span>
     <span class='ocr_line' id='line_1_11' title="bbox 97 798 1871 852; baseline -0.001 -11"><span class='ocrx_word' id='word_1_98' title='bbox 97 813 261 852; x_wconf 85' lang='lat' dir='ltr'>cunque</span> <span class='ocrx_word' id='word_1_99' title='bbox 283 798 453 840; x_wconf 87' lang='lat' dir='ltr'>ratione</span> <span class='ocrx_word' id='word_1_100' title='bbox 476 798 649 851; x_wconf 90' lang='lat' dir='ltr'>quidam</span> <span class='ocrx_word' id='word_1_101' title='bbox 675 811 698 839; x_wconf 91' lang='lat' dir='ltr'>e</span> <span class='ocrx_word' id='word_1_102' title='bbox 721 798 884 840; x_wconf 90' lang='lat' dir='ltr'>nostris</span> <span class='ocrx_word' id='word_1_103' title='bbox 907 799 1067 840; x_wconf 88' lang='lat' dir='ltr'>Halam</span> <span class='ocrx_word' id='word_1_104' title='bbox 1091 812 1168 839; x_wconf 93' lang='lat' dir='ltr'>suo</span> <span class='ocrx_word' id='word_1_105' title='bbox 1191 800 1388 852; x_wconf 88' lang='lat' dir='ltr'>tempore</span> <span class='ocrx_word' id='word_1_106' title='bbox 1410 799 1749 841; x_wconf 85' lang='lat' dir='ltr'>transferantur.</span> <span class='ocrx_word' id='word_1_107' title='bbox 1786 798 1871 840; x_wconf 92' lang='lat' dir='ltr'>Vbi</span> 
     </span>
     <span class='ocr_line' id='line_1_12' title="bbox 96 862 1869 918; baseline -0.001 -11"><span class='ocrx_word' id='word_1_108' title='bbox 96 864 202 907; x_wconf 86' lang='lat' dir='ltr'>satis</span> <span class='ocrx_word' id='word_1_109' title='bbox 235 877 315 917; x_wconf 87' lang='lat' dir='ltr'>ego</span> <span class='ocrx_word' id='word_1_110' title='bbox 350 863 581 913; x_wconf 88' lang='lat' dir='ltr'>declaraui,</span> <span class='ocrx_word' id='word_1_111' title='bbox 623 862 840 905; x_wconf 83' lang='lat' dir='ltr'>Jnstituto</span> <span class='ocrx_word' id='word_1_112' title='bbox 880 866 1030 905; x_wconf 90' lang='lat' dir='ltr'>nostro</span> <span class='ocrx_word' id='word_1_113' title='bbox 1063 877 1324 917; x_wconf 88' lang='lat' dir='ltr'>repugnare,</span> <span class='ocrx_word' id='word_1_114' title='bbox 1369 863 1405 905; x_wconf 90' lang='lat' dir='ltr'>si</span> <span class='ocrx_word' id='word_1_115' title='bbox 1446 864 1596 918; x_wconf 82' lang='lat' dir='ltr'>paucic</span> <span class='ocrx_word' id='word_1_116' title='bbox 1618 862 1680 918; x_wconf 69' lang='grc' dir='ltr'>[Ρ]</span> <span class='ocrx_word' id='word_1_117' title='bbox 1716 864 1869 906; x_wconf 88' lang='lat' dir='ltr'>Sacer-</span> 
     </span>
     <span class='ocr_line' id='line_1_13' title="bbox 96 927 1867 983; baseline -0.001 -11"><span class='ocrx_word' id='word_1_118' title='bbox 96 930 232 978; x_wconf 81' lang='lat' dir='ltr'>dotes,</span> <span class='ocrx_word' id='word_1_119' title='bbox 266 932 313 971; x_wconf 92' lang='lat' dir='ltr'>ut</span> <span class='ocrx_word' id='word_1_120' title='bbox 336 929 520 983; x_wconf 89' lang='lat' dir='ltr'>primum</span> <span class='ocrx_word' id='word_1_121' title='bbox 545 929 757 982; x_wconf 89' lang='lat' dir='ltr'>optabant</span> <span class='ocrx_word' id='word_1_122' title='bbox 780 931 825 970; x_wconf 91' lang='lat' dir='ltr'>et</span> <span class='ocrx_word' id='word_1_123' title='bbox 848 929 1097 982; x_wconf 85' lang='lat' dir='ltr'>sperabant,</span> <span class='ocrx_word' id='word_1_124' title='bbox 1122 928 1227 982; x_wconf 88' lang='lat' dir='ltr'>ipsis</span> <span class='ocrx_word' id='word_1_125' title='bbox 1247 929 1387 970; x_wconf 85' lang='lat' dir='ltr'>Halae</span> <span class='ocrx_word' id='word_1_126' title='bbox 1410 927 1867 982; x_wconf 71' lang='lat' dir='ltr'>adiungerentu1‘⁰[?].</span> 
     </span>
     <span class='ocr_line' id='line_1_14' title="bbox 96 993 1870 1046; baseline -0.001 -9"><span class='ocrx_word' id='word_1_127' title='bbox 96 994 301 1037; x_wconf 88' lang='lat' dir='ltr'>Probauit</span> <span class='ocrx_word' id='word_1_128' title='bbox 333 994 463 1036; x_wconf 88' lang='lat' dir='ltr'>etiam</span> <span class='ocrx_word' id='word_1_129' title='bbox 498 994 578 1035; x_wconf 91' lang='lat' dir='ltr'>hoc</span> <span class='ocrx_word' id='word_1_130' title='bbox 602 993 839 1043; x_wconf 83' lang='lat' dir='ltr'>Archidux,</span> <span class='ocrx_word' id='word_1_131' title='bbox 875 993 946 1046; x_wconf 92' lang='lat' dir='ltr'>qui</span> <span class='ocrx_word' id='word_1_132' title='bbox 979 996 1028 1036; x_wconf 92' lang='lat' dir='ltr'>ut</span> <span class='ocrx_word' id='word_1_133' title='bbox 1050 994 1280 1035; x_wconf 83' lang='lat' dir='ltr'>Sororibus</span> <span class='ocrx_word' id='word_1_134' title='bbox 1302 994 1469 1036; x_wconf 84' lang='lat' dir='ltr'>faceret</span> <span class='ocrx_word' id='word_1_135' title='bbox 1491 994 1613 1044; x_wconf 87' lang='lat' dir='ltr'>satis,</span> <span class='ocrx_word' id='word_1_136' title='bbox 1649 994 1701 1036; x_wconf 90' lang='lat' dir='ltr'>de</span> <span class='ocrx_word' id='word_1_137' title='bbox 1723 997 1870 1036; x_wconf 87' lang='lat' dir='ltr'>trans-</span> 
     </span>
     <span class='ocr_line' id='line_1_15' title="bbox 93 1058 1869 1112; baseline 0 -11"><span class='ocrx_word' id='word_1_138' title='bbox 93 1060 270 1102; x_wconf 82' lang='lat' dir='ltr'>ferendo</span> <span class='ocrx_word' id='word_1_139' title='bbox 312 1059 410 1101; x_wconf 91' lang='lat' dir='ltr'>hinc</span> <span class='ocrx_word' id='word_1_140' title='bbox 451 1059 553 1101; x_wconf 90' lang='lat' dir='ltr'>illuc</span> <span class='ocrx_word' id='word_1_141' title='bbox 585 1059 790 1112; x_wconf 83' lang='lat' dir='ltr'>Collegio,</span> <span class='ocrx_word' id='word_1_142' title='bbox 835 1061 883 1101; x_wconf 91' lang='lat' dir='ltr'>ut</span> <span class='ocrx_word' id='word_1_143' title='bbox 916 1058 1018 1108; x_wconf 79' lang='lat' dir='ltr'>dixi,</span> <span class='ocrx_word' id='word_1_144' title='bbox 1056 1058 1235 1112; x_wconf 89' lang='lat' dir='ltr'>cogitat,</span> <span class='ocrx_word' id='word_1_145' title='bbox 1279 1062 1323 1101; x_wconf 86' lang='lat' dir='ltr'>et</span> <span class='ocrx_word' id='word_1_146' title='bbox 1366 1059 1506 1101; x_wconf 90' lang='lat' dir='ltr'>adhuc</span> <span class='ocrx_word' id='word_1_147' title='bbox 1539 1059 1760 1101; x_wconf 88' lang='lat' dir='ltr'>nobiscum</span> <span class='ocrx_word' id='word_1_148' title='bbox 1795 1059 1869 1100; x_wconf 92' lang='lat' dir='ltr'>de-</span> 
     </span>
     <span class='ocr_line' id='line_1_16' title="bbox 94 1123 1869 1178; baseline -0.001 -11"><span class='ocrx_word' id='word_1_149' title='bbox 94 1125 263 1168; x_wconf 83' lang='lat' dir='ltr'>liberat.</span> <span class='ocrx_word' id='word_1_150' title='bbox 307 1124 399 1174; x_wconf 82' lang='lat' dir='ltr'>Qua</span> <span class='ocrx_word' id='word_1_151' title='bbox 431 1124 658 1166; x_wconf 84' lang='lat' dir='ltr'>occasione</span> <span class='ocrx_word' id='word_1_152' title='bbox 690 1124 855 1166; x_wconf 84' lang='lat' dir='ltr'>factum</span> <span class='ocrx_word' id='word_1_153' title='bbox 890 1127 969 1175; x_wconf 90' lang='lat' dir='ltr'>est,</span> <span class='ocrx_word' id='word_1_154' title='bbox 1005 1127 1052 1167; x_wconf 91' lang='lat' dir='ltr'>ut</span> <span class='ocrx_word' id='word_1_155' title='bbox 1086 1123 1249 1178; x_wconf 89' lang='lat' dir='ltr'>scripto</span> <span class='ocrx_word' id='word_1_156' title='bbox 1284 1125 1470 1177; x_wconf 85' lang='lat' dir='ltr'>quodam</span> <span class='ocrx_word' id='word_1_157' title='bbox 1496 1124 1712 1178; x_wconf 79' lang='lat' dir='ltr'>complexi</span> <span class='ocrx_word' id='word_1_158' title='bbox 1735 1124 1869 1166; x_wconf 90' lang='lat' dir='ltr'>simus</span> 
     </span>
     <span class='ocr_line' id='line_1_17' title="bbox 94 1189 1869 1244; baseline -0.002 -11"><span class='ocrx_word' id='word_1_159' title='bbox 94 1190 317 1243; x_wconf 90' lang='lat' dir='ltr'>utriusque</span> <span class='ocrx_word' id='word_1_160' title='bbox 349 1189 488 1244; x_wconf 89' lang='lat' dir='ltr'>partis</span> <span class='ocrx_word' id='word_1_161' title='bbox 521 1189 728 1239; x_wconf 72' lang='lat' dir='ltr'>rationes,</span> <span class='ocrx_word' id='word_1_162' title='bbox 763 1203 874 1242; x_wconf 86' lang='lat' dir='ltr'>quae</span> <span class='ocrx_word' id='word_1_163' title='bbox 907 1190 1092 1231; x_wconf 88' lang='lat' dir='ltr'>suadent</span> <span class='ocrx_word' id='word_1_164' title='bbox 1125 1204 1175 1231; x_wconf 85' lang='lat' dir='ltr'>ac</span> <span class='ocrx_word' id='word_1_165' title='bbox 1209 1189 1440 1232; x_wconf 91' lang='lat' dir='ltr'>disuadent</span> <span class='ocrx_word' id='word_1_166' title='bbox 1471 1190 1583 1232; x_wconf 90' lang='lat' dir='ltr'>hanc</span> <span class='ocrx_word' id='word_1_167' title='bbox 1606 1189 1701 1231; x_wconf 88' lang='lat' dir='ltr'>fieri</span> <span class='ocrx_word' id='word_1_168' title='bbox 1723 1193 1869 1232; x_wconf 87' lang='lat' dir='ltr'>trans-</span> 
     </span>
     <span class='ocr_line' id='line_1_18' title="bbox 93 1255 1866 1310; baseline -0.001 -12"><span class='ocrx_word' id='word_1_169' title='bbox 93 1255 312 1298; x_wconf 87' lang='lat' dir='ltr'>lationem.</span> <span class='ocrx_word' id='word_1_170' title='bbox 357 1255 499 1308; x_wconf 82' lang='lat' dir='ltr'>quue</span> <span class='ocrx_word' id='word_1_171' title='bbox 532 1255 720 1297; x_wconf 90' lang='lat' dir='ltr'>libenter</span> <span class='ocrx_word' id='word_1_172' title='bbox 752 1255 946 1306; x_wconf 83' lang='lat' dir='ltr'>fecimus,</span> <span class='ocrx_word' id='word_1_173' title='bbox 982 1256 1031 1296; x_wconf 90' lang='lat' dir='ltr'>ut</span> <span class='ocrx_word' id='word_1_174' title='bbox 1063 1255 1187 1297; x_wconf 87' lang='lat' dir='ltr'>uaria</span> <span class='ocrx_word' id='word_1_175' title='bbox 1219 1255 1345 1297; x_wconf 90' lang='lat' dir='ltr'>huius</span> <span class='ocrx_word' id='word_1_176' title='bbox 1369 1255 1547 1310; x_wconf 81' lang='lat' dir='ltr'>Collegij</span> <span class='ocrx_word' id='word_1_177' title='bbox 1581 1255 1866 1301; x_wconf 84' lang='lat' dir='ltr'>incommoda.</span> 
     </span>
     <span class='ocr_line' id='line_1_19' title="bbox 95 1319 1870 1375; baseline -0.001 -13"><span class='ocrx_word' id='word_1_178' title='bbox 95 1335 203 1375; x_wconf 89' lang='lat' dir='ltr'>quae</span> <span class='ocrx_word' id='word_1_179' title='bbox 245 1334 299 1362; x_wconf 83' lang='lat' dir='ltr'>ex</span> <span class='ocrx_word' id='word_1_180' title='bbox 341 1322 467 1374; x_wconf 88' lang='lat' dir='ltr'>parte</span> <span class='ocrx_word' id='word_1_181' title='bbox 499 1320 665 1374; x_wconf 88' lang='lat' dir='ltr'>templi,</span> <span class='ocrx_word' id='word_1_182' title='bbox 709 1319 896 1370; x_wconf 88' lang='lat' dir='ltr'>scholae,</span> <span class='ocrx_word' id='word_1_183' title='bbox 940 1319 1237 1369; x_wconf 85' lang='lat' dir='ltr'>habitationis,</span> <span class='ocrx_word' id='word_1_184' title='bbox 1282 1320 1425 1362; x_wconf 89' lang='lat' dir='ltr'>victus</span> <span class='ocrx_word' id='word_1_185' title='bbox 1458 1323 1502 1362; x_wconf 93' lang='lat' dir='ltr'>et</span> <span class='ocrx_word' id='word_1_186' title='bbox 1535 1320 1649 1362; x_wconf 89' lang='lat' dir='ltr'>aeris</span> <span class='ocrx_word' id='word_1_187' title='bbox 1682 1321 1870 1362; x_wconf 86' lang='lat' dir='ltr'>offerunt</span> 
     </span>
     <span class='ocr_line' id='line_1_20' title="bbox 95 1385 1869 1439; baseline -0.001 -11"><span class='ocrx_word' id='word_1_188' title='bbox 95 1400 204 1437; x_wconf 89' lang='lat' dir='ltr'>sese,</span> <span class='ocrx_word' id='word_1_189' title='bbox 237 1385 399 1428; x_wconf 88' lang='lat' dir='ltr'>maiore</span> <span class='ocrx_word' id='word_1_190' title='bbox 433 1400 528 1427; x_wconf 90' lang='lat' dir='ltr'>cum</span> <span class='ocrx_word' id='word_1_191' title='bbox 561 1386 690 1427; x_wconf 88' lang='lat' dir='ltr'>uenia</span> <span class='ocrx_word' id='word_1_192' title='bbox 723 1385 906 1439; x_wconf 87' lang='lat' dir='ltr'>principi</span> <span class='ocrx_word' id='word_1_193' title='bbox 938 1399 1291 1439; x_wconf 87' lang='lat' dir='ltr'>proponeremus,</span> <span class='ocrx_word' id='word_1_194' title='bbox 1337 1389 1380 1428; x_wconf 87' lang='lat' dir='ltr'>et</span> <span class='ocrx_word' id='word_1_195' title='bbox 1413 1385 1449 1427; x_wconf 88' lang='lat' dir='ltr'>si</span> <span class='ocrx_word' id='word_1_196' title='bbox 1480 1386 1553 1427; x_wconf 89' lang='lat' dir='ltr'>ille</span> <span class='ocrx_word' id='word_1_197' title='bbox 1585 1400 1664 1427; x_wconf 90' lang='lat' dir='ltr'>nos</span> <span class='ocrx_word' id='word_1_198' title='bbox 1697 1385 1869 1439; x_wconf 91' lang='lat' dir='ltr'>quidem</span> 
     </span>
     <span class='ocr_line' id='line_1_21' title="bbox 94 1450 1869 1505; baseline -0.001 -12"><span class='ocrx_word' id='word_1_199' title='bbox 94 1451 173 1494; x_wconf 93' lang='lat' dir='ltr'>hoc</span> <span class='ocrx_word' id='word_1_200' title='bbox 216 1451 311 1493; x_wconf 92' lang='grc'>1000</span> <span class='ocrx_word' id='word_1_201' title='bbox 356 1464 532 1492; x_wconf 87' lang='lat' dir='ltr'>manere</span> <span class='ocrx_word' id='word_1_202' title='bbox 574 1451 721 1499; x_wconf 91' lang='lat' dir='ltr'>uellet,</span> <span class='ocrx_word' id='word_1_203' title='bbox 764 1451 872 1492; x_wconf 88' lang='lat' dir='ltr'>haec</span> <span class='ocrx_word' id='word_1_204' title='bbox 913 1450 1007 1505; x_wconf 88' lang='lat' dir='ltr'>ipsa</span> <span class='ocrx_word' id='word_1_205' title='bbox 1048 1451 1319 1503; x_wconf 88' lang='lat' dir='ltr'>grauamina,</span> <span class='ocrx_word' id='word_1_206' title='bbox 1367 1465 1473 1504; x_wconf 86' lang='lat' dir='ltr'>quae</span> <span class='ocrx_word' id='word_1_207' title='bbox 1515 1451 1695 1505; x_wconf 84' lang='lat' dir='ltr'>Collegij</span> <span class='ocrx_word' id='word_1_208' title='bbox 1739 1451 1869 1493; x_wconf 90' lang='lat' dir='ltr'>Oeni-</span> 
     </span>
     <span class='ocr_line' id='line_1_22' title="bbox 93 1516 1870 1570; baseline 0 -12"><span class='ocrx_word' id='word_1_209' title='bbox 93 1516 272 1570; x_wconf 89' lang='lat' dir='ltr'>pontani</span> <span class='ocrx_word' id='word_1_210' title='bbox 304 1529 585 1570; x_wconf 88' lang='lat' dir='ltr'>progressum</span> <span class='ocrx_word' id='word_1_211' title='bbox 618 1516 830 1558; x_wconf 89' lang='lat' dir='ltr'>hactenus</span> <span class='ocrx_word' id='word_1_212' title='bbox 863 1516 1159 1567; x_wconf 83' lang='lat' dir='ltr'>retardarunt,</span> <span class='ocrx_word' id='word_1_213' title='bbox 1194 1519 1271 1559; x_wconf 92' lang='lat' dir='ltr'>aut</span> <span class='ocrx_word' id='word_1_214' title='bbox 1302 1516 1545 1570; x_wconf 88' lang='lat' dir='ltr'>mitiganda</span> <span class='ocrx_word' id='word_1_215' title='bbox 1567 1517 1758 1567; x_wconf 87' lang='lat' dir='ltr'>tandem,</span> <span class='ocrx_word' id='word_1_216' title='bbox 1792 1519 1870 1558; x_wconf 84' lang='lat' dir='ltr'>aut</span> 
     </span>
     <span class='ocr_line' id='line_1_23' title="bbox 94 1581 1869 1636; baseline -0.001 -12"><span class='ocrx_word' id='word_1_217' title='bbox 94 1582 347 1636; x_wconf 90' lang='lat' dir='ltr'>depellenda</span> <span class='ocrx_word' id='word_1_218' title='bbox 381 1585 567 1624; x_wconf 83' lang='lat' dir='ltr'>curaret.</span> <span class='ocrx_word' id='word_1_219' title='bbox 632 1582 931 1636; x_wconf 80' lang='lat' dir='ltr'>Expectamus</span> <span class='ocrx_word' id='word_1_220' title='bbox 964 1581 1099 1634; x_wconf 90' lang='lat' dir='ltr'>igitur</span> <span class='ocrx_word' id='word_1_221' title='bbox 1129 1581 1214 1623; x_wconf 88' lang='lat' dir='ltr'>iam</span> <span class='ocrx_word' id='word_1_222' title='bbox 1248 1596 1504 1636; x_wconf 87' lang='lat' dir='ltr'>responsum</span> <span class='ocrx_word' id='word_1_223' title='bbox 1539 1582 1764 1636; x_wconf 88' lang='lat' dir='ltr'>Principis,</span> <span class='ocrx_word' id='word_1_224' title='bbox 1799 1581 1869 1623; x_wconf 81' lang='lat' dir='ltr'>ind</span> 
     </span>
     <span class='ocr_line' id='line_1_24' title="bbox 92 1647 1869 1702; baseline -0.001 -13"><span class='ocrx_word' id='word_1_225' title='bbox 92 1651 293 1690; x_wconf 86' lang='lat' dir='ltr'>euentum</span> <span class='ocrx_word' id='word_1_226' title='bbox 328 1649 544 1700; x_wconf 89' lang='lat' dir='ltr'>utrunque</span> <span class='ocrx_word' id='word_1_227' title='bbox 577 1647 736 1701; x_wconf 85' lang='lat' dir='ltr'>parati,</span> <span class='ocrx_word' id='word_1_228' title='bbox 771 1647 846 1688; x_wconf 92' lang='lat' dir='ltr'>sed</span> <span class='ocrx_word' id='word_1_229' title='bbox 873 1647 936 1689; x_wconf 87' lang='lat' dir='ltr'>ita</span> <span class='ocrx_word' id='word_1_230' title='bbox 960 1650 1007 1689; x_wconf 90' lang='lat' dir='ltr'>ut</span> <span class='ocrx_word' id='word_1_231' title='bbox 1030 1647 1312 1701; x_wconf 85' lang='lat' dir='ltr'>paternitatis</span> <span class='ocrx_word' id='word_1_232' title='bbox 1333 1649 1437 1689; x_wconf 85' lang='lat' dir='ltr'>tuae</span> <span class='ocrx_word' id='word_1_233' title='bbox 1460 1647 1692 1698; x_wconf 89' lang='lat' dir='ltr'>sententia,</span> <span class='ocrx_word' id='word_1_234' title='bbox 1726 1647 1869 1702; x_wconf 91' lang='lat' dir='ltr'>prius-</span> 
     </span>
     <span class='ocr_line' id='line_1_25' title="bbox 92 1712 1868 1767; baseline 0 -13"><span class='ocrx_word' id='word_1_235' title='bbox 92 1727 217 1765; x_wconf 88' lang='lat' dir='ltr'>quam</span> <span class='ocrx_word' id='word_1_236' title='bbox 252 1712 413 1766; x_wconf 88' lang='lat' dir='ltr'>aliquid</span> <span class='ocrx_word' id='word_1_237' title='bbox 445 1715 652 1762; x_wconf 90' lang='lat' dir='ltr'>mutetur,</span> <span class='ocrx_word' id='word_1_238' title='bbox 686 1712 945 1755; x_wconf 87' lang='lat' dir='ltr'>intercedat.</span> <span class='ocrx_word' id='word_1_239' title='bbox 1011 1712 1266 1754; x_wconf 87' lang='lat' dir='ltr'>Curabimus</span> <span class='ocrx_word' id='word_1_240' title='bbox 1300 1713 1474 1754; x_wconf 90' lang='lat' dir='ltr'>easdem</span> <span class='ocrx_word' id='word_1_241' title='bbox 1508 1713 1714 1763; x_wconf 88' lang='lat' dir='ltr'>rationes,</span> <span class='ocrx_word' id='word_1_242' title='bbox 1757 1726 1868 1767; x_wconf 88' lang='lat' dir='ltr'>quae</span> 
     </span>
     <span class='ocr_line' id='line_1_26' title="bbox 90 1777 1869 1832; baseline 0.001 -13"><span class='ocrx_word' id='word_1_243' title='bbox 90 1778 133 1819; x_wconf 92' lang='lat' dir='ltr'>in</span> <span class='ocrx_word' id='word_1_244' title='bbox 165 1778 310 1821; x_wconf 89' lang='lat' dir='ltr'>oblato</span> <span class='ocrx_word' id='word_1_245' title='bbox 334 1777 522 1832; x_wconf 88' lang='lat' dir='ltr'>Principi</span> <span class='ocrx_word' id='word_1_246' title='bbox 555 1779 717 1832; x_wconf 88' lang='lat' dir='ltr'>scripto</span> <span class='ocrx_word' id='word_1_247' title='bbox 752 1778 1042 1828; x_wconf 90' lang='lat' dir='ltr'>continentur,</span> <span class='ocrx_word' id='word_1_248' title='bbox 1077 1778 1220 1820; x_wconf 90' lang='lat' dir='ltr'>isthuc</span> <span class='ocrx_word' id='word_1_249' title='bbox 1253 1792 1423 1832; x_wconf 88' lang='lat' dir='ltr'>quoque</span> <span class='ocrx_word' id='word_1_250' title='bbox 1446 1778 1575 1829; x_wconf 86' lang='lat' dir='ltr'>mitti,</span> <span class='ocrx_word' id='word_1_251' title='bbox 1608 1780 1658 1820; x_wconf 94' lang='lat' dir='ltr'>ut</span> <span class='ocrx_word' id='word_1_252' title='bbox 1679 1792 1749 1820; x_wconf 89' lang='lat' dir='ltr'>res</span> <span class='ocrx_word' id='word_1_253' title='bbox 1771 1781 1869 1821; x_wconf 84' lang='lat' dir='ltr'>tota</span> 
     </span>
     <span class='ocr_line' id='line_1_27' title="bbox 91 1843 1866 1898; baseline 0.001 -13"><span class='ocrx_word' id='word_1_254' title='bbox 91 1844 251 1887; x_wconf 89' lang='lat' dir='ltr'>rectius</span> <span class='ocrx_word' id='word_1_255' title='bbox 290 1843 478 1896; x_wconf 89' lang='lat' dir='ltr'>intelligi</span> <span class='ocrx_word' id='word_1_256' title='bbox 520 1858 570 1885; x_wconf 90' lang='lat' dir='ltr'>ac</span> <span class='ocrx_word' id='word_1_257' title='bbox 604 1843 785 1886; x_wconf 87' lang='lat' dir='ltr'>iudicari</span> <span class='ocrx_word' id='word_1_258' title='bbox 819 1843 981 1897; x_wconf 89' lang='lat' dir='ltr'>possit:</span> <span class='ocrx_word' id='word_1_259' title='bbox 1025 1844 1077 1885; x_wconf 92' lang='lat' dir='ltr'>de</span> <span class='ocrx_word' id='word_1_260' title='bbox 1111 1858 1197 1897; x_wconf 90' lang='lat' dir='ltr'>qua</span> <span class='ocrx_word' id='word_1_261' title='bbox 1229 1844 1352 1886; x_wconf 90' lang='lat' dir='ltr'>nobis</span> <span class='ocrx_word' id='word_1_262' title='bbox 1385 1843 1518 1887; x_wconf 88' lang='lat' dir='ltr'>etiam</span> <span class='ocrx_word' id='word_1_263' title='bbox 1551 1844 1748 1898; x_wconf 89' lang='lat' dir='ltr'>cupimus</span> <span class='ocrx_word' id='word_1_264' title='bbox 1781 1843 1866 1886; x_wconf 87' lang='lat' dir='ltr'>cito</span> 
     </span>
     <span class='ocr_line' id='line_1_28' title="bbox 91 1909 356 1964; baseline 0 -13"><span class='ocrx_word' id='word_1_265' title='bbox 91 1909 356 1964; x_wconf 86' lang='lat' dir='ltr'>responderi.</span> 
     </span>
    </p>

    <p class='ocr_par' dir='ltr' id='par_1_3' title="bbox 88 1974 1867 2554">
     <span class='ocr_line' id='line_1_29' title="bbox 208 1974 1867 2029; baseline 0.001 -13"><span class='ocrx_word' id='word_1_266' title='bbox 208 1975 329 2024; x_wconf 83' lang='lat' dir='ltr'>Quod</span> <span class='ocrx_word' id='word_1_267' title='bbox 361 1974 416 2016; x_wconf 90' lang='lat' dir='ltr'>ad</span> <span class='ocrx_word' id='word_1_268' title='bbox 439 1974 631 2028; x_wconf 87' lang='lat' dir='ltr'>Reginas</span> <span class='ocrx_word' id='word_1_269' title='bbox 664 1975 837 2025; x_wconf 84' lang='lat' dir='ltr'>attinet,</span> <span class='ocrx_word' id='word_1_270' title='bbox 873 1989 1004 2028; x_wconf 88' lang='lat' dir='ltr'>aegre</span> <span class='ocrx_word' id='word_1_271' title='bbox 1037 1975 1206 2017; x_wconf 79' lang='lat' dir='ltr'>ferrent</span> <span class='ocrx_word' id='word_1_272' title='bbox 1237 1975 1338 2017; x_wconf 88' lang='lat' dir='ltr'>illae</span> <span class='ocrx_word' id='word_1_273' title='bbox 1371 1975 1507 2018; x_wconf 89' lang='lat' dir='ltr'>totius</span> <span class='ocrx_word' id='word_1_274' title='bbox 1529 1975 1708 2029; x_wconf 86' lang='lat' dir='ltr'>Collegij</span> <span class='ocrx_word' id='word_1_275' title='bbox 1741 1975 1867 2017; x_wconf 91' lang='lat' dir='ltr'>huius</span> 
     </span>
     <span class='ocr_line' id='line_1_30' title="bbox 89 2039 1867 2095; baseline 0 -13"><span class='ocrx_word' id='word_1_276' title='bbox 89 2039 434 2089; x_wconf 87' lang='lat' dir='ltr'>translationem,</span> <span class='ocrx_word' id='word_1_277' title='bbox 481 2042 530 2081; x_wconf 89' lang='lat' dir='ltr'>ut</span> <span class='ocrx_word' id='word_1_278' title='bbox 562 2054 630 2081; x_wconf 91' lang='lat' dir='ltr'>me</span> <span class='ocrx_word' id='word_1_279' title='bbox 671 2043 904 2094; x_wconf 84' lang='lat' dir='ltr'>praesente</span> <span class='ocrx_word' id='word_1_280' title='bbox 946 2040 1090 2083; x_wconf 86' lang='lat' dir='ltr'>Fratri</span> <span class='ocrx_word' id='word_1_281' title='bbox 1123 2041 1312 2095; x_wconf 85' lang='lat' dir='ltr'>Principi</span> <span class='ocrx_word' id='word_1_282' title='bbox 1354 2043 1507 2094; x_wconf 87' lang='lat' dir='ltr'>aperte</span> <span class='ocrx_word' id='word_1_283' title='bbox 1549 2040 1768 2091; x_wconf 81' lang='lat' dir='ltr'>dixerunt,</span> <span class='ocrx_word' id='word_1_284' title='bbox 1812 2054 1867 2082; x_wconf 90' lang='lat' dir='ltr'>ne</span> 
     </span>
     <span class='ocr_line' id='line_1_31' title="bbox 88 2105 1866 2160; baseline 0.001 -13"><span class='ocrx_word' id='word_1_285' title='bbox 88 2105 278 2160; x_wconf 88' lang='lat' dir='ltr'>ipsarum</span> <span class='ocrx_word' id='word_1_286' title='bbox 312 2119 444 2147; x_wconf 89' lang='lat' dir='ltr'>causa</span> <span class='ocrx_word' id='word_1_287' title='bbox 476 2105 716 2159; x_wconf 86' lang='lat' dir='ltr'>spiritualis</span> <span class='ocrx_word' id='word_1_288' title='bbox 748 2106 920 2148; x_wconf 86' lang='lat' dir='ltr'>fructus</span> <span class='ocrx_word' id='word_1_289' title='bbox 952 2106 1173 2160; x_wconf 89' lang='lat' dir='ltr'>depereat,</span> <span class='ocrx_word' id='word_1_290' title='bbox 1209 2120 1335 2159; x_wconf 83' lang='lat' dir='ltr'>quern</span> <span class='ocrx_word' id='word_1_291' title='bbox 1358 2120 1437 2160; x_wconf 90' lang='lat' dir='ltr'>per</span> <span class='ocrx_word' id='word_1_292' title='bbox 1459 2109 1634 2148; x_wconf 90' lang='lat' dir='ltr'>nostros</span> <span class='ocrx_word' id='word_1_293' title='bbox 1657 2106 1866 2148; x_wconf 90' lang='lat' dir='ltr'>Dominus</span> 
     </span>
     <span class='ocr_line' id='line_1_32' title="bbox 90 2170 1867 2226; baseline 0.001 -14"><span class='ocrx_word' id='word_1_294' title='bbox 90 2170 319 2225; x_wconf 90' lang='lat' dir='ltr'>Oeniponti</span> <span class='ocrx_word' id='word_1_295' title='bbox 350 2185 436 2212; x_wconf 90' lang='lat' dir='ltr'>non</span> <span class='ocrx_word' id='word_1_296' title='bbox 469 2171 651 2213; x_wconf 87' lang='lat' dir='ltr'>obscure</span> <span class='ocrx_word' id='word_1_297' title='bbox 685 2174 904 2225; x_wconf 88' lang='lat' dir='ltr'>operatur.</span> <span class='ocrx_word' id='word_1_298' title='bbox 945 2171 1095 2225; x_wconf 81' lang='lat' dir='ltr'>Jgitur</span> <span class='ocrx_word' id='word_1_299' title='bbox 1117 2186 1167 2214; x_wconf 90' lang='lat' dir='ltr'>eo</span> <span class='ocrx_word' id='word_1_300' title='bbox 1201 2186 1314 2214; x_wconf 92' lang='lat' dir='ltr'>nunc</span> <span class='ocrx_word' id='word_1_301' title='bbox 1347 2172 1514 2214; x_wconf 88' lang='lat' dir='ltr'>animos</span> <span class='ocrx_word' id='word_1_302' title='bbox 1547 2172 1782 2226; x_wconf 86' lang='lat' dir='ltr'>applicant,</span> <span class='ocrx_word' id='word_1_303' title='bbox 1818 2175 1867 2214; x_wconf 93' lang='lat' dir='ltr'>ut</span> 
     </span>
     <span class='ocr_line' id='line_1_33' title="bbox 88 2236 1865 2290; baseline 0.001 -13"><span class='ocrx_word' id='word_1_304' title='bbox 88 2236 228 2278; x_wconf 89' lang='lat' dir='ltr'>Halae</span> <span class='ocrx_word' id='word_1_305' title='bbox 259 2236 383 2278; x_wconf 91' lang='lat' dir='ltr'>nobis</span> <span class='ocrx_word' id='word_1_306' title='bbox 416 2238 461 2278; x_wconf 89' lang='lat' dir='ltr'>et</span> <span class='ocrx_word' id='word_1_307' title='bbox 492 2236 591 2278; x_wconf 88' lang='lat' dir='ltr'>huic</span> <span class='ocrx_word' id='word_1_308' title='bbox 616 2237 872 2279; x_wconf 88' lang='lat' dir='ltr'>Prouinciae</span> <span class='ocrx_word' id='word_1_309' title='bbox 906 2237 1058 2279; x_wconf 89' lang='lat' dir='ltr'>domus</span> <span class='ocrx_word' id='word_1_310' title='bbox 1082 2237 1358 2280; x_wconf 90' lang='lat' dir='ltr'>Nouitiorum</span> <span class='ocrx_word' id='word_1_311' title='bbox 1393 2240 1517 2280; x_wconf 82' lang='lat' dir='ltr'>extet</span> <span class='ocrx_word' id='word_1_312' title='bbox 1548 2238 1593 2280; x_wconf 90' lang='lat' dir='ltr'>in</span> <span class='ocrx_word' id='word_1_313' title='bbox 1625 2252 1711 2290; x_wconf 89' lang='lat' dir='ltr'>qua</span> <span class='ocrx_word' id='word_1_314' title='bbox 1738 2238 1865 2279; x_wconf 89' lang='lat' dir='ltr'>simul</span> 
     </span>
     <span class='ocr_line' id='line_1_34' title="bbox 88 2300 1864 2357; baseline 0.001 -15"><span class='ocrx_word' id='word_1_315' title='bbox 88 2300 208 2355; x_wconf 87' lang='lat' dir='ltr'>ipsae</span> <span class='ocrx_word' id='word_1_316' title='bbox 231 2315 332 2343; x_wconf 89' lang='lat' dir='ltr'>suos</span> <span class='ocrx_word' id='word_1_317' title='bbox 354 2301 546 2343; x_wconf 86' lang='lat' dir='ltr'>habeant</span> <span class='ocrx_word' id='word_1_318' title='bbox 567 2302 866 2344; x_wconf 83' lang='lat' dir='ltr'>Confessarios</span> <span class='ocrx_word' id='word_1_319' title='bbox 888 2305 1021 2356; x_wconf 88' lang='lat' dir='ltr'>atque</span> <span class='ocrx_word' id='word_1_320' title='bbox 1045 2303 1317 2345; x_wconf 79' lang='lat' dir='ltr'>Sacerdotes.</span> <span class='ocrx_word' id='word_1_321' title='bbox 1363 2303 1475 2345; x_wconf 90' lang='lat' dir='ltr'>Huic</span> <span class='ocrx_word' id='word_1_322' title='bbox 1498 2303 1643 2345; x_wconf 88' lang='lat' dir='ltr'>domui</span> <span class='ocrx_word' id='word_1_323' title='bbox 1665 2305 1864 2357; x_wconf 91' lang='lat' dir='ltr'>sumptus</span> 
     </span>
     <span class='ocr_line' id='line_1_35' title="bbox 90 2367 1865 2422; baseline 0.001 -14"><span class='ocrx_word' id='word_1_324' title='bbox 90 2367 275 2409; x_wconf 87' lang='lat' dir='ltr'>offerunt</span> <span class='ocrx_word' id='word_1_325' title='bbox 306 2369 350 2409; x_wconf 93' lang='lat' dir='ltr'>et</span> <span class='ocrx_word' id='word_1_326' title='bbox 381 2367 646 2421; x_wconf 89' lang='lat' dir='ltr'>promittunt</span> <span class='ocrx_word' id='word_1_327' title='bbox 677 2367 733 2409; x_wconf 89' lang='lat' dir='ltr'>ad</span> <span class='ocrx_word' id='word_1_328' title='bbox 771 2370 882 2410; x_wconf 85' lang='lat'>1000</span> <span class='ocrx_word' id='word_1_329' title='bbox 905 2369 1107 2419; x_wconf 88' lang='lat' dir='ltr'>florenos,</span> <span class='ocrx_word' id='word_1_330' title='bbox 1132 2368 1366 2422; x_wconf 89' lang='lat' dir='ltr'>quotannis</span> <span class='ocrx_word' id='word_1_331' title='bbox 1390 2371 1435 2411; x_wconf 91' lang='lat' dir='ltr'>et</span> <span class='ocrx_word' id='word_1_332' title='bbox 1456 2368 1499 2410; x_wconf 91' lang='lat' dir='ltr'>in</span> <span class='ocrx_word' id='word_1_333' title='bbox 1522 2368 1745 2422; x_wconf 81' lang='lat' dir='ltr'>perpetuis</span> <span class='ocrx_word' id='word_1_334' title='bbox 1767 2369 1865 2410; x_wconf 90' lang='lat' dir='ltr'>red-</span> 
     </span>
     <span class='ocr_line' id='line_1_36' title="bbox 90 2431 1865 2488; baseline 0.002 -15"><span class='ocrx_word' id='word_1_335' title='bbox 90 2431 248 2475; x_wconf 88' lang='lat' dir='ltr'>ditibus</span> <span class='ocrx_word' id='word_1_336' title='bbox 280 2433 584 2475; x_wconf 88' lang='lat' dir='ltr'>numerandos.</span> <span class='ocrx_word' id='word_1_337' title='bbox 628 2432 723 2475; x_wconf 88' lang='lat' dir='ltr'>Nec</span> <span class='ocrx_word' id='word_1_338' title='bbox 755 2433 879 2475; x_wconf 89' lang='lat' dir='ltr'>deest</span> <span class='ocrx_word' id='word_1_339' title='bbox 912 2434 1082 2476; x_wconf 89' lang='lat' dir='ltr'>occasio</span> <span class='ocrx_word' id='word_1_340' title='bbox 1115 2437 1273 2488; x_wconf 87' lang='lat' dir='ltr'>parata</span> <span class='ocrx_word' id='word_1_341' title='bbox 1300 2434 1615 2476; x_wconf 90' lang='lat' dir='ltr'>Monasterium</span> <span class='ocrx_word' id='word_1_342' title='bbox 1650 2434 1865 2487; x_wconf 89' lang='lat' dir='ltr'>quoddam</span> 
     </span>
     <span class='ocr_line' id='line_1_37' title="bbox 89 2497 1866 2554; baseline 0.002 -16"><span class='ocrx_word' id='word_1_343' title='bbox 89 2497 228 2539; x_wconf 89' lang='lat' dir='ltr'>Halae</span> <span class='ocrx_word' id='word_1_344' title='bbox 259 2512 443 2540; x_wconf 89' lang='lat' dir='ltr'>uacuum</span> <span class='ocrx_word' id='word_1_345' title='bbox 482 2498 643 2540; x_wconf 88' lang='lat' dir='ltr'>nostris</span> <span class='ocrx_word' id='word_1_346' title='bbox 687 2499 956 2553; x_wconf 86' lang='lat' dir='ltr'>applicandi;</span> <span class='ocrx_word' id='word_1_347' title='bbox 1000 2499 1121 2541; x_wconf 89' lang='lat' dir='ltr'>cuius</span> <span class='ocrx_word' id='word_1_348' title='bbox 1153 2499 1410 2553; x_wconf 82' lang='lat' dir='ltr'>Monasterij</span> <span class='ocrx_word' id='word_1_349' title='bbox 1444 2500 1655 2553; x_wconf 89' lang='lat' dir='ltr'>templum</span> <span class='ocrx_word' id='word_1_350' title='bbox 1688 2502 1733 2542; x_wconf 90' lang='lat' dir='ltr'>et</span> <span class='ocrx_word' id='word_1_351' title='bbox 1765 2514 1866 2554; x_wconf 89' lang='lat' dir='ltr'>pro-</span> 
     </span>
    </p>
   </div>
   <div class='ocr_carea' id='block_1_3' title="bbox 83 2612 1863 2727">
    <p class='ocr_par' dir='ltr' id='par_1_4' title="bbox 83 2612 1863 2727">
     <span class='ocr_line' id='line_1_38' title="bbox 206 2612 1863 2647; baseline 0.001 -10"><span class='ocrx_word' id='word_1_352' title='bbox 206 2612 234 2643; x_wconf 85' lang='lat' dir='ltr'>a)</span> <span class='ocrx_word' id='word_1_353' title='bbox 256 2613 281 2637; x_wconf 82' lang='grc' dir='ltr'><strong><em>Α</em></strong></span> <span class='ocrx_word' id='word_1_354' title='bbox 302 2613 330 2637; x_wconf 85' lang='lat' dir='ltr'>C.</span> <span class='ocrx_word' id='word_1_355' title='bbox 351 2613 425 2644; x_wconf 74' lang='lat' dir='ltr'>ipso,</span> <span class='ocrx_word' id='word_1_356' title='bbox 451 2616 482 2637; x_wconf 80' lang='lat' dir='ltr'>ut</span> <span class='ocrx_word' id='word_1_357' title='bbox 508 2614 636 2645; x_wconf 73' lang='lat' dir='ltr'>videtur,</span> <span class='ocrx_word' id='word_1_358' title='bbox 662 2617 822 2638; x_wconf 52' lang='lat' dir='ltr'>currentum</span> <span class='ocrx_word' id='word_1_359' title='bbox 848 2622 885 2639; x_wconf 67' lang='lat' dir='ltr'>es</span> <span class='ocrx_word' id='word_1_360' title='bbox 911 2621 989 2641; x_wconf 80' lang='lat' dir='ltr'>esse.</span> <span class='ocrx_word' id='word_1_361' title='bbox 1088 2613 1118 2646; x_wconf 87' lang='lat' dir='ltr'>b)</span> <span class='ocrx_word' id='word_1_362' title='bbox 1140 2616 1205 2640; x_wconf 71' lang='lat' dir='ltr'>Duo</span> <span class='ocrx_word' id='word_1_363' title='bbox 1228 2616 1268 2640; x_wconf 68' lang='lat' dir='ltr'>uu.</span> <span class='ocrx_word' id='word_1_364' title='bbox 1288 2624 1347 2647; x_wconf 73' lang='lat' dir='ltr'>sqq.</span> <span class='ocrx_word' id='word_1_365' title='bbox 1369 2624 1385 2640; x_wconf 77' lang='lat' dir='ltr'>a</span> <span class='ocrx_word' id='word_1_366' title='bbox 1409 2616 1438 2640; x_wconf 75' lang='lat' dir='ltr'>G.</span> <span class='ocrx_word' id='word_1_367' title='bbox 1458 2615 1488 2639; x_wconf 67' lang='lat' dir='ltr'>‘in</span> <span class='ocrx_word' id='word_1_368' title='bbox 1510 2615 1643 2646; x_wconf 56' lang='grc' dir='ltr'>τηαν-51710</span> <span class='ocrx_word' id='word_1_369' title='bbox 1663 2616 1766 2640; x_wconf 72' lang='lat' dir='ltr'>«clalita</span> <span class='ocrx_word' id='word_1_370' title='bbox 1787 2619 1863 2640; x_wconf 78' lang='lat' dir='ltr'>sunt.</span> 
     </span>
     <span class='ocr_line' id='line_1_39' title="bbox 89 2651 1862 2689; baseline 0.002 -12"><span class='ocrx_word' id='word_1_371' title='bbox 89 2651 114 2681; x_wconf 86' lang='lat' dir='ltr'>c)</span> <span class='ocrx_word' id='word_1_372' title='bbox 134 2653 192 2677; x_wconf 75' lang='lat' dir='ltr'>Aut</span> <span class='ocrx_word' id='word_1_373' title='bbox 211 2653 253 2677; x_wconf 78' lang='lat' dir='ltr'>sic</span> <span class='ocrx_word' id='word_1_374' title='bbox 272 2654 477 2685; x_wconf 70' lang='lat' dir='ltr'>corriyendum</span> <span class='ocrx_word' id='word_1_375' title='bbox 505 2658 547 2679; x_wconf 77' lang='lat' dir='ltr'>est</span> <span class='ocrx_word' id='word_1_376' title='bbox 575 2662 610 2679; x_wconf 68' lang='lat' dir='ltr'>ea·</span> <span class='ocrx_word' id='word_1_377' title='bbox 637 2654 883 2687; x_wconf 68' lang='lat' dir='ltr'>adiungeremuS,</span> <span class='ocrx_word' id='word_1_378' title='bbox 911 2656 986 2687; x_wconf 71' lang='lat' dir='ltr'>quod</span> <span class='ocrx_word' id='word_1_379' title='bbox 1013 2659 1055 2681; x_wconf 79' lang='lat' dir='ltr'>est</span> <span class='ocrx_word' id='word_1_380' title='bbox 1082 2657 1114 2681; x_wconf 68' lang='lat' dir='ltr'>rin</span> <span class='ocrx_word' id='word_1_381' title='bbox 1134 2657 1224 2687; x_wconf 63' lang='lat' dir='ltr'>arch„</span> <span class='ocrx_word' id='word_1_382' title='bbox 1251 2660 1302 2681; x_wconf 75' lang='lat' dir='ltr'>(tut</span> <span class='ocrx_word' id='word_1_383' title='bbox 1324 2657 1417 2688; x_wconf 74' lang='lat' dir='ltr'>paulo</span> <span class='ocrx_word' id='word_1_384' title='bbox 1443 2664 1536 2688; x_wconf 72' lang='lat' dir='ltr'>supra</span> <span class='ocrx_word' id='word_1_385' title='bbox 1559 2663 1671 2689; x_wconf 82' lang='lat' dir='ltr'>paucos</span> <span class='ocrx_word' id='word_1_386' title='bbox 1697 2657 1862 2688; x_wconf 71' lang='lat' dir='ltr'>ponendum</span> 
     </span>
     <span class='ocr_line' id='line_1_40' title="bbox 83 2693 726 2727; baseline 0.006 -10"><span class='ocrx_word' id='word_1_387' title='bbox 83 2700 140 2724; x_wconf 76' lang='lat' dir='ltr'>pro</span> <span class='ocrx_word' id='word_1_388' title='bbox 159 2693 254 2726; x_wconf 79' lang='lat' dir='ltr'>pauci.</span> <span class='ocrx_word' id='word_1_389' title='bbox 345 2694 375 2727; x_wconf 87' lang='lat' dir='ltr'>d)</span> <span class='ocrx_word' id='word_1_390' title='bbox 397 2696 536 2727; x_wconf 69' lang='lat' dir='ltr'>Sequitur</span> <span class='ocrx_word' id='word_1_391' title='bbox 555 2695 615 2727; x_wconf 88' lang='lat' dir='ltr'>utr,</span> <span class='ocrx_word' id='word_1_392' title='bbox 635 2697 726 2721; x_wconf 68' lang='lat' dir='ltr'>obliti.</span> 
     </span>
    </p>
   </div>
   <div class='ocr_carea' id='block_1_4' title="bbox 88 2771 328 2777">
    <p class='ocr_par' dir='ltr' id='par_1_5' title="bbox 88 2771 328 2777">
     <span class='ocr_line' id='line_1_41' title="bbox 88 2771 328 2777; baseline 0 0"><span class='ocrx_word' id='word_1_393' title='bbox 88 2771 328 2777; x_wconf 95' lang='lat' dir='ltr'> </span> 
     </span>
    </p>
   </div>
   <div class='ocr_carea' id='block_1_5' title="bbox 87 2830 1862 3093">
    <p class='ocr_par' dir='ltr' id='par_1_6' title="bbox 209 2830 590 2876">
     <span class='ocr_line' id='line_1_42' title="bbox 209 2830 590 2876; baseline 0.005 -12"><span class='ocrx_word' id='word_1_394' title='bbox 209 2831 218 2850; x_wconf 92' lang='lat'>¹</span> <span class='ocrx_word' id='word_1_395' title='bbox 245 2830 336 2865; x_wconf 87' lang='lat' dir='ltr'>Vide</span> <span class='ocrx_word' id='word_1_396' title='bbox 362 2843 472 2876; x_wconf 84' lang='lat' dir='ltr'>supra</span> <span class='ocrx_word' id='word_1_397' title='bbox 498 2844 531 2876; x_wconf 89' lang='lat' dir='ltr'>p.</span> <span class='ocrx_word' id='word_1_398' title='bbox 558 2832 590 2866; x_wconf 84' lang='lat'>3.</span> 
     </span>
    </p>

    <p class='ocr_par' dir='ltr' id='par_1_7' title="bbox 87 2884 1862 3093">
     <span class='ocr_line' id='line_1_43' title="bbox 206 2884 1861 2933; baseline 0.003 -16"><span class='ocrx_word' id='word_1_399' title='bbox 206 2884 219 2904; x_wconf 73' lang='lat'>‘²</span> <span class='ocrx_word' id='word_1_400' title='bbox 246 2884 284 2919; x_wconf 93' lang='lat' dir='ltr'>P.</span> <span class='ocrx_word' id='word_1_401' title='bbox 311 2885 484 2919; x_wconf 76' lang='lat' dir='ltr'>Nicolaus</span> <span class='ocrx_word' id='word_1_402' title='bbox 511 2887 674 2920; x_wconf 74' lang='lat' dir='ltr'>Lanoius</span> <span class='ocrx_word' id='word_1_403' title='bbox 709 2885 744 2920; x_wconf 87' lang='lat' dir='ltr'>S.</span> <span class='ocrx_word' id='word_1_404' title='bbox 772 2886 805 2921; x_wconf 88' lang='lat' dir='ltr'>J.</span> <span class='ocrx_word' id='word_1_405' title='bbox 842 2889 961 2921; x_wconf 89' lang='lat' dir='ltr'>rector</span> <span class='ocrx_word' id='word_1_406' title='bbox 997 2888 1259 2932; x_wconf 83' lang='lat' dir='ltr'>oenipontanus</span> <span class='ocrx_word' id='word_1_407' title='bbox 1296 2887 1496 2933; x_wconf 88' lang='lat' dir='ltr'>Oeniponte</span> <span class='ocrx_word' id='word_1_408' title='bbox 1525 2888 1578 2923; x_wconf 84' lang='lat'>13.</span> <span class='ocrx_word' id='word_1_409' title='bbox 1608 2887 1743 2933; x_wconf 88' lang='lat' dir='ltr'>Aprilis</span> <span class='ocrx_word' id='word_1_410' title='bbox 1773 2887 1861 2922; x_wconf 84' lang='lat'>1567</span> 
     </span>
     <span class='ocr_line' id='line_1_44' title="bbox 88 2935 1860 2986; baseline 0.003 -17"><span class='ocrx_word' id='word_1_411' title='bbox 88 2935 240 2980; x_wconf 84' lang='lat' dir='ltr'>Borgiae</span> <span class='ocrx_word' id='word_1_412' title='bbox 258 2937 300 2971; x_wconf 85' lang='lat' dir='ltr'>de</span> <span class='ocrx_word' id='word_1_413' title='bbox 315 2937 425 2972; x_wconf 84' lang='lat' dir='ltr'>Tiroli</span> <span class='ocrx_word' id='word_1_414' title='bbox 447 2938 532 2981; x_wconf 89' lang='lat' dir='ltr'>(res,</span> <span class='ocrx_word' id='word_1_415' title='bbox 552 2942 649 2984; x_wconf 86' lang='lat' dir='ltr'>puto,</span> <span class='ocrx_word' id='word_1_416' title='bbox 669 2939 857 2974; x_wconf 82' lang='lat' dir='ltr'>scribendo</span> <span class='ocrx_word' id='word_1_417' title='bbox 885 2952 949 2985; x_wconf 91' lang='lat' dir='ltr'>pro</span> <span class='ocrx_word' id='word_1_418' title='bbox 977 2940 1112 2984; x_wconf 86' lang='lat' dir='ltr'>ingenii</span> <span class='ocrx_word' id='word_1_419' title='bbox 1138 2942 1194 2975; x_wconf 92' lang='lat' dir='ltr'>sui</span> <span class='ocrx_word' id='word_1_420' title='bbox 1220 2941 1358 2976; x_wconf 87' lang='lat' dir='ltr'>ratione</span> <span class='ocrx_word' id='word_1_421' title='bbox 1377 2942 1603 2986; x_wconf 81' lang='lat' dir='ltr'>aliquantum</span> <span class='ocrx_word' id='word_1_422' title='bbox 1623 2941 1860 2986; x_wconf 82' lang='lat' dir='ltr'>exasperans)</span> 
     </span>
     <span class='ocr_line' id='line_1_45' title="bbox 88 2989 1862 3040; baseline 0.003 -17"><span class='ocrx_word' id='word_1_423' title='bbox 88 2989 280 3035; x_wconf 75' lang='lat' dir='ltr'>*scripsitz</span> <span class='ocrx_word' id='word_1_424' title='bbox 314 2991 380 3025; x_wconf 90' lang='lat' dir='ltr'>Est</span> <span class='ocrx_word' id='word_1_425' title='bbox 409 2992 642 3034; x_wconf 79' lang='lat' dir='ltr'>„totalmente</span> <span class='ocrx_word' id='word_1_426' title='bbox 678 2993 841 3027; x_wconf 78' lang='lat' dir='ltr'>desolata</span> <span class='ocrx_word' id='word_1_427' title='bbox 868 2997 905 3027; x_wconf 87' lang='lat' dir='ltr'>et</span> <span class='ocrx_word' id='word_1_428' title='bbox 930 2994 1158 3028; x_wconf 87' lang='lat' dir='ltr'>abandonata</span> <span class='ocrx_word' id='word_1_429' title='bbox 1185 2995 1219 3028; x_wconf 89' lang='lat' dir='ltr'>di</span> <span class='ocrx_word' id='word_1_430' title='bbox 1246 2994 1439 3040; x_wconf 82' lang='lat' dir='ltr'>sacerdotj,</span> <span class='ocrx_word' id='word_1_431' title='bbox 1475 2997 1512 3029; x_wconf 86' lang='lat' dir='ltr'>et</span> <span class='ocrx_word' id='word_1_432' title='bbox 1538 2995 1649 3039; x_wconf 86' lang='lat' dir='ltr'>quelli</span> <span class='ocrx_word' id='word_1_433' title='bbox 1674 2995 1800 3039; x_wconf 90' lang='lat' dir='ltr'>liquali</span> <span class='ocrx_word' id='word_1_434' title='bbox 1826 2994 1862 3028; x_wconf 88' lang='lat' dir='ltr'>in</span> 
     </span>
     <span class='ocr_line' id='line_1_46' title="bbox 87 3044 1862 3093; baseline 0.004 -17"><span class='ocrx_word' id='word_1_435' title='bbox 87 3053 168 3077; x_wconf 84' lang='lat' dir='ltr'>essa</span> <span class='ocrx_word' id='word_1_436' title='bbox 193 3044 223 3077; x_wconf 88' lang='lat' dir='ltr'>si</span> <span class='ocrx_word' id='word_1_437' title='bbox 249 3044 431 3079; x_wconf 85' lang='lat' dir='ltr'>ritrouano</span> <span class='ocrx_word' id='word_1_438' title='bbox 456 3057 543 3079; x_wconf 87' lang='lat' dir='ltr'>sono</span> <span class='ocrx_word' id='word_1_439' title='bbox 569 3046 853 3089; x_wconf 86' lang='lat' dir='ltr'>ignorantissimi</span> <span class='ocrx_word' id='word_1_440' title='bbox 883 3046 1134 3093; x_wconf 84' lang='lat' dir='ltr'>Concubinarij</span> <span class='ocrx_word' id='word_1_441' title='bbox 1163 3050 1199 3082; x_wconf 90' lang='lat' dir='ltr'>et</span> <span class='ocrx_word' id='word_1_442' title='bbox 1225 3048 1326 3093; x_wconf 85' lang='lat' dir='ltr'>moltj</span> <span class='ocrx_word' id='word_1_443' title='bbox 1355 3048 1513 3093; x_wconf 83' lang='lat' dir='ltr'>apostati</span> <span class='ocrx_word' id='word_1_444' title='bbox 1539 3049 1574 3082; x_wconf 92' lang='lat' dir='ltr'>di</span> <span class='ocrx_word' id='word_1_445' title='bbox 1601 3048 1755 3093; x_wconf 86' lang='lat' dir='ltr'>qualche</span> <span class='ocrx_word' id='word_1_446' title='bbox 1781 3048 1862 3082; x_wconf 89' lang='lat' dir='ltr'>reli-</span> 
     </span>
    </p>
   </div>
   <div class='ocr_carea' id='block_1_6' title="bbox 87 3095 953 3144">
    <p class='ocr_par' dir='ltr' id='par_1_8' title="bbox 87 3095 953 3144">
     <span class='ocr_line' id='line_1_47' title="bbox 87 3095 953 3144; baseline 0.006 -15"><span class='ocrx_word' id='word_1_447' title='bbox 87 3095 210 3139; x_wconf 80' lang='lat' dir='ltr'>gione⁴⁴</span> <span class='ocrx_word' id='word_1_448' title='bbox 244 3099 305 3140; x_wconf 83' lang='lat' dir='ltr'>(ex</span> <span class='ocrx_word' id='word_1_449' title='bbox 331 3101 491 3141; x_wconf 79' lang='lat' dir='ltr'>autogr.;</span> <span class='ocrx_word' id='word_1_450' title='bbox 520 3099 562 3133; x_wconf 81' lang='lat' dir='ltr'>G.</span> <span class='ocrx_word' id='word_1_451' title='bbox 590 3099 654 3144; x_wconf 86' lang='lat' dir='ltr'>Ep.</span> <span class='ocrx_word' id='word_1_452' title='bbox 674 3099 759 3133; x_wconf 90' lang='lat' dir='ltr'>VIII</span> <span class='ocrx_word' id='word_1_453' title='bbox 787 3100 812 3134; x_wconf 88' lang='lat' dir='ltr'>f.</span> <span class='ocrx_word' id='word_1_454' title='bbox 836 3099 953 3144; x_wconf 72' lang='lat' dir='ltr'>179b.)</span> 
     </span>
    </p>
   </div>
  </div>
 </body>
</html>
