<?xml version="1.0" encoding="UTF-8"?>
<!DOCTYPE html PUBLIC "-//W3C//DTD XHTML 1.0 Transitional//EN"
    "http://www.w3.org/TR/xhtml1/DTD/xhtml1-transitional.dtd">
<html xmlns="http://www.w3.org/1999/xhtml" xml:lang="en" lang="en">
 <head>
  <title>
</title>
<meta http-equiv="Content-Type" content="text/html;charset=utf-8" />
  <meta name='ocr-system' content='tesseract 3.04.00' />
  <meta name='ocr-capabilities' content='ocr_page ocr_carea ocr_par ocr_line ocrx_word'/>
</head>
<body>
  <div class='ocr_page' id='page_1' title='image "beatipetricanisi06cani_0188.png"; bbox 0 0 2044 3335; ppageno 0'>
   <div class='ocr_carea' id='block_1_1' title="bbox 178 67 1701 112">
    <p class='ocr_par' dir='ltr' id='par_1_1' title="bbox 178 67 1701 112">
     <span class='ocr_line' id='line_1_1' title="bbox 178 67 1701 112; baseline -0.001 -9"><span class='ocrx_word' id='word_1_1' title='bbox 178 72 258 112; x_wconf 81' lang='lat'>114</span> <span class='ocrx_word' id='word_1_2' title='bbox 415 68 515 103; x_wconf 84' lang='lat'>1525.</span> <span class='ocrx_word' id='word_1_3' title='bbox 544 67 709 103; x_wconf 82' lang='lat' dir='ltr'>Canisius</span> <span class='ocrx_word' id='word_1_4' title='bbox 736 67 768 102; x_wconf 80' lang='lat' dir='ltr'>S.</span> <span class='ocrx_word' id='word_1_5' title='bbox 790 67 979 102; x_wconf 87' lang='lat' dir='ltr'>Francisco</span> <span class='ocrx_word' id='word_1_6' title='bbox 1006 67 1169 111; x_wconf 85' lang='lat' dir='ltr'>Borgiae.</span> <span class='ocrx_word' id='word_1_7' title='bbox 1220 67 1409 101; x_wconf 88' lang='lat' dir='ltr'>Monachio</span> <span class='ocrx_word' id='word_1_8' title='bbox 1436 68 1467 102; x_wconf 80' lang='lat'>8.</span> <span class='ocrx_word' id='word_1_9' title='bbox 1486 67 1576 102; x_wconf 87' lang='lat' dir='ltr'><strong>Nov.</strong></span> <span class='ocrx_word' id='word_1_10' title='bbox 1599 67 1701 102; x_wconf 86' lang='lat'><strong>1567.</strong></span> 
     </span>
    </p>
   </div>
   <div class='ocr_carea' id='block_1_2' title="bbox 173 186 1949 1475">
    <p class='ocr_par' dir='ltr' id='par_1_2' title="bbox 173 186 1949 1475">
     <span class='ocr_line' id='line_1_2' title="bbox 173 186 1940 240; baseline -0.002 -10"><span class='ocrx_word' id='word_1_11' title='bbox 173 188 334 231; x_wconf 87' lang='lat' dir='ltr'>nostris</span> <span class='ocrx_word' id='word_1_12' title='bbox 356 187 558 238; x_wconf 90' lang='lat' dir='ltr'>humeris,</span> <span class='ocrx_word' id='word_1_13' title='bbox 578 186 754 228; x_wconf 90' lang='lat' dir='ltr'>nimium</span> <span class='ocrx_word' id='word_1_14' title='bbox 773 186 963 240; x_wconf 87' lang='lat' dir='ltr'>alioquin</span> <span class='ocrx_word' id='word_1_15' title='bbox 982 189 1101 228; x_wconf 85' lang='lat' dir='ltr'>certe</span> <span class='ocrx_word' id='word_1_16' title='bbox 1118 186 1315 239; x_wconf 88' lang='lat' dir='ltr'>grauatis</span> <span class='ocrx_word' id='word_1_17' title='bbox 1325 192 1352 237; x_wconf 74' lang='lat'>⁵,</span> <span class='ocrx_word' id='word_1_18' title='bbox 1373 200 1458 228; x_wconf 92' lang='lat' dir='ltr'>non</span> <span class='ocrx_word' id='word_1_19' title='bbox 1475 186 1737 240; x_wconf 90' lang='lat' dir='ltr'>imponatur,</span> <span class='ocrx_word' id='word_1_20' title='bbox 1762 188 1940 240; x_wconf 89' lang='lat' dir='ltr'>propter</span> 
     </span>
     <span class='ocr_line' id='line_1_3' title="bbox 174 248 1938 307; baseline -0.002 -12"><span class='ocrx_word' id='word_1_21' title='bbox 174 253 286 307; x_wconf 90' lang='lat' dir='ltr'>quod</span> <span class='ocrx_word' id='word_1_22' title='bbox 320 253 404 295; x_wconf 90' lang='lat' dir='ltr'>alia</span> <span class='ocrx_word' id='word_1_23' title='bbox 437 251 637 307; x_wconf 81' lang='lat' dir='ltr'>propiusb</span> <span class='ocrx_word' id='word_1_24' title='bbox 670 252 725 293; x_wconf 87' lang='lat' dir='ltr'>ad</span> <span class='ocrx_word' id='word_1_25' title='bbox 758 251 1013 294; x_wconf 89' lang='lat' dir='ltr'>Institutum</span> <span class='ocrx_word' id='word_1_26' title='bbox 1046 254 1090 293; x_wconf 92' lang='lat' dir='ltr'>et</span> <span class='ocrx_word' id='word_1_27' title='bbox 1112 251 1302 293; x_wconf 81' lang='lat' dir='ltr'>officium</span> <span class='ocrx_word' id='word_1_28' title='bbox 1325 255 1518 293; x_wconf 90' lang='lat' dir='ltr'>nostrum</span> <span class='ocrx_word' id='word_1_29' title='bbox 1545 249 1854 305; x_wconf 74' lang='lat' dir='ltr'>[spectantia]⁰</span> <span class='ocrx_word' id='word_1_30' title='bbox 1878 248 1938 305; x_wconf 68' lang='lat' dir='ltr'>[P]</span> 
     </span>
     <span class='ocr_line' id='line_1_4' title="bbox 173 315 1804 370; baseline -0.001 -10"><span class='ocrx_word' id='word_1_31' title='bbox 173 318 303 360; x_wconf 83' lang='lat' dir='ltr'>facile</span> <span class='ocrx_word' id='word_1_32' title='bbox 336 317 630 370; x_wconf 86' lang='lat' dir='ltr'>negliguntur.</span> <span class='ocrx_word' id='word_1_33' title='bbox 694 317 820 359; x_wconf 89' lang='lat' dir='ltr'>Fiat</span> <span class='ocrx_word' id='word_1_34' title='bbox 852 320 998 359; x_wconf 90' lang='lat' dir='ltr'>autem</span> <span class='ocrx_word' id='word_1_35' title='bbox 1033 316 1237 358; x_wconf 89' lang='lat' dir='ltr'>domini</span> <span class='ocrx_word' id='word_1_36' title='bbox 1270 317 1561 358; x_wconf 89' lang='lat' dir='ltr'>uoluntasl</span> <span class='ocrx_word' id='word_1_37' title='bbox 1593 315 1637 357; x_wconf 91' lang='lat' dir='ltr'>in</span> <span class='ocrx_word' id='word_1_38' title='bbox 1669 315 1804 358; x_wconf 91' lang='lat' dir='ltr'>nobis.</span> 
     </span>
     <span class='ocr_line' id='line_1_5' title="bbox 293 380 1940 435; baseline -0.002 -11"><span class='ocrx_word' id='word_1_39' title='bbox 293 383 422 425; x_wconf 92' lang='lat' dir='ltr'>Mitto</span> <span class='ocrx_word' id='word_1_40' title='bbox 457 395 683 424; x_wconf 78' lang='lat' dir='ltr'>censuram</span> <span class='ocrx_word' id='word_1_41' title='bbox 716 382 767 424; x_wconf 93' lang='lat' dir='ltr'>D.</span> <span class='ocrx_word' id='word_1_42' title='bbox 792 381 948 424; x_wconf 81' lang='lat' dir='ltr'>Pisae2</span> <span class='ocrx_word' id='word_1_43' title='bbox 981 382 1033 423; x_wconf 91' lang='lat' dir='ltr'>de</span> <span class='ocrx_word' id='word_1_44' title='bbox 1066 394 1195 435; x_wconf 87' lang='lat' dir='ltr'>opere</span> <span class='ocrx_word' id='word_1_45' title='bbox 1229 395 1341 423; x_wconf 93' lang='lat' dir='ltr'>nouo</span> <span class='ocrx_word' id='word_1_46' title='bbox 1375 382 1420 423; x_wconf 83' lang='lat' dir='ltr'><strong>P.</strong></span> <span class='ocrx_word' id='word_1_47' title='bbox 1444 380 1666 423; x_wconf 87' lang='lat' dir='ltr'>Francisci</span> <span class='ocrx_word' id='word_1_48' title='bbox 1697 380 1940 430; x_wconf 71' lang='lat' dir='ltr'>Turrianiss,</span> 
     </span>
     <span class='ocr_line' id='line_1_6' title="bbox 175 444 1942 502; baseline -0.002 -13"><span class='ocrx_word' id='word_1_49' title='bbox 175 448 287 502; x_wconf 90' lang='lat' dir='ltr'>quod</span> <span class='ocrx_word' id='word_1_50' title='bbox 319 448 404 489; x_wconf 90' lang='lat' dir='ltr'>iam</span> <span class='ocrx_word' id='word_1_51' title='bbox 435 446 722 501; x_wconf 87' lang='lat' dir='ltr'>Antuerpiam</span> <span class='ocrx_word' id='word_1_52' title='bbox 755 446 949 488; x_wconf 80' lang='lat' dir='ltr'><strong>misimus</strong></span> <span class='ocrx_word' id='word_1_53' title='bbox 983 447 1295 497; x_wconf 84' lang='lat' dir='ltr'>excudendum,</span> <span class='ocrx_word' id='word_1_54' title='bbox 1330 447 1406 488; x_wconf 88' lang='lat' dir='ltr'>sed</span> <span class='ocrx_word' id='word_1_55' title='bbox 1437 446 1512 496; x_wconf 87' lang='lat' dir='ltr'>ita,</span> <span class='ocrx_word' id='word_1_56' title='bbox 1547 450 1596 488; x_wconf 87' lang='lat' dir='ltr'>ut</span> <span class='ocrx_word' id='word_1_57' title='bbox 1621 445 1667 488; x_wconf 90' lang='lat' dir='ltr'>P.</span> <span class='ocrx_word' id='word_1_58' title='bbox 1692 446 1743 488; x_wconf 93' lang='lat' dir='ltr'>D.</span> <span class='ocrx_word' id='word_1_59' title='bbox 1767 444 1942 488; x_wconf 87' lang='lat' dir='ltr'>Natalis</span> 
     </span>
     <span class='ocr_line' id='line_1_7' title="bbox 177 510 1940 566; baseline -0.001 -12"><span class='ocrx_word' id='word_1_60' title='bbox 177 513 356 555; x_wconf 89' lang='lat' dir='ltr'>eandem</span> <span class='ocrx_word' id='word_1_61' title='bbox 390 526 617 554; x_wconf 77' lang='lat' dir='ltr'>censuram</span> <span class='ocrx_word' id='word_1_62' title='bbox 649 512 818 565; x_wconf 86' lang='lat' dir='ltr'>legeret</span> <span class='ocrx_word' id='word_1_63' title='bbox 849 512 982 566; x_wconf 87' lang='lat' dir='ltr'>prius,</span> <span class='ocrx_word' id='word_1_64' title='bbox 1026 526 1076 554; x_wconf 92' lang='lat' dir='ltr'>ac</span> <span class='ocrx_word' id='word_1_65' title='bbox 1110 511 1162 553; x_wconf 91' lang='lat' dir='ltr'>de</span> <span class='ocrx_word' id='word_1_66' title='bbox 1194 514 1289 554; x_wconf 89' lang='lat' dir='ltr'>tota</span> <span class='ocrx_word' id='word_1_67' title='bbox 1322 511 1464 565; x_wconf 87' lang='lat' dir='ltr'>operis</span> <span class='ocrx_word' id='word_1_68' title='bbox 1496 511 1685 552; x_wconf 75' lang='lat' dir='ltr'>editione</span> <span class='ocrx_word' id='word_1_69' title='bbox 1716 510 1940 553; x_wconf 88' lang='lat' dir='ltr'>iudicaret.</span> 
     </span>
     <span class='ocr_line' id='line_1_8' title="bbox 176 576 1943 630; baseline -0.002 -10"><span class='ocrx_word' id='word_1_70' title='bbox 176 578 316 620; x_wconf 90' lang='lat' dir='ltr'>Audio</span> <span class='ocrx_word' id='word_1_71' title='bbox 349 578 401 621; x_wconf 88' lang='lat' dir='ltr'>D.</span> <span class='ocrx_word' id='word_1_72' title='bbox 436 577 748 619; x_wconf 84' lang='lat' dir='ltr'>Emanuelem4</span> <span class='ocrx_word' id='word_1_73' title='bbox 781 580 825 619; x_wconf 90' lang='lat' dir='ltr'>et</span> <span class='ocrx_word' id='word_1_74' title='bbox 857 578 909 621; x_wconf 87' lang='lat' dir='ltr'><strong>D.</strong></span> <span class='ocrx_word' id='word_1_75' title='bbox 942 577 1197 619; x_wconf 90' lang='lat' dir='ltr'>Ledesmam</span> <span class='ocrx_word' id='word_1_76' title='bbox 1231 577 1402 629; x_wconf 82' lang='lat' dir='ltr'>legisse,</span> <span class='ocrx_word' id='word_1_77' title='bbox 1438 576 1679 618; x_wconf 83' lang='lat' dir='ltr'>correxisse</span> <span class='ocrx_word' id='word_1_78' title='bbox 1710 579 1754 618; x_wconf 92' lang='lat' dir='ltr'>et</span> <span class='ocrx_word' id='word_1_79' title='bbox 1786 589 1943 630; x_wconf 83' lang='lat' dir='ltr'>appro-</span> 
     </span>
     <span class='ocr_line' id='line_1_9' title="bbox 178 640 1943 696; baseline -0.001 -12"><span class='ocrx_word' id='word_1_80' title='bbox 178 644 305 685; x_wconf 86' lang='lat' dir='ltr'>basse</span> <span class='ocrx_word' id='word_1_81' title='bbox 337 643 417 684; x_wconf 90' lang='lat' dir='ltr'>hoc</span> <span class='ocrx_word' id='word_1_82' title='bbox 451 656 571 696; x_wconf 89' lang='lat' dir='ltr'>opus,</span> <span class='ocrx_word' id='word_1_83' title='bbox 605 642 718 684; x_wconf 88' lang='lat' dir='ltr'>sicut</span> <span class='ocrx_word' id='word_1_84' title='bbox 741 642 795 684; x_wconf 86' lang='lat' dir='ltr'>ad</span> <span class='ocrx_word' id='word_1_85' title='bbox 819 656 887 684; x_wconf 91' lang='lat' dir='ltr'>me</span> <span class='ocrx_word' id='word_1_86' title='bbox 909 641 1082 696; x_wconf 86' lang='lat' dir='ltr'>scripsit</span> <span class='ocrx_word' id='word_1_87' title='bbox 1105 642 1287 684; x_wconf 87' lang='lat' dir='ltr'>Author.</span> <span class='ocrx_word' id='word_1_88' title='bbox 1322 641 1532 695; x_wconf 87' lang='lat' dir='ltr'>Cuperem</span> <span class='ocrx_word' id='word_1_89' title='bbox 1565 654 1644 694; x_wconf 90' lang='lat' dir='ltr'>ego</span> <span class='ocrx_word' id='word_1_90' title='bbox 1677 654 1796 692; x_wconf 88' lang='lat' dir='ltr'>sane,</span> <span class='ocrx_word' id='word_1_91' title='bbox 1831 640 1943 694; x_wconf 90' lang='lat' dir='ltr'>quod</span> 
     </span>
     <span class='ocr_line' id='line_1_10' title="bbox 177 705 1944 761; baseline -0.002 -11"><span class='ocrx_word' id='word_1_92' title='bbox 177 708 230 750; x_wconf 87' lang='lat' dir='ltr'>ab</span> <span class='ocrx_word' id='word_1_93' title='bbox 263 708 434 750; x_wconf 91' lang='lat' dir='ltr'>homine</span> <span class='ocrx_word' id='word_1_94' title='bbox 466 710 644 750; x_wconf 89' lang='lat' dir='ltr'>nostrae</span> <span class='ocrx_word' id='word_1_95' title='bbox 678 707 912 749; x_wconf 83' lang='lat' dir='ltr'>Societatis</span> <span class='ocrx_word' id='word_1_96' title='bbox 944 707 1099 757; x_wconf 82' lang='lat' dir='ltr'>editur,</span> <span class='ocrx_word' id='word_1_97' title='bbox 1133 707 1176 748; x_wconf 90' lang='lat' dir='ltr'>in</span> <span class='ocrx_word' id='word_1_98' title='bbox 1209 720 1259 749; x_wconf 90' lang='lat' dir='ltr'>eo</span> <span class='ocrx_word' id='word_1_99' title='bbox 1292 707 1397 748; x_wconf 86' lang='lat' dir='ltr'>nihil</span> <span class='ocrx_word' id='word_1_100' title='bbox 1430 720 1525 748; x_wconf 89' lang='lat' dir='ltr'>esse</span> <span class='ocrx_word' id='word_1_101' title='bbox 1547 706 1775 760; x_wconf 82' lang='lat' dir='ltr'>propriaed</span> <span class='ocrx_word' id='word_1_102' title='bbox 1807 705 1944 761; x_wconf 89' lang='lat' dir='ltr'>opini-</span> 
     </span>
     <span class='ocr_line' id='line_1_11' title="bbox 177 770 1945 826; baseline -0.001 -12"><span class='ocrx_word' id='word_1_103' title='bbox 177 772 282 823; x_wconf 83' lang='lat' dir='ltr'>onis,</span> <span class='ocrx_word' id='word_1_104' title='bbox 317 773 565 826; x_wconf 87' lang='lat' dir='ltr'>nullamque</span> <span class='ocrx_word' id='word_1_105' title='bbox 598 772 842 815; x_wconf 83' lang='lat' dir='ltr'>doctrinam</span> <span class='ocrx_word' id='word_1_106' title='bbox 871 787 896 814; x_wconf 91' lang='lat' dir='ltr'>a</span> <span class='ocrx_word' id='word_1_107' title='bbox 919 772 1133 814; x_wconf 90' lang='lat' dir='ltr'>communi</span> <span class='ocrx_word' id='word_1_108' title='bbox 1155 772 1304 814; x_wconf 93' lang='lat' dir='ltr'>schola</span> <span class='ocrx_word' id='word_1_109' title='bbox 1327 770 1657 826; x_wconf 66' lang='lat' dir='ltr'>discrepantem,</span> <span class='ocrx_word' id='word_1_110' title='bbox 1691 771 1804 814; x_wconf 86' lang='lat' dir='ltr'>sicut</span> <span class='ocrx_word' id='word_1_111' title='bbox 1825 771 1945 813; x_wconf 90' lang='lat' dir='ltr'>iubet</span> 
     </span>
     <span class='ocr_line' id='line_1_12' title="bbox 178 836 1945 891; baseline -0.001 -12"><span class='ocrx_word' id='word_1_112' title='bbox 178 838 371 891; x_wconf 78' lang='lat' dir='ltr'>regula5,</span> <span class='ocrx_word' id='word_1_113' title='bbox 406 841 451 880; x_wconf 93' lang='lat' dir='ltr'>et</span> <span class='ocrx_word' id='word_1_114' title='bbox 482 837 691 880; x_wconf 88' lang='lat' dir='ltr'>maiorem</span> <span class='ocrx_word' id='word_1_115' title='bbox 724 851 893 891; x_wconf 89' lang='lat' dir='ltr'>quoque</span> <span class='ocrx_word' id='word_1_116' title='bbox 925 837 1184 880; x_wconf 88' lang='lat' dir='ltr'>modestiam</span> <span class='ocrx_word' id='word_1_117' title='bbox 1218 842 1262 880; x_wconf 88' lang='lat' dir='ltr'>et</span> <span class='ocrx_word' id='word_1_118' title='bbox 1284 837 1639 879; x_wconf 86' lang='lat' dir='ltr'>moderationem.</span> <span class='ocrx_word' id='word_1_119' title='bbox 1678 837 1842 878; x_wconf 90' lang='lat' dir='ltr'>Verum</span> <span class='ocrx_word' id='word_1_120' title='bbox 1864 836 1945 878; x_wconf 93' lang='lat' dir='ltr'>hoc</span> 
     </span>
     <span class='ocr_line' id='line_1_13' title="bbox 178 901 1944 957; baseline -0.002 -12"><span class='ocrx_word' id='word_1_121' title='bbox 178 903 308 945; x_wconf 90' lang='lat' dir='ltr'>nolim</span> <span class='ocrx_word' id='word_1_122' title='bbox 342 903 397 945; x_wconf 91' lang='lat' dir='ltr'>ad</span> <span class='ocrx_word' id='word_1_123' title='bbox 419 903 659 945; x_wconf 90' lang='lat' dir='ltr'>Authorem</span> <span class='ocrx_word' id='word_1_124' title='bbox 691 903 831 957; x_wconf 90' lang='lat' dir='ltr'>ipsum</span> <span class='ocrx_word' id='word_1_125' title='bbox 865 902 1021 953; x_wconf 85' lang='lat' dir='ltr'>efferri,</span> <span class='ocrx_word' id='word_1_126' title='bbox 1057 916 1183 955; x_wconf 90' lang='lat' dir='ltr'>quem</span> <span class='ocrx_word' id='word_1_127' title='bbox 1216 902 1258 944; x_wconf 87' lang='lat' dir='ltr'>in</span> <span class='ocrx_word' id='word_1_128' title='bbox 1282 902 1452 945; x_wconf 87' lang='lat' dir='ltr'>Christo</span> <span class='ocrx_word' id='word_1_129' title='bbox 1485 903 1617 956; x_wconf 83' lang='lat' dir='ltr'>diligo</span> <span class='ocrx_word' id='word_1_130' title='bbox 1649 905 1830 956; x_wconf 87' lang='lat' dir='ltr'>propter</span> <span class='ocrx_word' id='word_1_131' title='bbox 1857 901 1944 943; x_wconf 89' lang='lat' dir='ltr'>sin-</span> 
     </span>
     <span class='ocr_line' id='line_1_14' title="bbox 178 964 1945 1022; baseline -0.001 -12"><span class='ocrx_word' id='word_1_132' title='bbox 178 968 374 1022; x_wconf 88' lang='lat' dir='ltr'>gularem</span> <span class='ocrx_word' id='word_1_133' title='bbox 409 968 648 1010; x_wconf 86' lang='lat' dir='ltr'>doctrinam</span> <span class='ocrx_word' id='word_1_134' title='bbox 672 972 804 1021; x_wconf 86' lang='lat' dir='ltr'>atque</span> <span class='ocrx_word' id='word_1_135' title='bbox 827 967 1047 1017; x_wconf 83' lang='lat' dir='ltr'>uirtutem,</span> <span class='ocrx_word' id='word_1_136' title='bbox 1082 971 1126 1010; x_wconf 93' lang='lat' dir='ltr'>et</span> <span class='ocrx_word' id='word_1_137' title='bbox 1148 967 1216 1009; x_wconf 90' lang='lat' dir='ltr'>cui</span> <span class='ocrx_word' id='word_1_138' title='bbox 1239 968 1396 1009; x_wconf 84' lang='lat' dir='ltr'>author</span> <span class='ocrx_word' id='word_1_139' title='bbox 1416 967 1509 1022; x_wconf 89' lang='lat' dir='ltr'>ipse</span> <span class='ocrx_word' id='word_1_140' title='bbox 1530 967 1593 1009; x_wconf 81' lang='lat' dir='ltr'>fui</span> <span class='ocrx_word' id='word_1_141' title='bbox 1616 967 1670 1009; x_wconf 91' lang='lat' dir='ltr'>ad</span> <span class='ocrx_word' id='word_1_142' title='bbox 1691 967 1772 1008; x_wconf 92' lang='lat' dir='ltr'>hoc</span> <span class='ocrx_word' id='word_1_143' title='bbox 1794 964 1945 1021; x_wconf 87' lang='lat' dir='ltr'>opu[s]</span> 
     </span>
     <span class='ocr_line' id='line_1_15' title="bbox 180 1031 1946 1076; baseline -0.002 -1"><span class='ocrx_word' id='word_1_144' title='bbox 180 1033 550 1076; x_wconf 90' lang='lat' dir='ltr'>conscribendum.</span> <span class='ocrx_word' id='word_1_145' title='bbox 605 1033 864 1075; x_wconf 89' lang='lat' dir='ltr'>Commendo</span> <span class='ocrx_word' id='word_1_146' title='bbox 898 1047 966 1074; x_wconf 90' lang='lat' dir='ltr'>me</span> <span class='ocrx_word' id='word_1_147' title='bbox 999 1036 1044 1075; x_wconf 90' lang='lat' dir='ltr'>et</span> <span class='ocrx_word' id='word_1_148' title='bbox 1075 1032 1348 1074; x_wconf 87' lang='lat' dir='ltr'>Prouinciam</span> <span class='ocrx_word' id='word_1_149' title='bbox 1382 1036 1577 1075; x_wconf 87' lang='lat' dir='ltr'>nostram</span> <span class='ocrx_word' id='word_1_150' title='bbox 1609 1045 1778 1074; x_wconf 90' lang='lat' dir='ltr'>omnem</span> <span class='ocrx_word' id='word_1_151' title='bbox 1811 1031 1946 1073; x_wconf 88' lang='lat' dir='ltr'>sacri-</span> 
     </span>
     <span class='ocr_line' id='line_1_16' title="bbox 178 1096 1946 1152; baseline -0.001 -12"><span class='ocrx_word' id='word_1_152' title='bbox 178 1098 287 1152; x_wconf 88' lang='lat' dir='ltr'>ficijs</span> <span class='ocrx_word' id='word_1_153' title='bbox 320 1102 364 1141; x_wconf 89' lang='lat' dir='ltr'>et</span> <span class='ocrx_word' id='word_1_154' title='bbox 397 1098 595 1152; x_wconf 89' lang='lat' dir='ltr'>precibus</span> <span class='ocrx_word' id='word_1_155' title='bbox 628 1098 673 1141; x_wconf 84' lang='lat' dir='ltr'>P.</span> <span class='ocrx_word' id='word_1_156' title='bbox 700 1098 899 1149; x_wconf 83' lang='lat' dir='ltr'>Vestrae,</span> <span class='ocrx_word' id='word_1_157' title='bbox 939 1098 987 1141; x_wconf 91' lang='lat' dir='ltr'>P.</span> <span class='ocrx_word' id='word_1_158' title='bbox 1020 1098 1344 1148; x_wconf 88' lang='lat' dir='ltr'>Assistentium,</span> <span class='ocrx_word' id='word_1_159' title='bbox 1389 1112 1440 1140; x_wconf 89' lang='lat' dir='ltr'>ac</span> <span class='ocrx_word' id='word_1_160' title='bbox 1471 1099 1607 1140; x_wconf 85' lang='lat' dir='ltr'>totius</span> <span class='ocrx_word' id='word_1_161' title='bbox 1640 1097 1872 1140; x_wconf 82' lang='lat' dir='ltr'>Societatis</span> <span class='ocrx_word' id='word_1_162' title='bbox 1903 1096 1946 1138; x_wconf 90' lang='lat' dir='ltr'>in</span> 
     </span>
     <span class='ocr_line' id='line_1_17' title="bbox 180 1161 1945 1216; baseline -0.001 -11"><span class='ocrx_word' id='word_1_163' title='bbox 180 1163 350 1206; x_wconf 88' lang='lat' dir='ltr'>Christo</span> <span class='ocrx_word' id='word_1_164' title='bbox 372 1163 513 1206; x_wconf 80' lang='lat' dir='ltr'>JESV</span> <span class='ocrx_word' id='word_1_165' title='bbox 530 1164 713 1205; x_wconf 90' lang='lat' dir='ltr'>Domino</span> <span class='ocrx_word' id='word_1_166' title='bbox 737 1166 900 1206; x_wconf 90' lang='lat' dir='ltr'>nostro.</span> <span class='ocrx_word' id='word_1_167' title='bbox 939 1163 1131 1205; x_wconf 79' lang='lat' dir='ltr'>Adiunxi</span> <span class='ocrx_word' id='word_1_168' title='bbox 1154 1163 1335 1206; x_wconf 84' lang='lat' dir='ltr'>Carmen</span> <span class='ocrx_word' id='word_1_169' title='bbox 1362 1163 1521 1205; x_wconf 88' lang='lat' dir='ltr'>Poetae</span> <span class='ocrx_word' id='word_1_170' title='bbox 1538 1161 1904 1216; x_wconf 80' lang='lat' dir='ltr'>Jngolstadiensis</span> <span class='ocrx_word' id='word_1_171' title='bbox 1916 1162 1945 1209; x_wconf 75' lang='grc'>6,</span> 
     </span>
     <span class='ocr_line' id='line_1_18' title="bbox 181 1227 1948 1282; baseline -0.001 -12"><span class='ocrx_word' id='word_1_172' title='bbox 181 1229 294 1282; x_wconf 90' lang='lat' dir='ltr'>quod</span> <span class='ocrx_word' id='word_1_173' title='bbox 327 1228 558 1282; x_wconf 87' lang='lat' dir='ltr'>opponitur</span> <span class='ocrx_word' id='word_1_174' title='bbox 580 1229 796 1271; x_wconf 86' lang='lat' dir='ltr'>uirulento</span> <span class='ocrx_word' id='word_1_175' title='bbox 819 1229 927 1270; x_wconf 88' lang='lat' dir='ltr'>libro</span> <span class='ocrx_word' id='word_1_176' title='bbox 951 1228 1168 1270; x_wconf 87' lang='lat' dir='ltr'>Tilmanni</span> <span class='ocrx_word' id='word_1_177' title='bbox 1190 1229 1394 1282; x_wconf 84' lang='lat' dir='ltr'>Heshusij</span> <span class='ocrx_word' id='word_1_178' title='bbox 1419 1231 1571 1270; x_wconf 88' lang='lat' dir='ltr'>contra</span> <span class='ocrx_word' id='word_1_179' title='bbox 1593 1242 1672 1270; x_wconf 91' lang='lat' dir='ltr'>nos</span> <span class='ocrx_word' id='word_1_180' title='bbox 1695 1227 1948 1281; x_wconf 89' lang='lat' dir='ltr'>Laugingae</span> 
     </span>
     <span class='ocr_line' id='line_1_19' title="bbox 183 1292 1948 1348; baseline -0.001 -13"><span class='ocrx_word' id='word_1_181' title='bbox 183 1294 312 1344; x_wconf 89' lang='lat' dir='ltr'>edito,</span> <span class='ocrx_word' id='word_1_182' title='bbox 347 1296 391 1335; x_wconf 88' lang='lat' dir='ltr'>et</span> <span class='ocrx_word' id='word_1_183' title='bbox 423 1307 506 1347; x_wconf 90' lang='lat' dir='ltr'>quo</span> <span class='ocrx_word' id='word_1_184' title='bbox 540 1293 665 1335; x_wconf 90' lang='lat' dir='ltr'>simul</span> <span class='ocrx_word' id='word_1_185' title='bbox 692 1293 884 1347; x_wconf 80' lang='lat' dir='ltr'>insignee</span> <span class='ocrx_word' id='word_1_186' title='bbox 917 1294 1082 1336; x_wconf 86' lang='lat' dir='ltr'>factum</span> <span class='ocrx_word' id='word_1_187' title='bbox 1106 1293 1297 1335; x_wconf 86' lang='lat' dir='ltr'>Eduardi</span> <span class='ocrx_word' id='word_1_188' title='bbox 1320 1296 1550 1348; x_wconf 89' lang='lat' dir='ltr'>apostatae</span> <span class='ocrx_word' id='word_1_189' title='bbox 1572 1292 1799 1346; x_wconf 88' lang='lat' dir='ltr'>magnifice</span> <span class='ocrx_word' id='word_1_190' title='bbox 1821 1305 1948 1346; x_wconf 90' lang='lat' dir='ltr'>prae-</span> 
     </span>
     <span class='ocr_line' id='line_1_20' title="bbox 183 1357 1948 1412; baseline -0.002 -11"><span class='ocrx_word' id='word_1_191' title='bbox 183 1359 392 1403; x_wconf 83' lang='lat' dir='ltr'>dicatur7.</span> <span class='ocrx_word' id='word_1_192' title='bbox 457 1358 579 1412; x_wconf 76' lang='lat' dir='ltr'>Exth</span> <span class='ocrx_word' id='word_1_193' title='bbox 620 1359 730 1400; x_wconf 91' lang='lat' dir='ltr'>alius</span> <span class='ocrx_word' id='word_1_194' title='bbox 772 1373 941 1412; x_wconf 90' lang='lat' dir='ltr'>quoque</span> <span class='ocrx_word' id='word_1_195' title='bbox 982 1359 1092 1401; x_wconf 87' lang='lat' dir='ltr'>liber</span> <span class='ocrx_word' id='word_1_196' title='bbox 1131 1361 1283 1401; x_wconf 89' lang='lat' dir='ltr'>contra</span> <span class='ocrx_word' id='word_1_197' title='bbox 1314 1359 1522 1401; x_wconf 80' lang='lat' dir='ltr'>JEsuitas</span> <span class='ocrx_word' id='word_1_198' title='bbox 1554 1358 1695 1400; x_wconf 87' lang='lat' dir='ltr'>editus</span> <span class='ocrx_word' id='word_1_199' title='bbox 1727 1357 1948 1410; x_wconf 61' lang='lat' dir='ltr'>Parisijsss,</span> 
     </span>
     <span class='ocr_line' id='line_1_21' title="bbox 185 1423 1949 1475; baseline -0.001 -10"><span class='ocrx_word' id='word_1_200' title='bbox 185 1425 294 1466; x_wconf 82' lang='lat' dir='ltr'>alius</span> <span class='ocrx_word' id='word_1_201' title='bbox 336 1424 468 1466; x_wconf 90' lang='lat' dir='ltr'>etiam</span> <span class='ocrx_word' id='word_1_202' title='bbox 510 1424 752 1467; x_wconf 80' lang='lat' dir='ltr'>Basileae9.</span> <span class='ocrx_word' id='word_1_203' title='bbox 817 1424 988 1466; x_wconf 83' lang='lat' dir='ltr'>Sudes</span> <span class='ocrx_word' id='word_1_204' title='bbox 1035 1424 1087 1466; x_wconf 91' lang='lat' dir='ltr'>in</span> <span class='ocrx_word' id='word_1_205' title='bbox 1135 1424 1362 1466; x_wconf 82' lang='lat' dir='ltr'>oculis1⁰</span> <span class='ocrx_word' id='word_1_206' title='bbox 1403 1424 1718 1466; x_wconf 87' lang='lat' dir='ltr'>haereticorum</span> <span class='ocrx_word' id='word_1_207' title='bbox 1744 1425 1830 1475; x_wconf 72' lang='lat' dir='ltr'>vest</span> <span class='ocrx_word' id='word_1_208' title='bbox 1870 1423 1949 1464; x_wconf 92' lang='lat' dir='ltr'>hoc</span> 
     </span>
    </p>
   </div>
   <div class='ocr_carea' id='block_1_3' title="bbox 185 1503 1950 1618">
    <p class='ocr_par' dir='ltr' id='par_1_3' title="bbox 185 1503 1950 1618">
     <span class='ocr_line' id='line_1_22' title="bbox 305 1503 1950 1538; baseline -0.001 -9"><span class='ocrx_word' id='word_1_209' title='bbox 305 1505 334 1536; x_wconf 88' lang='lat' dir='ltr'>a)</span> <span class='ocrx_word' id='word_1_210' title='bbox 362 1508 488 1536; x_wconf 69' lang='lat' dir='ltr'>Sequens</span> <span class='ocrx_word' id='word_1_211' title='bbox 515 1513 538 1529; x_wconf 70' lang='lat' dir='ltr'><strong>v.</strong></span> <span class='ocrx_word' id='word_1_212' title='bbox 558 1513 651 1537; x_wconf 71' lang='lat' dir='ltr'>supra</span> <span class='ocrx_word' id='word_1_213' title='bbox 674 1513 786 1530; x_wconf 66' lang='lat' dir='ltr'>versum.</span> <span class='ocrx_word' id='word_1_214' title='bbox 806 1505 948 1536; x_wconf 70' lang='lat' dir='ltr'>scriptum</span> <span class='ocrx_word' id='word_1_215' title='bbox 968 1508 1018 1530; x_wconf 80' lang='lat' dir='ltr'>est.</span> <span class='ocrx_word' id='word_1_216' title='bbox 1110 1503 1141 1536; x_wconf 90' lang='lat' dir='ltr'>b)</span> <span class='ocrx_word' id='word_1_217' title='bbox 1168 1506 1203 1529; x_wconf 82' lang='grc' dir='ltr'>Ιη</span> <span class='ocrx_word' id='word_1_218' title='bbox 1223 1505 1302 1530; x_wconf 77' lang='lat' dir='ltr'><strong>arch.</strong></span> <span class='ocrx_word' id='word_1_219' title='bbox 1323 1513 1397 1530; x_wconf 76' lang='lat' dir='ltr'>corr.</span> <span class='ocrx_word' id='word_1_220' title='bbox 1418 1513 1454 1530; x_wconf 41' lang='lat' dir='ltr'>eir</span> <span class='ocrx_word' id='word_1_221' title='bbox 1473 1504 1625 1538; x_wconf 80' lang='lat' dir='ltr'>proprius.</span> <span class='ocrx_word' id='word_1_222' title='bbox 1722 1504 1748 1535; x_wconf 72' lang='grc' dir='ltr'>ο)</span> <span class='ocrx_word' id='word_1_223' title='bbox 1775 1505 1835 1529; x_wconf 74' lang='lat' dir='ltr'>Hoc</span> <span class='ocrx_word' id='word_1_224' title='bbox 1861 1511 1884 1528; x_wconf 74' lang='lat' dir='ltr'><strong>v.</strong></span> <span class='ocrx_word' id='word_1_225' title='bbox 1905 1504 1950 1528; x_wconf 81' lang='lat' dir='ltr'>vel</span> 
     </span>
     <span class='ocr_line' id='line_1_23' title="bbox 186 1544 1949 1579; baseline -0.002 -7"><span class='ocrx_word' id='word_1_226' title='bbox 186 1546 372 1579; x_wconf 76' lang='lat' dir='ltr'>pertinentia</span> <span class='ocrx_word' id='word_1_227' title='bbox 392 1547 556 1578; x_wconf 65' lang='lat' dir='ltr'>supplenda</span> <span class='ocrx_word' id='word_1_228' title='bbox 576 1554 636 1571; x_wconf 79' lang='lat' dir='ltr'>esse</span> <span class='ocrx_word' id='word_1_229' title='bbox 656 1548 773 1571; x_wconf 74' lang='lat' dir='ltr'>omnino</span> <span class='ocrx_word' id='word_1_230' title='bbox 792 1547 937 1572; x_wconf 70' lang='lat' dir='ltr'>videntur.</span> <span class='ocrx_word' id='word_1_231' title='bbox 1030 1546 1060 1577; x_wconf 89' lang='lat' dir='ltr'>d)</span> <span class='ocrx_word' id='word_1_232' title='bbox 1088 1548 1122 1572; x_wconf 72' lang='lat' dir='ltr'>In</span> <span class='ocrx_word' id='word_1_233' title='bbox 1143 1547 1223 1572; x_wconf 73' lang='lat' dir='ltr'>arch.</span> <span class='ocrx_word' id='word_1_234' title='bbox 1243 1555 1317 1572; x_wconf 80' lang='lat' dir='ltr'>corr.</span> <span class='ocrx_word' id='word_1_235' title='bbox 1338 1555 1374 1572; x_wconf 72' lang='lat' dir='ltr'>esc</span> <span class='ocrx_word' id='word_1_236' title='bbox 1393 1546 1518 1579; x_wconf 74' lang='lat' dir='ltr'>propi-ij.</span> <span class='ocrx_word' id='word_1_237' title='bbox 1618 1548 1644 1578; x_wconf 91' lang='lat' dir='ltr'>e)</span> <span class='ocrx_word' id='word_1_238' title='bbox 1670 1547 1809 1578; x_wconf 78' lang='lat' dir='ltr'>Sequitur</span> <span class='ocrx_word' id='word_1_239' title='bbox 1835 1544 1879 1570; x_wconf 89' lang='lat' dir='ltr'>rei</span> <span class='ocrx_word' id='word_1_240' title='bbox 1905 1545 1949 1569; x_wconf 74' lang='lat' dir='ltr'>vel</span> 
     </span>
     <span class='ocr_line' id='line_1_24' title="bbox 185 1589 445 1618; baseline 0.008 -7"><span class='ocrx_word' id='word_1_241' title='bbox 185 1589 281 1614; x_wconf 62' lang='lat' dir='ltr'>simile</span> <span class='ocrx_word' id='word_1_242' title='bbox 304 1597 336 1618; x_wconf 58' lang='lat' dir='ltr'>zu,</span> <span class='ocrx_word' id='word_1_243' title='bbox 356 1589 445 1613; x_wconf 77' lang='lat' dir='ltr'>oblitt.</span> 
     </span>
    </p>
   </div>
   <div class='ocr_carea' id='block_1_4' title="bbox 185 1676 1955 2996">
    <p class='ocr_par' dir='ltr' id='par_1_4' title="bbox 307 1676 1215 1719">
     <span class='ocr_line' id='line_1_25' title="bbox 307 1676 1215 1719; baseline 0 -8"><span class='ocrx_word' id='word_1_244' title='bbox 307 1679 315 1697; x_wconf 87' lang='lat'><em>¹</em></span> <span class='ocrx_word' id='word_1_245' title='bbox 343 1679 413 1711; x_wconf 88' lang='lat' dir='ltr'>Act</span> <span class='ocrx_word' id='word_1_246' title='bbox 438 1677 494 1719; x_wconf 82' lang='lat'>21,</span> <span class='ocrx_word' id='word_1_247' title='bbox 524 1677 585 1717; x_wconf 84' lang='lat'>14;</span> <span class='ocrx_word' id='word_1_248' title='bbox 614 1676 660 1710; x_wconf 89' lang='lat' dir='ltr'><strong>cf.</strong></span> <span class='ocrx_word' id='word_1_249' title='bbox 686 1676 742 1710; x_wconf 86' lang='lat' dir='ltr'>Mt</span> <span class='ocrx_word' id='word_1_250' title='bbox 769 1677 800 1718; x_wconf 88' lang='lat'>6,</span> <span class='ocrx_word' id='word_1_251' title='bbox 830 1677 890 1718; x_wconf 88' lang='lat'>10;</span> <span class='ocrx_word' id='word_1_252' title='bbox 919 1676 968 1711; x_wconf 90' lang='lat' dir='ltr'>Lc</span> <span class='ocrx_word' id='word_1_253' title='bbox 995 1677 1050 1717; x_wconf 78' lang='lat'>22,</span> <span class='ocrx_word' id='word_1_254' title='bbox 1075 1677 1120 1711; x_wconf 83' lang='lat'>42</span> <span class='ocrx_word' id='word_1_255' title='bbox 1148 1679 1215 1711; x_wconf 87' lang='lat' dir='ltr'>etc.</span> 
     </span>
    </p>

    <p class='ocr_par' dir='ltr' id='par_1_5' title="bbox 305 1729 1750 1775">
     <span class='ocr_line' id='line_1_26' title="bbox 305 1729 1750 1775; baseline -0.001 -10"><span class='ocrx_word' id='word_1_256' title='bbox 305 1731 318 1751; x_wconf 78' lang='lat'>2</span> <span class='ocrx_word' id='word_1_257' title='bbox 344 1731 384 1765; x_wconf 89' lang='lat' dir='ltr'>P.</span> <span class='ocrx_word' id='word_1_258' title='bbox 411 1729 585 1775; x_wconf 86' lang='lat' dir='ltr'>Alphonsi</span> <span class='ocrx_word' id='word_1_259' title='bbox 611 1730 735 1764; x_wconf 86' lang='lat' dir='ltr'>Pisani</span> <span class='ocrx_word' id='word_1_260' title='bbox 762 1729 964 1773; x_wconf 84' lang='lat' dir='ltr'>theologiae</span> <span class='ocrx_word' id='word_1_261' title='bbox 990 1730 1026 1764; x_wconf 91' lang='lat' dir='ltr'>in</span> <span class='ocrx_word' id='word_1_262' title='bbox 1053 1730 1291 1765; x_wconf 84' lang='lat' dir='ltr'>universitate</span> <span class='ocrx_word' id='word_1_263' title='bbox 1318 1730 1500 1774; x_wconf 83' lang='lat' dir='ltr'>dilingana</span> <span class='ocrx_word' id='word_1_264' title='bbox 1528 1729 1750 1775; x_wconf 87' lang='lat' dir='ltr'>professoris.</span> 
     </span>
    </p>

    <p class='ocr_par' dir='ltr' id='par_1_6' title="bbox 306 1781 1861 1827">
     <span class='ocr_line' id='line_1_27' title="bbox 306 1781 1861 1827; baseline -0.001 -10"><span class='ocrx_word' id='word_1_265' title='bbox 306 1785 318 1803; x_wconf 82' lang='lat'>³</span> <span class='ocrx_word' id='word_1_266' title='bbox 348 1784 419 1826; x_wconf 79' lang='lat' dir='ltr'>⁷,De</span> <span class='ocrx_word' id='word_1_267' title='bbox 446 1783 689 1818; x_wconf 84' lang='lat' dir='ltr'>Hierarchicis</span> <span class='ocrx_word' id='word_1_268' title='bbox 716 1783 998 1818; x_wconf 85' lang='lat' dir='ltr'>ordinationibus</span> <span class='ocrx_word' id='word_1_269' title='bbox 1024 1783 1270 1818; x_wconf 88' lang='lat' dir='ltr'>ministrorum</span> <span class='ocrx_word' id='word_1_270' title='bbox 1297 1783 1523 1825; x_wconf 85' lang='lat' dir='ltr'>Ecclesiae“;</span> <span class='ocrx_word' id='word_1_271' title='bbox 1552 1795 1585 1817; x_wconf 71' lang='lat' dir='ltr'>v.</span> <span class='ocrx_word' id='word_1_272' title='bbox 1613 1793 1721 1827; x_wconf 87' lang='lat' dir='ltr'>supra</span> <span class='ocrx_word' id='word_1_273' title='bbox 1747 1794 1780 1826; x_wconf 87' lang='lat' dir='ltr'>p.</span> <span class='ocrx_word' id='word_1_274' title='bbox 1805 1781 1861 1816; x_wconf 85' lang='lat'><strong>31.</strong></span> 
     </span>
    </p>

    <p class='ocr_par' dir='ltr' id='par_1_7' title="bbox 305 1836 755 1881">
     <span class='ocr_line' id='line_1_28' title="bbox 305 1836 755 1881; baseline -0.002 -10"><span class='ocrx_word' id='word_1_275' title='bbox 305 1839 317 1857; x_wconf 75' lang='lat'>4</span> <span class='ocrx_word' id='word_1_276' title='bbox 345 1837 410 1877; x_wconf 85' lang='lat' dir='ltr'>Sa;</span> <span class='ocrx_word' id='word_1_277' title='bbox 438 1836 483 1871; x_wconf 83' lang='lat' dir='ltr'><strong>cf.</strong></span> <span class='ocrx_word' id='word_1_278' title='bbox 511 1848 620 1881; x_wconf 81' lang='lat' dir='ltr'>supra</span> <span class='ocrx_word' id='word_1_279' title='bbox 646 1849 679 1881; x_wconf 91' lang='lat' dir='ltr'>p.</span> <span class='ocrx_word' id='word_1_280' title='bbox 700 1837 755 1871; x_wconf 87' lang='lat'>31.</span> 
     </span>
    </p>

    <p class='ocr_par' dir='ltr' id='par_1_8' title="bbox 185 1888 1953 2305">
     <span class='ocr_line' id='line_1_29' title="bbox 305 1888 1949 1935; baseline -0.002 -11"><span class='ocrx_word' id='word_1_281' title='bbox 305 1892 318 1909; x_wconf 83' lang='lat'>⁵</span> <span class='ocrx_word' id='word_1_282' title='bbox 348 1890 465 1933; x_wconf 82' lang='lat' dir='ltr'>„Idem</span> <span class='ocrx_word' id='word_1_283' title='bbox 491 1891 685 1935; x_wconf 86' lang='lat' dir='ltr'>sapiamus,</span> <span class='ocrx_word' id='word_1_284' title='bbox 722 1890 826 1931; x_wconf 77' lang='lat' dir='ltr'>idem,</span> <span class='ocrx_word' id='word_1_285' title='bbox 862 1890 980 1934; x_wconf 87' lang='lat' dir='ltr'>quoad</span> <span class='ocrx_word' id='word_1_286' title='bbox 1007 1890 1084 1924; x_wconf 90' lang='lat' dir='ltr'>eius</span> <span class='ocrx_word' id='word_1_287' title='bbox 1110 1890 1188 1924; x_wconf 91' lang='lat' dir='ltr'>fieri</span> <span class='ocrx_word' id='word_1_288' title='bbox 1214 1891 1338 1935; x_wconf 87' lang='lat' dir='ltr'>possit,</span> <span class='ocrx_word' id='word_1_289' title='bbox 1374 1890 1534 1924; x_wconf 84' lang='lat' dir='ltr'>dicamus</span> <span class='ocrx_word' id='word_1_290' title='bbox 1560 1900 1693 1927; x_wconf 77' lang='lat' dir='ltr'>omnes,</span> <span class='ocrx_word' id='word_1_291' title='bbox 1730 1889 1832 1922; x_wconf 85' lang='lat' dir='ltr'>iuxta</span> <span class='ocrx_word' id='word_1_292' title='bbox 1857 1888 1949 1932; x_wconf 85' lang='lat' dir='ltr'>Apo-</span> 
     </span>
     <span class='ocr_line' id='line_1_30' title="bbox 185 1941 1951 1987; baseline -0.002 -9"><span class='ocrx_word' id='word_1_293' title='bbox 185 1943 328 1978; x_wconf 86' lang='lat' dir='ltr'>stolum.</span> <span class='ocrx_word' id='word_1_294' title='bbox 380 1943 572 1978; x_wconf 86' lang='lat' dir='ltr'>Doctrinae</span> <span class='ocrx_word' id='word_1_295' title='bbox 606 1943 718 1987; x_wconf 82' lang='lat' dir='ltr'>igitur</span> <span class='ocrx_word' id='word_1_296' title='bbox 752 1943 957 1977; x_wconf 86' lang='lat' dir='ltr'>differentes</span> <span class='ocrx_word' id='word_1_297' title='bbox 992 1955 1061 1978; x_wconf 91' lang='lat' dir='ltr'>non</span> <span class='ocrx_word' id='word_1_298' title='bbox 1096 1943 1342 1985; x_wconf 86' lang='lat' dir='ltr'>admittantur,</span> <span class='ocrx_word' id='word_1_299' title='bbox 1378 1955 1444 1977; x_wconf 89' lang='lat' dir='ltr'>nec</span> <span class='ocrx_word' id='word_1_300' title='bbox 1470 1943 1579 1977; x_wconf 88' lang='lat' dir='ltr'>verbo</span> <span class='ocrx_word' id='word_1_301' title='bbox 1705 1953 1771 1976; x_wconf 87' lang='lat' dir='ltr'>nec</span> <span class='ocrx_word' id='word_1_302' title='bbox 1806 1941 1951 1986; x_wconf 85' lang='lat' dir='ltr'>scriptis</span> 
     </span>
     <span class='ocr_line' id='line_1_31' title="bbox 185 1994 1949 2040; baseline -0.001 -10"><span class='ocrx_word' id='word_1_303' title='bbox 185 1997 329 2031; x_wconf 85' lang='lat' dir='ltr'>libris“:</span> <span class='ocrx_word' id='word_1_304' title='bbox 368 1998 402 2031; x_wconf 90' lang='lat' dir='ltr'>S.</span> <span class='ocrx_word' id='word_1_305' title='bbox 430 1998 595 2040; x_wconf 70' lang='lat' dir='ltr'>Iynatizcs</span> <span class='ocrx_word' id='word_1_306' title='bbox 629 1997 665 2030; x_wconf 91' lang='lat' dir='ltr'>in</span> <span class='ocrx_word' id='word_1_307' title='bbox 693 1996 1016 2031; x_wconf 86' lang='lat' dir='ltr'>Constitutionibus</span> <span class='ocrx_word' id='word_1_308' title='bbox 1042 1997 1076 2031; x_wconf 81' lang='lat' dir='ltr'>S.</span> <span class='ocrx_word' id='word_1_309' title='bbox 1097 1997 1130 2031; x_wconf 80' lang='lat' dir='ltr'>J.</span> <span class='ocrx_word' id='word_1_310' title='bbox 1157 1997 1196 2031; x_wconf 91' lang='lat' dir='ltr'>P.</span> <span class='ocrx_word' id='word_1_311' title='bbox 1224 1997 1256 2038; x_wconf 84' lang='lat'>3,</span> <span class='ocrx_word' id='word_1_312' title='bbox 1292 2009 1321 2031; x_wconf 91' lang='lat' dir='ltr'><strong>c.</strong></span> <span class='ocrx_word' id='word_1_313' title='bbox 1352 1998 1379 2037; x_wconf 89' lang='lat'>1,</span> <span class='ocrx_word' id='word_1_314' title='bbox 1416 2008 1449 2030; x_wconf 90' lang='lat' dir='ltr'><strong>n.</strong></span> <span class='ocrx_word' id='word_1_315' title='bbox 1479 1999 1541 2035; x_wconf 66' lang='lat'>18:</span> <span class='ocrx_word' id='word_1_316' title='bbox 1578 2007 1670 2040; x_wconf 89' lang='lat' dir='ltr'>quae</span> <span class='ocrx_word' id='word_1_317' title='bbox 1697 1996 1807 2030; x_wconf 87' lang='lat' dir='ltr'>verba</span> <span class='ocrx_word' id='word_1_318' title='bbox 1842 1994 1949 2028; x_wconf 83' lang='lat' dir='ltr'>etiam</span> 
     </span>
     <span class='ocr_line' id='line_1_32' title="bbox 186 2048 1953 2093; baseline -0.002 -9"><span class='ocrx_word' id='word_1_319' title='bbox 186 2051 221 2084; x_wconf 91' lang='lat' dir='ltr'>in</span> <span class='ocrx_word' id='word_1_320' title='bbox 258 2050 446 2085; x_wconf 82' lang='lat' dir='ltr'>Societatis</span> <span class='ocrx_word' id='word_1_321' title='bbox 485 2049 663 2092; x_wconf 80' lang='lat' dir='ltr'>„Regulas</span> <span class='ocrx_word' id='word_1_322' title='bbox 689 2049 898 2093; x_wconf 62' lang='lat' dir='ltr'>generales*</span> <span class='ocrx_word' id='word_1_323' title='bbox 936 2051 1014 2084; x_wconf 88' lang='lat' dir='ltr'>sive</span> <span class='ocrx_word' id='word_1_324' title='bbox 1049 2050 1309 2092; x_wconf 81' lang='lat' dir='ltr'>„Summarium</span> <span class='ocrx_word' id='word_1_325' title='bbox 1336 2049 1657 2084; x_wconf 61' lang='lat' dir='ltr'>constitutionum*</span> <span class='ocrx_word' id='word_1_326' title='bbox 1696 2048 1833 2082; x_wconf 83' lang='lat' dir='ltr'>relatae</span> <span class='ocrx_word' id='word_1_327' title='bbox 1867 2051 1953 2082; x_wconf 88' lang='lat' dir='ltr'>sunt</span> 
     </span>
     <span class='ocr_line' id='line_1_33' title="bbox 189 2101 1950 2148; baseline -0.001 -12"><span class='ocrx_word' id='word_1_328' title='bbox 189 2104 278 2147; x_wconf 89' lang='lat' dir='ltr'>(reg.</span> <span class='ocrx_word' id='word_1_329' title='bbox 305 2103 380 2146; x_wconf 82' lang='lat'><strong>42).</strong></span> <span class='ocrx_word' id='word_1_330' title='bbox 432 2103 529 2137; x_wconf 89' lang='lat' dir='ltr'>Idem</span> <span class='ocrx_word' id='word_1_331' title='bbox 556 2104 721 2146; x_wconf 67' lang='lat' dir='ltr'>Iynatius</span> <span class='ocrx_word' id='word_1_332' title='bbox 755 2103 905 2137; x_wconf 84' lang='lat' dir='ltr'>statuit:</span> <span class='ocrx_word' id='word_1_333' title='bbox 945 2102 1089 2145; x_wconf 85' lang='lat' dir='ltr'>„Novae</span> <span class='ocrx_word' id='word_1_334' title='bbox 1116 2102 1299 2148; x_wconf 87' lang='lat' dir='ltr'>opiniones</span> <span class='ocrx_word' id='word_1_335' title='bbox 1325 2102 1568 2136; x_wconf 84' lang='lat' dir='ltr'>admittendae</span> <span class='ocrx_word' id='word_1_336' title='bbox 1604 2114 1673 2136; x_wconf 91' lang='lat' dir='ltr'>non</span> <span class='ocrx_word' id='word_1_337' title='bbox 1699 2103 1802 2136; x_wconf 89' lang='lat' dir='ltr'>sunt:</span> <span class='ocrx_word' id='word_1_338' title='bbox 1839 2104 1885 2142; x_wconf 91' lang='lat' dir='ltr'>et,</span> <span class='ocrx_word' id='word_1_339' title='bbox 1920 2101 1950 2134; x_wconf 88' lang='lat' dir='ltr'>si</span> 
     </span>
     <span class='ocr_line' id='line_1_34' title="bbox 188 2155 1951 2201; baseline -0.002 -11"><span class='ocrx_word' id='word_1_340' title='bbox 188 2157 268 2200; x_wconf 86' lang='lat' dir='ltr'>quis</span> <span class='ocrx_word' id='word_1_341' title='bbox 295 2156 429 2200; x_wconf 89' lang='lat' dir='ltr'>aliquid</span> <span class='ocrx_word' id='word_1_342' title='bbox 456 2156 618 2197; x_wconf 87' lang='lat' dir='ltr'>sentiret,</span> <span class='ocrx_word' id='word_1_343' title='bbox 654 2156 748 2200; x_wconf 89' lang='lat' dir='ltr'>quod</span> <span class='ocrx_word' id='word_1_344' title='bbox 774 2156 996 2201; x_wconf 87' lang='lat' dir='ltr'>discreparet</span> <span class='ocrx_word' id='word_1_345' title='bbox 1030 2156 1074 2190; x_wconf 85' lang='lat' dir='ltr'>ab</span> <span class='ocrx_word' id='word_1_346' title='bbox 1102 2167 1142 2190; x_wconf 89' lang='lat' dir='ltr'>eo</span> <span class='ocrx_word' id='word_1_347' title='bbox 1169 2156 1262 2200; x_wconf 86' lang='lat' dir='ltr'>quod</span> <span class='ocrx_word' id='word_1_348' title='bbox 1289 2156 1451 2190; x_wconf 85' lang='lat' dir='ltr'>Ecclesia</span> <span class='ocrx_word' id='word_1_349' title='bbox 1487 2158 1522 2190; x_wconf 86' lang='lat' dir='ltr'>et</span> <span class='ocrx_word' id='word_1_350' title='bbox 1558 2156 1635 2190; x_wconf 89' lang='lat' dir='ltr'>eius</span> <span class='ocrx_word' id='word_1_351' title='bbox 1662 2155 1833 2189; x_wconf 88' lang='lat' dir='ltr'>Doctores</span> <span class='ocrx_word' id='word_1_352' title='bbox 1859 2165 1951 2187; x_wconf 91' lang='lat' dir='ltr'>com-</span> 
     </span>
     <span class='ocr_line' id='line_1_35' title="bbox 188 2206 1951 2254; baseline -0.002 -11"><span class='ocrx_word' id='word_1_353' title='bbox 188 2209 345 2243; x_wconf 86' lang='lat' dir='ltr'>muniter</span> <span class='ocrx_word' id='word_1_354' title='bbox 379 2211 550 2251; x_wconf 85' lang='lat' dir='ltr'>sentiunt,</span> <span class='ocrx_word' id='word_1_355' title='bbox 586 2221 689 2243; x_wconf 87' lang='lat' dir='ltr'>suum</span> <span class='ocrx_word' id='word_1_356' title='bbox 726 2221 871 2243; x_wconf 88' lang='lat' dir='ltr'>sensum</span> <span class='ocrx_word' id='word_1_357' title='bbox 898 2209 1097 2243; x_wconf 88' lang='lat' dir='ltr'>definitioni</span> <span class='ocrx_word' id='word_1_358' title='bbox 1132 2210 1245 2254; x_wconf 86' lang='lat' dir='ltr'>ipsius</span> <span class='ocrx_word' id='word_1_359' title='bbox 1272 2209 1462 2243; x_wconf 83' lang='lat' dir='ltr'>Societatis</span> <span class='ocrx_word' id='word_1_360' title='bbox 1489 2209 1594 2243; x_wconf 89' lang='lat' dir='ltr'>debet</span> <span class='ocrx_word' id='word_1_361' title='bbox 1620 2208 1814 2243; x_wconf 78' lang='lat' dir='ltr'>subiicere⁴⁴</span> <span class='ocrx_word' id='word_1_362' title='bbox 1847 2206 1951 2249; x_wconf 91' lang='lat' dir='ltr'>(Con-</span> 
     </span>
     <span class='ocr_line' id='line_1_36' title="bbox 188 2262 704 2305; baseline -0.002 -8"><span class='ocrx_word' id='word_1_363' title='bbox 188 2263 395 2297; x_wconf 86' lang='lat' dir='ltr'>stitutiones</span> <span class='ocrx_word' id='word_1_364' title='bbox 421 2263 443 2297; x_wconf 93' lang='lat' dir='ltr'><strong>l.</strong></span> <span class='ocrx_word' id='word_1_365' title='bbox 471 2274 500 2298; x_wconf 89' lang='lat' dir='ltr'><strong>c.</strong></span> <span class='ocrx_word' id='word_1_366' title='bbox 530 2274 559 2296; x_wconf 93' lang='lat' dir='ltr'><strong>c.</strong></span> <span class='ocrx_word' id='word_1_367' title='bbox 589 2263 618 2303; x_wconf 91' lang='lat'>1,</span> <span class='ocrx_word' id='word_1_368' title='bbox 645 2262 704 2305; x_wconf 93' lang='lat' dir='ltr'>O).</span> 
     </span>
    </p>

    <p class='ocr_par' dir='ltr' id='par_1_9' title="bbox 191 2314 1954 2573">
     <span class='ocr_line' id='line_1_37' title="bbox 309 2314 1951 2361; baseline -0.002 -11"><span class='ocrx_word' id='word_1_369' title='bbox 309 2317 321 2336; x_wconf 75' lang='lat'><strong>⁶</strong></span> <span class='ocrx_word' id='word_1_370' title='bbox 348 2316 589 2360; x_wconf 77' lang='lat' dir='ltr'>significatur,</span> <span class='ocrx_word' id='word_1_371' title='bbox 616 2319 712 2360; x_wconf 88' lang='lat' dir='ltr'>puto,</span> <span class='ocrx_word' id='word_1_372' title='bbox 739 2315 928 2361; x_wconf 87' lang='lat' dir='ltr'>Philippus</span> <span class='ocrx_word' id='word_1_373' title='bbox 954 2315 1152 2349; x_wconf 87' lang='lat' dir='ltr'>Menzelius</span> <span class='ocrx_word' id='word_1_374' title='bbox 1181 2315 1217 2359; x_wconf 81' lang='lat'>(†</span> <span class='ocrx_word' id='word_1_375' title='bbox 1246 2316 1351 2359; x_wconf 83' lang='lat'>1613)</span> <span class='ocrx_word' id='word_1_376' title='bbox 1381 2315 1621 2355; x_wconf 87' lang='lat' dir='ltr'>sandseensis,</span> <span class='ocrx_word' id='word_1_377' title='bbox 1657 2314 1716 2358; x_wconf 88' lang='lat' dir='ltr'>qui</span> <span class='ocrx_word' id='word_1_378' title='bbox 1748 2314 1784 2347; x_wconf 89' lang='lat' dir='ltr'>in</span> <span class='ocrx_word' id='word_1_379' title='bbox 1810 2314 1951 2348; x_wconf 87' lang='lat' dir='ltr'>univer-</span> 
     </span>
     <span class='ocr_line' id='line_1_38' title="bbox 191 2368 1954 2414; baseline -0.002 -11"><span class='ocrx_word' id='word_1_380' title='bbox 191 2370 299 2403; x_wconf 88' lang='lat' dir='ltr'>sitate</span> <span class='ocrx_word' id='word_1_381' title='bbox 337 2369 611 2413; x_wconf 86' lang='lat' dir='ltr'>ingolstadiensi</span> <span class='ocrx_word' id='word_1_382' title='bbox 650 2381 680 2403; x_wconf 86' lang='lat' dir='ltr'>a.</span> <span class='ocrx_word' id='word_1_383' title='bbox 719 2369 808 2403; x_wconf 82' lang='lat'>1568</span> <span class='ocrx_word' id='word_1_384' title='bbox 846 2369 1030 2414; x_wconf 83' lang='lat' dir='ltr'>professor</span> <span class='ocrx_word' id='word_1_385' title='bbox 1067 2368 1231 2403; x_wconf 72' lang='lat' dir='ltr'>Poetices</span> <span class='ocrx_word' id='word_1_386' title='bbox 1268 2369 1487 2403; x_wconf 88' lang='lat' dir='ltr'>constitutus</span> <span class='ocrx_word' id='word_1_387' title='bbox 1523 2371 1594 2409; x_wconf 81' lang='lat' dir='ltr'>est,</span> <span class='ocrx_word' id='word_1_388' title='bbox 1633 2379 1663 2402; x_wconf 89' lang='lat' dir='ltr'>a.</span> <span class='ocrx_word' id='word_1_389' title='bbox 1699 2368 1785 2401; x_wconf 89' lang='grc'><strong>1571</strong></span> <span class='ocrx_word' id='word_1_390' title='bbox 1828 2368 1954 2411; x_wconf 69' lang='lat' dir='ltr'>„poeta</span> 
     </span>
     <span class='ocr_line' id='line_1_39' title="bbox 191 2420 1952 2467; baseline -0.001 -12"><span class='ocrx_word' id='word_1_391' title='bbox 191 2423 395 2457; x_wconf 75' lang='lat' dir='ltr'>laureatus“</span> <span class='ocrx_word' id='word_1_392' title='bbox 426 2425 569 2457; x_wconf 87' lang='lat' dir='ltr'>creatus</span> <span class='ocrx_word' id='word_1_393' title='bbox 595 2425 661 2464; x_wconf 89' lang='lat' dir='ltr'>est,</span> <span class='ocrx_word' id='word_1_394' title='bbox 688 2433 719 2456; x_wconf 88' lang='lat' dir='ltr'>a.</span> <span class='ocrx_word' id='word_1_395' title='bbox 750 2423 840 2457; x_wconf 82' lang='lat'>1574</span> <span class='ocrx_word' id='word_1_396' title='bbox 866 2422 1079 2456; x_wconf 84' lang='lat' dir='ltr'>medicinam</span> <span class='ocrx_word' id='word_1_397' title='bbox 1106 2422 1248 2456; x_wconf 84' lang='lat' dir='ltr'>tradere</span> <span class='ocrx_word' id='word_1_398' title='bbox 1275 2423 1392 2467; x_wconf 85' lang='lat' dir='ltr'>coepit</span> <span class='ocrx_word' id='word_1_399' title='bbox 1420 2422 1597 2465; x_wconf 74' lang='lat' dir='ltr'>(Mederer</span> <span class='ocrx_word' id='word_1_400' title='bbox 1622 2421 1644 2455; x_wconf 89' lang='lat'><strong>1.</strong></span> <span class='ocrx_word' id='word_1_401' title='bbox 1671 2432 1701 2455; x_wconf 88' lang='lat' dir='ltr'><strong>c.</strong></span> <span class='ocrx_word' id='word_1_402' title='bbox 1727 2421 1742 2454; x_wconf 91' lang='grc' dir='ltr'>Ι</span> <span class='ocrx_word' id='word_1_403' title='bbox 1769 2421 1835 2454; x_wconf 86' lang='grc'>311</span> <span class='ocrx_word' id='word_1_404' title='bbox 1864 2420 1952 2459; x_wconf 82' lang='grc'><strong>329;</strong></span> 
     </span>
     <span class='ocr_line' id='line_1_40' title="bbox 191 2473 1951 2520; baseline -0.001 -12"><span class='ocrx_word' id='word_1_405' title='bbox 191 2476 224 2508; x_wconf 85' lang='lat' dir='ltr'>ll</span> <span class='ocrx_word' id='word_1_406' title='bbox 251 2475 348 2519; x_wconf 79' lang='lat'><strong>207),</strong></span> <span class='ocrx_word' id='word_1_407' title='bbox 384 2475 440 2509; x_wconf 90' lang='lat' dir='ltr'>vir</span> <span class='ocrx_word' id='word_1_408' title='bbox 467 2475 579 2510; x_wconf 83' lang='lat' dir='ltr'>Sociis</span> <span class='ocrx_word' id='word_1_409' title='bbox 606 2475 856 2516; x_wconf 85' lang='lat' dir='ltr'>amicissimus,</span> <span class='ocrx_word' id='word_1_410' title='bbox 896 2475 956 2519; x_wconf 91' lang='lat' dir='ltr'>qui</span> <span class='ocrx_word' id='word_1_411' title='bbox 981 2478 1108 2520; x_wconf 86' lang='lat' dir='ltr'>postea</span> <span class='ocrx_word' id='word_1_412' title='bbox 1137 2476 1277 2509; x_wconf 68' lang='lat' dir='ltr'>Canisii</span> <span class='ocrx_word' id='word_1_413' title='bbox 1302 2475 1401 2520; x_wconf 87' lang='lat' dir='ltr'>Opus</span> <span class='ocrx_word' id='word_1_414' title='bbox 1428 2475 1629 2509; x_wconf 84' lang='lat' dir='ltr'>Marianum</span> <span class='ocrx_word' id='word_1_415' title='bbox 1657 2473 1873 2507; x_wconf 87' lang='lat' dir='ltr'>carminibus</span> <span class='ocrx_word' id='word_1_416' title='bbox 1900 2485 1951 2506; x_wconf 88' lang='lat' dir='ltr'>or-</span> 
     </span>
     <span class='ocr_line' id='line_1_41' title="bbox 191 2527 1635 2573; baseline -0.001 -12"><span class='ocrx_word' id='word_1_417' title='bbox 191 2529 291 2562; x_wconf 85' lang='lat' dir='ltr'>navit</span> <span class='ocrx_word' id='word_1_418' title='bbox 319 2528 386 2572; x_wconf 90' lang='lat' dir='ltr'>(De</span> <span class='ocrx_word' id='word_1_419' title='bbox 412 2528 528 2563; x_wconf 89' lang='lat' dir='ltr'>Maria</span> <span class='ocrx_word' id='word_1_420' title='bbox 554 2528 714 2572; x_wconf 83' lang='lat' dir='ltr'>Virgine,</span> <span class='ocrx_word' id='word_1_421' title='bbox 741 2528 953 2572; x_wconf 87' lang='lat' dir='ltr'>Ingolstadii</span> <span class='ocrx_word' id='word_1_422' title='bbox 983 2528 1083 2570; x_wconf 88' lang='grc'><strong>1577,</strong></span> <span class='ocrx_word' id='word_1_423' title='bbox 1110 2529 1134 2562; x_wconf 85' lang='lat' dir='ltr'>f.</span> <span class='ocrx_word' id='word_1_424' title='bbox 1154 2528 1260 2569; x_wconf 66' lang='lat'>**7³,</span> <span class='ocrx_word' id='word_1_425' title='bbox 1287 2540 1320 2573; x_wconf 90' lang='lat' dir='ltr'>p.</span> <span class='ocrx_word' id='word_1_426' title='bbox 1347 2529 1416 2563; x_wconf 80' lang='lat'>233</span> <span class='ocrx_word' id='word_1_427' title='bbox 1442 2528 1512 2563; x_wconf 83' lang='lat'>354</span> <span class='ocrx_word' id='word_1_428' title='bbox 1538 2527 1635 2570; x_wconf 88' lang='lat' dir='ltr'>etc.).</span> 
     </span>
    </p>

    <p class='ocr_par' dir='ltr' id='par_1_10' title="bbox 314 2581 1210 2627">
     <span class='ocr_line' id='line_1_42' title="bbox 314 2581 1210 2627; baseline 0.001 -12"><span class='ocrx_word' id='word_1_429' title='bbox 314 2583 325 2601; x_wconf 74' lang='lat'><em>⁷</em></span> <span class='ocrx_word' id='word_1_430' title='bbox 351 2582 441 2615; x_wconf 89' lang='lat' dir='ltr'>Vide</span> <span class='ocrx_word' id='word_1_431' title='bbox 467 2593 576 2627; x_wconf 88' lang='lat' dir='ltr'>supra</span> <span class='ocrx_word' id='word_1_432' title='bbox 602 2594 635 2627; x_wconf 89' lang='lat' dir='ltr'>p.</span> <span class='ocrx_word' id='word_1_433' title='bbox 655 2582 698 2616; x_wconf 84' lang='lat'>31</span> <span class='ocrx_word' id='word_1_434' title='bbox 727 2584 762 2615; x_wconf 89' lang='lat' dir='ltr'>et</span> <span class='ocrx_word' id='word_1_435' title='bbox 788 2581 892 2623; x_wconf 87' lang='lat' dir='ltr'>infra,</span> <span class='ocrx_word' id='word_1_436' title='bbox 920 2593 1012 2616; x_wconf 90' lang='lat' dir='ltr'>mon.</span> <span class='ocrx_word' id='word_1_437' title='bbox 1039 2593 1115 2615; x_wconf 85' lang='lat' dir='ltr'>var.</span> <span class='ocrx_word' id='word_1_438' title='bbox 1144 2582 1210 2626; x_wconf 70' lang='lat'><strong>(3).</strong></span> 
     </span>
    </p>

    <p class='ocr_par' dir='ltr' id='par_1_11' title="bbox 194 2632 1954 2837">
     <span class='ocr_line' id='line_1_43' title="bbox 314 2632 1953 2679; baseline -0.002 -11"><span class='ocrx_word' id='word_1_439' title='bbox 314 2635 325 2654; x_wconf 70' lang='lat'>⁸</span> <span class='ocrx_word' id='word_1_440' title='bbox 352 2635 524 2679; x_wconf 77' lang='lat' dir='ltr'>Stephani</span> <span class='ocrx_word' id='word_1_441' title='bbox 560 2635 602 2669; x_wconf 88' lang='lat' dir='ltr'>de</span> <span class='ocrx_word' id='word_1_442' title='bbox 637 2634 814 2669; x_wconf 87' lang='lat' dir='ltr'>Malescot</span> <span class='ocrx_word' id='word_1_443' title='bbox 843 2634 1115 2676; x_wconf 81' lang='lat' dir='ltr'>„Catechesis“;</span> <span class='ocrx_word' id='word_1_444' title='bbox 1156 2635 1198 2668; x_wconf 89' lang='lat' dir='ltr'>de</span> <span class='ocrx_word' id='word_1_445' title='bbox 1234 2646 1303 2679; x_wconf 86' lang='lat' dir='ltr'>qua</span> <span class='ocrx_word' id='word_1_446' title='bbox 1334 2634 1439 2675; x_wconf 87' lang='lat' dir='ltr'>infra,</span> <span class='ocrx_word' id='word_1_447' title='bbox 1473 2645 1565 2667; x_wconf 90' lang='lat' dir='ltr'>mon.</span> <span class='ocrx_word' id='word_1_448' title='bbox 1592 2633 1661 2667; x_wconf 88' lang='lat' dir='ltr'>litt.</span> <span class='ocrx_word' id='word_1_449' title='bbox 1692 2632 1757 2676; x_wconf 86' lang='lat'><strong>(3).</strong></span> <span class='ocrx_word' id='word_1_450' title='bbox 1808 2632 1953 2673; x_wconf 86' lang='lat' dir='ltr'>Ferunt,</span> 
     </span>
     <span class='ocr_line' id='line_1_44' title="bbox 195 2685 1954 2733; baseline -0.001 -13"><span class='ocrx_word' id='word_1_451' title='bbox 195 2699 285 2721; x_wconf 89' lang='lat' dir='ltr'>anno</span> <span class='ocrx_word' id='word_1_452' title='bbox 314 2688 415 2729; x_wconf 88' lang='grc'><strong>1565,</strong></span> <span class='ocrx_word' id='word_1_453' title='bbox 451 2687 547 2722; x_wconf 90' lang='lat' dir='ltr'>nullo</span> <span class='ocrx_word' id='word_1_454' title='bbox 573 2691 693 2722; x_wconf 88' lang='lat' dir='ltr'>tamen</span> <span class='ocrx_word' id='word_1_455' title='bbox 720 2688 877 2733; x_wconf 85' lang='lat' dir='ltr'>ascripto</span> <span class='ocrx_word' id='word_1_456' title='bbox 903 2691 1073 2733; x_wconf 89' lang='lat' dir='ltr'>tempore,</span> <span class='ocrx_word' id='word_1_457' title='bbox 1108 2688 1270 2733; x_wconf 87' lang='lat' dir='ltr'>prodisse</span> <span class='ocrx_word' id='word_1_458' title='bbox 1296 2687 1464 2721; x_wconf 87' lang='lat' dir='ltr'>Parisiis:</span> <span class='ocrx_word' id='word_1_459' title='bbox 1504 2686 1768 2730; x_wconf 83' lang='lat' dir='ltr'>„Complaincte</span> <span class='ocrx_word' id='word_1_460' title='bbox 1803 2685 1865 2719; x_wconf 91' lang='lat' dir='ltr'>des</span> <span class='ocrx_word' id='word_1_461' title='bbox 1901 2696 1954 2719; x_wconf 89' lang='lat' dir='ltr'>es-</span> 
     </span>
     <span class='ocr_line' id='line_1_45' title="bbox 194 2738 1954 2782; baseline -0.001 -9"><span class='ocrx_word' id='word_1_462' title='bbox 194 2740 335 2774; x_wconf 89' lang='lat' dir='ltr'>colliers</span> <span class='ocrx_word' id='word_1_463' title='bbox 361 2743 483 2774; x_wconf 87' lang='lat' dir='ltr'>contre</span> <span class='ocrx_word' id='word_1_464' title='bbox 509 2740 561 2774; x_wconf 91' lang='lat' dir='ltr'>les</span> <span class='ocrx_word' id='word_1_465' title='bbox 587 2752 779 2775; x_wconf 88' lang='lat' dir='ltr'>nouveaux</span> <span class='ocrx_word' id='word_1_466' title='bbox 806 2741 1004 2775; x_wconf 86' lang='lat' dir='ltr'>violateurs</span> <span class='ocrx_word' id='word_1_467' title='bbox 1035 2741 1098 2775; x_wconf 90' lang='lat' dir='ltr'>des</span> <span class='ocrx_word' id='word_1_468' title='bbox 1123 2741 1191 2775; x_wconf 90' lang='lat' dir='ltr'>lois</span> <span class='ocrx_word' id='word_1_469' title='bbox 1217 2752 1441 2774; x_wconf 87' lang='lat' dir='ltr'>surnornmez</span> <span class='ocrx_word' id='word_1_470' title='bbox 1465 2739 1645 2774; x_wconf 78' lang='lat' dir='ltr'>Jesuites“</span> <span class='ocrx_word' id='word_1_471' title='bbox 1679 2739 1885 2782; x_wconf 69' lang='lat' dir='ltr'>(Cataloyue</span> <span class='ocrx_word' id='word_1_472' title='bbox 1910 2738 1954 2772; x_wconf 85' lang='lat' dir='ltr'>de</span> 
     </span>
     <span class='ocr_line' id='line_1_46' title="bbox 196 2793 1055 2837; baseline 0.002 -11"><span class='ocrx_word' id='word_1_473' title='bbox 196 2793 377 2830; x_wconf 82' lang='lat' dir='ltr'>1⁷Hist0ire</span> <span class='ocrx_word' id='word_1_474' title='bbox 404 2793 446 2826; x_wconf 91' lang='lat' dir='ltr'>de</span> <span class='ocrx_word' id='word_1_475' title='bbox 473 2793 608 2827; x_wconf 81' lang='lat' dir='ltr'>France</span> <span class='ocrx_word' id='word_1_476' title='bbox 627 2794 669 2835; x_wconf 94' lang='lat' dir='ltr'>V,</span> <span class='ocrx_word' id='word_1_477' title='bbox 698 2794 800 2828; x_wconf 88' lang='lat' dir='ltr'>Paris</span> <span class='ocrx_word' id='word_1_478' title='bbox 830 2795 931 2835; x_wconf 84' lang='lat'>1858,</span> <span class='ocrx_word' id='word_1_479' title='bbox 958 2794 1055 2837; x_wconf 90' lang='grc'><strong>557).</strong></span> 
     </span>
    </p>

    <p class='ocr_par' dir='ltr' id='par_1_12' title="bbox 197 2844 1955 2996">
     <span class='ocr_line' id='line_1_47' title="bbox 315 2844 1955 2889; baseline -0.001 -10"><span class='ocrx_word' id='word_1_480' title='bbox 315 2847 327 2866; x_wconf 74' lang='lat'>⁹</span> <span class='ocrx_word' id='word_1_481' title='bbox 361 2845 502 2884; x_wconf 78' lang='lat' dir='ltr'>Nescio,</span> <span class='ocrx_word' id='word_1_482' title='bbox 540 2858 623 2880; x_wconf 88' lang='lat' dir='ltr'>num</span> <span class='ocrx_word' id='word_1_483' title='bbox 660 2847 825 2881; x_wconf 89' lang='lat' dir='ltr'>Canisius</span> <span class='ocrx_word' id='word_1_484' title='bbox 859 2847 1019 2881; x_wconf 88' lang='lat' dir='ltr'>libellum</span> <span class='ocrx_word' id='word_1_485' title='bbox 1058 2847 1159 2881; x_wconf 88' lang='lat' dir='ltr'>illum</span> <span class='ocrx_word' id='word_1_486' title='bbox 1202 2848 1377 2881; x_wconf 86' lang='lat' dir='ltr'>famosum</span> <span class='ocrx_word' id='word_1_487' title='bbox 1416 2845 1611 2888; x_wconf 78' lang='lat' dir='ltr'>significet,</span> <span class='ocrx_word' id='word_1_488' title='bbox 1650 2856 1756 2889; x_wconf 90' lang='lat' dir='ltr'>quem</span> <span class='ocrx_word' id='word_1_489' title='bbox 1791 2844 1955 2879; x_wconf 86' lang='lat' dir='ltr'>Basileae</span> 
     </span>
     <span class='ocr_line' id='line_1_48' title="bbox 197 2897 1953 2945; baseline -0.001 -13"><span class='ocrx_word' id='word_1_490' title='bbox 197 2911 227 2933; x_wconf 89' lang='lat' dir='ltr'>a.</span> <span class='ocrx_word' id='word_1_491' title='bbox 258 2900 347 2933; x_wconf 91' lang='grc'><strong>1565</strong></span> <span class='ocrx_word' id='word_1_492' title='bbox 386 2899 420 2932; x_wconf 89' lang='lat' dir='ltr'>in</span> <span class='ocrx_word' id='word_1_493' title='bbox 458 2899 573 2933; x_wconf 82' lang='lat' dir='ltr'>lucem</span> <span class='ocrx_word' id='word_1_494' title='bbox 609 2900 770 2944; x_wconf 88' lang='lat' dir='ltr'>prodisse</span> <span class='ocrx_word' id='word_1_495' title='bbox 806 2900 867 2934; x_wconf 80' lang='lat' dir='ltr'>alii</span> <span class='ocrx_word' id='word_1_496' title='bbox 901 2900 1123 2945; x_wconf 88' lang='lat' dir='ltr'>scripserunt</span> <span class='ocrx_word' id='word_1_497' title='bbox 1151 2900 1382 2943; x_wconf 84' lang='lat' dir='ltr'>(Reissender</span> <span class='ocrx_word' id='word_1_498' title='bbox 1407 2900 1564 2933; x_wconf 72' lang='lat' dir='ltr'>Jesm&#39;ter</span> <span class='ocrx_word' id='word_1_499' title='bbox 1590 2900 1706 2942; x_wconf 78' lang='lat' dir='ltr'>Wolff,</span> <span class='ocrx_word' id='word_1_500' title='bbox 1745 2910 1774 2932; x_wconf 90' lang='lat' dir='ltr'>s.</span> <span class='ocrx_word' id='word_1_501' title='bbox 1800 2897 1823 2932; x_wconf 91' lang='grc'>1.</span> <span class='ocrx_word' id='word_1_502' title='bbox 1852 2897 1953 2932; x_wconf 78' lang='lat'>1610.</span> 
     </span>
     <span class='ocr_line' id='line_1_49' title="bbox 197 2950 1954 2996; baseline -0.001 -10"><span class='ocrx_word' id='word_1_503' title='bbox 197 2952 256 2986; x_wconf 86' lang='lat' dir='ltr'><strong>fol.</strong></span> <span class='ocrx_word' id='word_1_504' title='bbox 294 2964 365 2986; x_wconf 90' lang='lat' dir='ltr'>non</span> <span class='ocrx_word' id='word_1_505' title='bbox 402 2953 492 2995; x_wconf 84' lang='lat' dir='ltr'>sign.</span> <span class='ocrx_word' id='word_1_506' title='bbox 523 2952 581 2994; x_wconf 82' lang='lat' dir='ltr'><strong>[cf.</strong></span> <span class='ocrx_word' id='word_1_507' title='bbox 613 2954 698 2986; x_wconf 75' lang='lat' dir='ltr'>Can.</span> <span class='ocrx_word' id='word_1_508' title='bbox 726 2953 740 2986; x_wconf 95' lang='grc' dir='ltr'>Ι</span> <span class='ocrx_word' id='word_1_509' title='bbox 767 2954 877 2996; x_wconf 55' lang='grc'><strong>52931</strong></span> <span class='ocrx_word' id='word_1_510' title='bbox 928 2955 1070 2987; x_wconf 70' lang='lat' dir='ltr'>Pilatus</span> <span class='ocrx_word' id='word_1_511' title='bbox 1108 2953 1183 2996; x_wconf 89' lang='lat' dir='ltr'><strong>[Dr.</strong></span> <span class='ocrx_word' id='word_1_512' title='bbox 1210 2955 1329 2987; x_wconf 78' lang='lat' dir='ltr'>Victor</span> <span class='ocrx_word' id='word_1_513' title='bbox 1354 2950 1575 2995; x_wconf 65' lang='lat' dir='ltr'>,NaumcmmL</span> <span class='ocrx_word' id='word_1_514' title='bbox 1614 2951 1686 2986; x_wconf 88' lang='lat' dir='ltr'>Der</span> <span class='ocrx_word' id='word_1_515' title='bbox 1711 2951 1954 2992; x_wconf 80' lang='lat' dir='ltr'>Jesuitismus,</span> 
     </span>
    </p>
   </div>
   <div class='ocr_carea' id='block_1_5' title="bbox 197 3005 1442 3095">
    <p class='ocr_par' dir='ltr' id='par_1_13' title="bbox 197 3005 1442 3095">
     <span class='ocr_line' id='line_1_50' title="bbox 197 3005 1442 3092; baseline 0 -53"><span class='ocrx_word' id='word_1_516' title='bbox 197 3005 563 3092; x_wconf 45' lang='lat' dir='ltr'>RegenOSqurg2ss90153:</span> <span class='ocrx_word' id='word_1_517' title='bbox 591 3005 688 3048; x_wconf 88' lang='grc'><strong>366).</strong></span> <span class='ocrx_word' id='word_1_518' title='bbox 740 3005 929 3040; x_wconf 87' lang='lat' dir='ltr'>Caeterum</span> <span class='ocrx_word' id='word_1_519' title='bbox 957 3007 1003 3040; x_wconf 85' lang='lat' dir='ltr'><strong>cf.</strong></span> <span class='ocrx_word' id='word_1_520' title='bbox 1029 3006 1133 3049; x_wconf 89' lang='lat' dir='ltr'>infra,</span> <span class='ocrx_word' id='word_1_521' title='bbox 1160 3018 1252 3041; x_wconf 86' lang='lat' dir='ltr'>mon.</span> <span class='ocrx_word' id='word_1_522' title='bbox 1279 3007 1347 3040; x_wconf 85' lang='lat' dir='ltr'>litt.</span> <span class='ocrx_word' id='word_1_523' title='bbox 1377 3005 1442 3049; x_wconf 87' lang='lat'><strong>(3).</strong></span> 
     </span>
     <span class='ocr_line' id='line_1_51' title="bbox 304 3061 575 3095; baseline 0 -4"><span class='ocrx_word' id='word_1_524' title='bbox 304 3061 311 3078; x_wconf 86' lang='lat'>¹</span> <span class='ocrx_word' id='word_1_525' title='bbox 373 3069 411 3091; x_wconf 78' lang='lat' dir='ltr'>os</span> <span class='ocrx_word' id='word_1_526' title='bbox 462 3080 493 3095; x_wconf 75' lang='lat'>..</span> <span class='ocrx_word' id='word_1_527' title='bbox 569 3084 575 3091; x_wconf 95' lang='lat'>.</span> 
     </span>
    </p>
   </div>
  </div>
 </body>
</html>
