2044 3335
171 90 254 131 150
667 85 769 121 1548.
797 85 836 120 Ρ.
855 86 1006 120 Ioannes
1032 85 1075 119 de
1101 85 1256 120 Polanco
1283 85 1436 121 Canisio.

166 207 304 249 templis
328 206 378 238 ita
405 205 614 247 distrahere,
641 208 671 237 et
697 215 720 237 a
744 207 867 237 nostro
891 214 994 246 saepe
1018 204 1157 246 templo,
1184 214 1261 237 cum
1286 208 1368 237 sunt
1383 204 1641 247 poenitentibus
1658 206 1860 248 necessarii,
1887 206 1936 239 ad

170 260 290 292 aulam
318 263 347 292 et
376 258 619 299 Confessiones
645 257 848 290 aulicarum
875 267 1040 299 auocare,
1079 257 1245 300 nulloque
1274 258 1375 290 modo
1398 258 1614 301 permittere,
1649 262 1688 290 ut
1716 258 1937 301 Confessarij

167 312 283 345 nostri
316 316 417 344 extra
454 311 629 344 Sacellum
665 311 782 343 Aulae
816 311 1015 352 exciperent
1050 310 1089 342 in
1125 310 1296 343 cubiculis
1332 310 1584 351 Confessiones.
1638 311 1781 344 Ostendi
1818 313 1935 355 etiam,

171 365 301 398 rectius
326 375 404 398 cum
432 365 564 397 nostris
589 365 649 407 aqi
669 374 784 406 posse,
810 364 843 396 si
868 373 939 396 non
966 364 1066 396 toties
1092 363 1214 396 literas
1238 363 1378 396 aulicas
1403 365 1612 406 acciperent,
1643 364 1831 407 omniaque
1856 375 1936 398 con-

168 419 251 451 silia
277 428 343 450 sua
370 428 448 450 cum
474 418 619 450 Rectore
644 418 720 459 ipso
747 417 961 459 conferrent,
990 417 1209 459 priusquam
1241 416 1476 459 respondeant
1504 417 1558 449 uel
1578 422 1775 459 procurent
1800 421 1831 450 et
1850 428 1935 460 pro-

169 473 309 504 mittant
335 471 486 514 aliquid.
522 470 670 503 Praeter
694 470 780 503 baec
805 471 925 502 omnia
943 470 1084 512 roqaui,
1111 473 1149 502 ut
1167 480 1256 512 quae
1270 480 1337 512 per
1361 469 1463 511 alios,
1490 474 1520 502 et
1537 472 1691 502 maoeime
1709 471 1935 504 Sacellanum

170 524 333 566 expediri
349 528 512 566 possunt,
538 524 671 556 nostris
696 523 795 566 apud
821 527 982 556 eoeternos
1006 522 1142 565 aqenda
1160 533 1232 555 non
1251 524 1526 565 committantur,
1553 523 1615 566 qui
1631 524 1740 556 nimis
1756 524 1818 556 diu
1836 534 1938 567 saepe

169 578 279 610 solent
313 577 448 618 abesse,
485 581 515 610 et
550 578 673 609 odiosa
710 577 764 609 uel
799 587 871 609 non
906 577 1105 609 necessaria
1141 576 1352 619 quandoque
1386 586 1535 618 curare,
1570 580 1608 608 ut
1637 576 1681 609 ab
1715 577 1799 618 aliis
1832 578 1934 610 etiam

166 631 302 673 possint
327 630 549 672 reprehendi.

266 683 342 727 „De
375 684 431 716 Itis
466 683 628 716 omnibus
662 683 905 716 admonendas
939 686 968 715 et
1003 682 1184 724 roqandas
1210 682 1365 725 Reqinas
1393 682 1528 724 putaui
1553 682 1592 715 P.
1620 682 1760 716 Vestrae
1785 683 1937 726 nomine,

169 736 233 770 hoc
258 747 370 769 uuum
394 747 525 780 urqens
550 737 715 779 maccime,
751 740 790 769 ut
814 736 847 768 si
871 736 913 768 de
939 735 1081 778 nostriS,
1117 735 1225 778 deque
1258 734 1322 768 hoc
1350 735 1502 777 Colleqio
1537 735 1618 769 bene
1651 736 1782 769 mereri
1817 735 1936 779 uelint,

169 801 212 823 ne
245 791 367 823 sinant
401 801 457 823 eos
486 793 611 822 eontra
640 790 783 832 requlas
808 793 837 822 et
861 789 1122 831 simplicitatem
1149 789 1304 821 instituti
1329 790 1444 821 nostri
1469 789 1505 821 in
1529 789 1726 831 praedictis
1759 799 1872 831 aqere,
1907 794 1938 822 et

171 844 399 886 disciplinam
433 844 658 876 domesticam
693 843 885 876 dis-soluere
896 848 919 875 ἃ.
972 841 1150 874 Postremo
1184 842 1312 884 repetij
1334 843 1540 874 sententiam
1570 853 1609 884 p.
1635 846 1733 884 tuae,
1770 853 1874 885 qua-m
1908 847 1938 875 et

169 901 275 929 antea
300 897 415 930 literis
448 897 516 930 huc
550 897 664 929 missis
699 896 976 938 explicaueram,
1012 895 1054 928 de
1079 894 1245 928 Hallensi
1270 895 1415 938 neqotio,
1451 895 1545 938 quod
1569 895 1741 928 nimirum
1770 895 1938 928 Societati

170 953 312 983 nostrae
338 961 409 983 non
436 951 651 991 conueniret,
685 950 762 982 siue
791 953 982 992 spectemus
1008 958 1133 981 curam
1159 948 1420 991 Reliqiosarum
1439 958 1682 990 personarum
1707 950 1838 982 uostris
1863 949 1938 981 illic

170 1004 467 1045 demandandam,
499 1004 574 1036 siue
600 1003 952 1036 communicationem
978 1005 1181 1035 nostrorum
1209 1005 1238 1034 et
1264 1001 1466 1034 earumdem
1490 1002 1733 1043 foeminarum
1758 1003 1795 1034 in
1822 1002 1935 1035 eodem

167 1057 292 1099 templo
318 1057 576 1100 quotidianam,
601 1058 677 1089 siue
701 1057 843 1089 domum
870 1054 1055 1088 nostramb
1082 1059 1111 1087 et
1137 1054 1387 1087 habitationem
1413 1054 1572 1087 uicinam
1595 1054 1761 1098 Reqinali
1786 1054 1936 1097 Colleqio

169 1110 442 1153 adiunqendam.
474 1110 616 1153 Roqare
633 1120 698 1143 nos
714 1110 837 1152 iqitur,
865 1120 907 1141 ne
932 1119 955 1141 a
981 1109 1082 1141 nobis
1102 1108 1287 1150 postulare
1307 1112 1506 1150 perqerent,
1533 1108 1626 1150 quod
1650 1108 1752 1141 saluo
1776 1108 1938 1141 instituto

165 1168 353 1206 praestare
388 1174 459 1196 non
487 1173 692 1205 possemus:
722 1163 935 1205 praesertim
970 1172 1046 1194 cum
1082 1161 1157 1194 alia
1191 1162 1296 1194 etiam
1331 1161 1498 1193 accedant
1524 1161 1744 1194 incommoda
1768 1161 1938 1204 iitrinque

170 1217 442 1259 consideranda,
468 1217 501 1249 si
527 1226 590 1249 nos
614 1215 713 1248 illius
735 1216 855 1258 templi
873 1216 1054 1258 cultusque
1071 1215 1192 1247 diuini
1209 1225 1333 1247 curam
1351 1218 1381 1246 et
1399 1214 1746 1247 administrationem
1763 1215 1937 1256 inteqram

168 1270 345 1312 suscipere
370 1274 400 1302 et
423 1271 598 1303 sustinere
621 1270 821 1302 uellemnsc.
872 1269 943 1311 Eqi
973 1272 1089 1302 tamen
1114 1269 1255 1310 qratias
1280 1269 1388 1300 totius
1413 1272 1552 1300 nostrae
1578 1268 1762 1301 Societatis
1787 1269 1937 1310 nomine,

170 1324 263 1366 quod
287 1333 355 1365 pro
380 1334 447 1356 sua
472 1323 654 1365 sinqulari
680 1324 718 1355 in
744 1332 809 1355 nos
826 1322 1065 1355 beneuolentia
1084 1326 1114 1354 et
1132 1321 1346 1354 liberalitate
1363 1320 1526 1363 templum
1545 1324 1574 1353 et
1592 1321 1731 1353 domum
1748 1321 1937 1364 propriam

169 1377 270 1409 nobis
304 1378 445 1419 offerre,
485 1380 515 1408 et
553 1379 692 1409 nostros
726 1376 821 1408 alere
846 1375 1014 1408 Nouitios
1046 1376 1239 1417 uoluerint,
1274 1374 1448 1417 simulque
1481 1384 1546 1407 nos
1580 1384 1696 1407 omnes
1730 1378 1760 1407 et
1794 1385 1937 1417 operam

170 1434 327 1463 nostram
364 1431 403 1462 in
437 1430 504 1471 his,
541 1440 631 1472 quae
667 1430 848 1462 uocationi
883 1433 1025 1461 nostrae.
1060 1438 1130 1461 non
1165 1431 1376 1470 repuynant,
1412 1427 1531 1460 obtuli.
1582 1428 1680 1460 Haec
1705 1438 1842 1460 summa
1866 1428 1938 1470 fuit

168 1484 304 1526 scripti,
341 1483 434 1526 quod
468 1493 490 1515 a
524 1484 658 1516 nostris
693 1482 955 1525 comprobatum
990 1482 1137 1525 Reqinis
1172 1492 1242 1524 eqo,
1278 1481 1373 1514 uelut
1408 1481 1448 1514 P.
1475 1481 1617 1514 Vestrae
1656 1481 1938 1525 Commissarius,

170 1537 389 1579 offerendum
415 1547 457 1569 ac
480 1536 753 1579 proponendum
773 1533 941 1579 putaui.“

290 1599 403 1642 Quam
430 1600 518 1634 bene
546 1599 711 1634 Oanisius
737 1599 793 1633 his
817 1599 950 1633 litteris
976 1599 1009 1633 S.
1029 1598 1213 1633 Francisci
1239 1597 1392 1641 Borgiae
1418 1597 1672 1641 cogitationem
1698 1597 1937 1633 voluntatem-

171 1665 240 1698 que
258 1656 447 1688 assecutus
466 1653 523 1695 sit,
545 1653 728 1696 colligitur
747 1665 793 1686 ex
810 1652 877 1686 hoc
896 1652 1055 1686 eiusdem
1074 1653 1229 1696 Borqiae
1246 1650 1263 1669 *
1275 1651 1428 1692 decreto,
1448 1651 1551 1695 quod,
1571 1662 1663 1685 anno
1681 1663 1750 1685 non
1768 1652 1937 1696 ascripto,

170 1707 207 1740 in
242 1707 400 1742 codicem
436 1706 614 1751 quendam
651 1705 792 1750 collegii
828 1705 1124 1749 ingolstadiensis
1152 1704 1317 1749 (Antiqu.
1344 1703 1500 1747 Jngolst.
1527 1704 1553 1738 f.
1580 1704 1641 1747 90)
1670 1705 1815 1739 saeculo
1840 1705 1937 1739 XVI.

170 1759 323 1794 relatum
360 1762 434 1794 est:
475 1759 544 1802 „Vt
578 1759 819 1794 ministerium
846 1758 1038 1793 Societatis
1072 1761 1217 1793 nostrae
1253 1759 1304 1792 ita
1336 1758 1512 1802 proximis
1539 1757 1775 1802 impendatur,
1811 1762 1853 1792 vt
1887 1758 1937 1793 in-

171 1813 399 1855 firmioribus,
426 1816 462 1847 et
487 1812 570 1858 alijs
595 1813 868 1857 quibuscunque
885 1813 1073 1847 sinistrum
1097 1812 1181 1857 quid
1200 1811 1383 1855 cogitandi
1401 1811 1551 1852 occasio,
1579 1811 1694 1855 quoad
1713 1811 1790 1846 fieri
1809 1814 1938 1856 potest,

171 1867 360 1907 adimatur,
399 1866 635 1907 decreuimus,
673 1878 717 1900 ne
753 1869 857 1900 extra
894 1865 1033 1910 [domus
1067 1864 1317 1909 nostras]‘³[‘?]
1353 1863 1418 1898 ulli
1453 1876 1498 1898 ex
1528 1864 1661 1898 nostris
1693 1865 1938 1900 sacerdotibus

171 1920 388 1964 colloquium
414 1919 625 1964 protrahere
651 1931 732 1953 cum
758 1919 924 1953 foeminis
950 1919 1183 1963 quantumuis
1208 1917 1468 1963 spiritualibus,
1496 1920 1532 1951 et
1558 1917 1704 1959 sanctis,
1731 1929 1797 1953 nec
1823 1929 1884 1953 eas
1902 1919 1938 1952 in

173 1973 337 2008 domibus
363 1984 496 2014 earum,
524 1973 581 2007 uel
606 1973 810 2017 ubicunque
836 1972 982 2014 fuerint,
1009 1972 1169 2013 uisitare,
1195 1983 1262 2006 nec
1287 1971 1423 2013 literas,
1450 1973 1512 2005 aut
1538 1982 1686 2005 munera
1711 1971 1785 2006 vlla
1814 1971 1939 2014 (etiam

173 2037 265 2070 quae
300 2026 499 2060 deuotionis
535 2026 669 2070 aliquid
706 2026 838 2061 habere
874 2026 1081 2070 videantur)
1120 2025 1164 2059 ad
1200 2036 1262 2059 eas
1287 2025 1442 2065 mittere,
1477 2024 1535 2058 uel
1561 2024 1702 2069 priuato
1726 2025 1869 2059 nomine
1895 2024 1938 2059 ab

173 2080 307 2114 eisdem
334 2079 469 2124 aliquid
500 2080 658 2124 (praeter
684 2079 909 2120 elemosinas,
936 2091 1027 2123 quas
1053 2079 1097 2113 ad
1123 2078 1287 2122 collegia,
1313 2078 1371 2112 uel
1395 2077 1566 2112 ecclesias
1584 2077 1745 2121 mittant)
1766 2078 1938 2124 accipere,

174 2133 232 2167 uel
265 2132 376 2167 ullam
411 2133 554 2168 demum
590 2145 671 2167 cum
706 2134 758 2167 eis
787 2133 1069 2167 familiaritatem
1100 2133 1231 2166 habere
1256 2132 1375 2166 liceat.
1427 2132 1474 2166 Jn
1499 2131 1644 2176 templis
1669 2134 1789 2166 autem
1816 2143 1939 2166 earum

174 2186 438 2226 Confessiones,
466 2198 574 2230 quam
600 2186 759 2220 breuiter
776 2186 853 2220 fieri
871 2188 1000 2231 potest,
1027 2186 1160 2226 audire,
1188 2188 1223 2219 et
1249 2185 1384 2220 eisdem
1403 2184 1676 2228 aegrotantibus
1694 2185 1803 2219 etiam
1820 2197 1937 2220 sacra-

172 2241 284 2274 menti
319 2240 561 2285 poenitentiae
595 2240 807 2274 beneficium
838 2239 1043 2285 impendere
1070 2239 1117 2283 (si
1144 2250 1233 2284 opus
1259 2238 1344 2282 erit)
1371 2238 1531 2272 adhibito
1557 2237 1664 2279 socio,
1699 2238 1831 2273 licebit.
1883 2238 1938 2273 Ex

174 2294 396 2328 ordinatione
422 2293 464 2328 R.
491 2305 524 2338 p.
553 2293 749 2335 Generalis,
776 2293 860 2327 huic
886 2293 1029 2327 decreto
1056 2291 1255 2337 subscripsi
1281 2292 1383 2326 Joan.
1411 2292 1454 2325 de
1480 2291 1668 2325 Polanco.“

292 2357 508 2402 Magdalena
535 2361 571 2392 et
596 2357 734 2392 Helena
761 2357 904 2392 Canisio
931 2357 1054 2392 statim
1081 2356 1363 2401 responderunt;
1390 2368 1424 2390 V.
1451 2355 1556 2397 infra,
1583 2367 1637 2401 ep.
1663 2367 1697 2390 n.
1719 2356 1820 2391 1550.

175 2466 326 2502 1548.
441 2467 502 2504 Ρ.
538 2467 838 2504 IOANNES
874 2467 967 2504 DE
1002 2466 1320 2504 POLANOO
1365 2468 1582 2502 secretarius
1624 2466 1815 2501 Sooietatis
1856 2467 1937 2501 Iesu

365 2521 506 2555 nomine
541 2521 576 2556 S.
603 2522 786 2557 Francisci
812 2522 966 2565 Borgiae
1001 2521 1198 2567 praepositi
1232 2520 1411 2564 generalis
1447 2518 1647 2555 CANISIO.

1337 2574 1450 2608 Roma
1477 2573 1533 2607 20.
1552 2571 1759 2606 Decembris
1787 2572 1890 2606 1567.

294 2632 367 2720 Eg?
384 2633 590 2719 afpographo
617 2634 729 2668 eiusd.
756 2636 884 2679 temp.;
922 2634 958 2668 in
985 2634 1157 2677 margine,
1184 2633 1309 2667 eadem
1335 2644 1462 2667 manu:
1503 2631 1668 2674 „Dilinga
1693 2631 1732 2665 P.
1760 2630 1939 2674 Canisi0“.

177 2683 295 2718 Germ.
413 2713 419 2719 .
446 2687 502 2720 94.

299 2749 526 2792 Praepositus
557 2753 736 2794 qeneralis
769 2753 811 2785 de
847 2753 972 2796 Sociis,
1007 2763 1094 2796 quos
1129 2749 1349 2795 „professos“
1385 2750 1435 2783 vel
1470 2751 1713 2793 „coadiutores
1742 2747 1936 2791 formatos“

178 2800 379 2843 efficiendos
413 2814 482 2835 esse
511 2804 678 2837 &misius
704 2805 871 2848 censebat,
906 2807 980 2838 iam
1006 2806 1186 2839 constituit
1193 2817 1207 2848 ,·
1241 2816 1330 2848 quae
1356 2805 1493 2837 litterae
1520 2804 1557 2836 P.
1584 2803 1711 2836 Natali
1735 2803 1937 2845 mittuntur,

174 2865 240 2897 per
274 2856 390 2897 ipsum
419 2856 564 2890 Canisio
598 2858 796 2891 mittendae.
850 2859 943 2900 Quos
980 2859 1148 2892 Canisius
1182 2858 1338 2891 censebat
1371 2857 1577 2899 temporales
1610 2857 1831 2889 coadiutores
1861 2856 1937 2898 for-

176 2910 288 2940 matos
313 2918 382 2941 esse
407 2910 588 2952 creandos,
614 2911 688 2952 ipse
713 2922 836 2944 creare
857 2913 1000 2955 poterit,
1027 2915 1057 2944 et
1082 2913 1114 2945 si
1140 2922 1226 2955 quos
1250 2911 1342 2944 alios
1362 2915 1524 2943 maturos
1540 2920 1610 2943 esse
1626 2909 1810 2952 iudicarit,
1831 2920 1936 2951 prae·

171 2961 328 3003 positum
359 2962 556 3004 generalem
591 2973 731 2995 monere
761 2965 903 3006 poterit.
954 2965 1008 2998 De
1041 2965 1122 2998 vino
1157 2975 1252 3008 aqua
1278 2963 1528 2997 commiscendo
1551 2962 1776 3005 praepositus
1799 2965 1936 2995 statuet.

297 3043 324 3073 a)
346 3043 392 3067 Ita
413 3043 441 3066 C.
463 3042 524 3073 ipse
544 3043 673 3067 com-erit
693 3051 728 3067 ea·
748 3042 903 3075 impedire.
976 3042 1006 3075 b)
1028 3045 1088 3068 Hoc
1109 3052 1132 3068 v.
1158 3051 1251 3075 supra
1271 3050 1387 3068 versum
1407 3042 1548 3073 scriptum
1569 3045 1619 3066 est.
1694 3041 1720 3073 c)
1741 3042 1787 3066 Ita
1806 3041 1837 3066 in
1857 3041 1936 3066 arch.

176 3086 333 3108 correctum
355 3087 396 3108 est
415 3090 452 3108 ea·
470 3081 608 3108 uelimus.
682 3083 712 3114 d)
732 3085 797 3108 Vel:
817 3083 952 3115 collegia.
