2044 3335
270 96 371 132 1662.
398 96 437 130 P.
457 95 593 130 Paulus
618 95 790 130 Hoffaeus
817 94 902 129 Can.
948 95 1050 130 1663.
1078 93 1266 128 Gerwinus
1293 91 1461 127 Calenius
1488 90 1573 125 Can.
1758 93 1842 133 321

78 216 292 258 discedat:
322 220 410 256 tum
443 214 665 268 difficilius
698 216 822 255 etiam
852 213 1064 266 futurum,
1097 218 1137 254 vt
1161 213 1311 254 bonum
1335 212 1639 253 substituamus
1662 210 1843 251 aulicum

76 282 425 323 contionatorem:
465 279 704 320 habendam
736 283 957 333 praeterea
990 279 1196 319 rationem
1232 291 1317 318 esse
1354 277 1442 328 loci,
1485 290 1605 330 quem
1637 276 1770 316 nostri
1802 279 1847 315 ut

76 346 335 388 insalubrem
376 348 577 396 metuant.
622 348 658 384 et
696 344 830 397 pauci
875 344 950 384 diu
996 344 1087 384 sine
1127 342 1384 383 incommodo
1426 340 1691 383 ualetudinis
1730 339 1848 392 ferre

73 425 193 465 posse
227 410 471 451 uideantur.
525 409 679 450 Verum
700 410 805 449 satis
837 409 892 449 sit
923 421 1058 449 meam
1090 408 1305 448 indicasse
1336 406 1609 447 senteutiam:
1640 404 1846 445 iudicium

76 490 195 517 omne
227 477 280 516 sit
308 488 435 529 penes
458 474 505 516 P.
535 474 580 515 T.
607 478 642 514 et
664 473 987 524 Prouintialem‚
1021 473 1089 513 cui
1119 472 1298 526 fidenter
1330 471 1516 511 commisi
1538 475 1574 511 et
1596 471 1844 511 committam

76 541 231 592 omnia,
266 554 372 595 quae
404 539 464 580 ad
490 538 811 593 procurandam
844 539 953 579 hanc
981 537 1247 592 prouintiam
1279 533 1505 589 spectantf‘

78 654 231 691 1662.
330 654 391 690 P.
427 652 695 690 PAULUS
731 651 1099 689 HOFFAEUS
1139 650 1354 687 Germaniae
1389 650 1586 695 superioris
1621 650 1849 694 praepositus

267 708 501 754 provincialis
527 706 728 743 CANISIO.
965 706 1164 751 Oeniponte
1191 704 1257 739 sub
1284 703 1439 738 medium
1467 715 1512 737 m.
1532 703 1669 737 Maium
1698 703 1800 737 1569.

197 773 252 807 Ex
278 773 419 808 Hoffaei
445 773 489 807 ad
515 772 685 816 Borgiam
711 771 844 805 litteris
870 770 1116 816 autographis.
1157 768 1198 804 G.
1226 769 1290 814 Ep.
1319 767 1352 801 X
1378 767 1404 801 f.
1426 768 1518 802 114³.
1558 766 1689 801 Iisdem
1716 766 1849 800 litteris

75 838 164 868 usus
191 829 247 861 est
273 838 467 871 earumque
494 828 633 871 partem
659 825 866 869 germanice
892 836 1036 859 versam
1062 824 1184 869 posuit
1210 824 1252 856 B.
1272 823 1380 856 Dulir
1406 821 1442 856 S.
1460 821 1492 855 J.
1512 821 1547 854 in
1567 819 1775 854 Zeitschrift
1793 820 1850 853 fiir

77 879 305 914 katholische
323 879 518 923 Theologie
544 879 665 912 XXIII
691 879 759 913 613
787 881 823 912 et
851 878 959 912 Jes.1
984 878 1064 912 784.

197 946 311 989 Royat
337 956 424 989 eum,
451 949 490 978 ut
510 945 750 987 provincialis
775 955 905 977 munus
930 944 1189 977 administrare
1208 945 1348 984 peryat.

202 1011 404 1065 Hoffaeus
428 1012 657 1065 Oeniponte
676 1013 748 1052 ⁶23.
773 1010 886 1051 Maii
910 1011 1023 1052 1569
1056 1010 1099 1052 S.
1135 1008 1365 1049 Francisco
1398 1006 1582 1060 Borqiae
1613 1005 1850 1059 praeposito

76 1078 268 1131 qenerali
298 1078 491 1132 scripsit:
527 1076 692 1128 „Binas
725 1077 865 1130 accepi
888 1090 913 1116 a
937 1075 985 1116 P.
1010 1075 1055 1116 V.
1080 1087 1261 1129 quarum
1291 1072 1459 1126 priores
1494 1074 1625 1125 ayunt
1659 1070 1711 1111 de
1742 1083 1850 1110 nouo

77 1141 215 1196 officio
246 1142 353 1183 milii
387 1143 589 1196 impositO,
618 1143 872 1196 posteriores
894 1155 987 1182 vero
1013 1140 1063 1181 de
1087 1139 1273 1180 admisso
1299 1137 1478 1191 Colleyio
1501 1136 1697 1177 Halensi.
1749 1135 1852 1176 Plus

78 1208 183 1248 satis
204 1221 267 1248 me
298 1208 373 1248 lzoc
394 1221 549 1248 nouum
574 1221 679 1248 onus
703 1207 958 1261 aliquandiu
982 1204 1278 1246 contristauit:
1310 1202 1383 1243 sed
1412 1215 1586 1255 sperare
1619 1215 1680 1242 me
1713 1204 1852 1241 tamen

75 1271 185 1325 facit
216 1273 327 1326 quod
358 1273 513 1314 vltimis
543 1273 679 1313 literis
713 1272 771 1312 ad
794 1271 842 1312 P.
867 1271 912 1312 V.
937 1270 1092 1324 scripsi
1124 1267 1294 1324 quando
1328 1266 1378 1307 de
1410 1265 1629 1307 mutandis
1658 1266 1853 1320 personis

79 1351 244 1391 ayerem
278 1343 313 1378 et
344 1338 470 1379 simul
498 1338 734 1378 indicarem
767 1337 873 1378 satis
904 1335 1161 1377 incommode
1194 1347 1256 1374 me
1288 1333 1385 1373 hinc
1419 1331 1632 1372 discedere
1662 1344 1784 1385 posse
1816 1331 1853 1371 si

79 1417 159 1458 quo
200 1417 300 1444 casu
342 1408 484 1445 noster
516 1403 812 1444 concionata-1
854 1416 937 1442 non
979 1405 1085 1442 recte
1127 1413 1169 1440 se
1199 1401 1383 1454 tqereret:
1424 1396 1690 1452 quamobrem
1726 1397 1853 1437 etiam

79 1469 217 1522 nostij
245 1469 409 1510 nildum
443 1470 581 1510 sciunt
614 1469 664 1509 cle
702 1468 782 1509 hac
814 1481 927 1508 noua
961 1480 1065 1507 cura
1099 1465 1210 1519 quod
1243 1476 1401 1518 sperem
1435 1463 1551 1502 illam
1584 1475 1851 1516 proqressum

77 1548 162 1575 non
195 1533 464 1575 habituram:
503 1538 537 1575 et
565 1538 739 1588 propter
769 1533 916 1574 Jesum
952 1532 1166 1573 Christum
1201 1534 1235 1570 et
1263 1529 1513 1583 prouinciae
1547 1528 1723 1568 salutem
1758 1540 1853 1580 roqo

79 1600 324 1653 suppliciter
355 1600 408 1641 R.
432 1599 480 1641 P.
505 1599 550 1640 V.
585 1603 710 1640 mutet
749 1599 938 1639 animum
983 1602 1018 1638 et
1049 1610 1133 1638 non
1166 1599 1284 1648 coqat
1315 1608 1377 1634 me
1411 1594 1469 1634 ad
1502 1606 1608 1633 onus
1640 1593 1714 1632 lzoc
1746 1591 1855 1646 quod

81 1664 186 1705 mihi
218 1669 254 1705 et
287 1666 457 1706 animae
488 1678 603 1705 meae
634 1665 767 1705 ruina
807 1663 1006 1717 futurum
1038 1662 1225 1713 ‘elidetuiy
1259 1660 1483 1713 multisque
1514 1671 1723 1698 summum
1756 1670 1854 1712 yra-

81 1743 253 1782 uamen,
301 1731 375 1785 quj
415 1734 636 1771 senserunt
679 1743 806 1784 quam
850 1730 1063 1770 molestum
1111 1731 1146 1768 et
1191 1724 1387 1767 acerbum
1433 1725 1485 1765 sit
1528 1722 1604 1764 sub
1650 1722 1723 1763 hoc
1766 1735 1855 1762 meo

80 1795 349 1836 Pharaonico
390 1796 565 1850 imperio
609 1795 780 1836 sudare.
853 1794 950 1834 Hac
990 1807 1062 1847 spe
1105 1791 1246 1845 fretus
1292 1804 1376 1831 non
1417 1789 1563 1830 videor
1597 1801 1719 1842 posse
1758 1801 1854 1841 pro-

84 1862 250 1902 uinciae
271 1861 440 1915 neyocia
465 1861 653 1915 ayqredj,
689 1860 800 1915 quod
824 1859 947 1900 etiam
973 1858 1024 1900 R.
1049 1858 1098 1899 P.
1127 1857 1298 1898 Canisio
1330 1855 1483 1909 scripsi
1511 1867 1682 1908 eumque
1707 1854 1858 1908 royauj

80 1931 120 1966 vt
141 1940 266 1981 usque
289 1926 349 1967 ad
371 1926 493 1966 aliud
518 1940 566 1966 ew
587 1926 683 1966 vrbe
706 1938 954 1979 responsum
976 1938 1018 1964 se
1039 1937 1122 1965 non
1142 1921 1365 1964 subtrahat
1389 1935 1412 1961 a
1436 1920 1688 1975 prouinciae
1706 1918 1849 1961 cura.“

82 2040 236 2077 1663.
313 2040 684 2078 GERWINUS
714 2038 1053 2077 CALENIUS
1081 2038 1333 2084 typographus
1359 2039 1396 2071 et
1420 2036 1615 2081 bibliopola
1641 2035 1856 2070 coloniensis

274 2095 474 2132 CANISIO.
779 2094 926 2129 Colonia
952 2094 1047 2128 inter
1072 2093 1213 2127 initium
1240 2092 1327 2126 Maii
1354 2093 1391 2126 et
1415 2090 1557 2124 initium
1586 2089 1678 2123 Iunii
1706 2089 1808 2123 1569.

203 2160 259 2195 Ex
286 2160 421 2195 Canisii
447 2160 682 2205 autographo.
718 2160 803 2195 cod.
823 2159 936 2194 colon.
960 2159 1070 2203 „Epp.
1089 2158 1132 2192 ad
1152 2157 1256 2192 Kess.
1276 2157 1312 2190 I“
1335 2157 1359 2190 f.
1379 2156 1459 2191 201.

203 2226 257 2259 De
283 2223 617 2269 „Autlioritatibus“
645 2225 870 2268 excudendis,
895 2225 1049 2267 pecunia
1070 2223 1306 2267 persolvenda
1332 2226 1391 2255 etc.

205 2292 405 2334 Canisius
446 2293 625 2346 Dilinya
668 2294 736 2333 18.
760 2292 880 2333 Iunii
913 2292 1028 2333 1569
1069 2291 1129 2331 ad
1170 2290 1219 2331 P.
1243 2288 1520 2331 Leonardum
1563 2286 1712 2329 Kessel
1744 2287 1787 2329 S.
1812 2286 1855 2328 J.

84 2358 243 2411 colleqii
274 2359 521 2399 coloniensis
554 2362 751 2399 rectorem
784 2359 844 2398 ita
876 2357 1047 2410 scripsit
1081 2355 1131 2397 de
1165 2355 1361 2396 Gerwino
1397 2353 1566 2395 Calenio
1599 2351 1857 2407 typoyrapho

85 2423 310 2464 coloniensi
350 2423 406 2474 (o.
450 2437 583 2477 supra
621 2438 663 2478 p.
699 2422 798 2475 70),
851 2423 924 2477 qui
968 2421 1286 2474 „Authoritates
1328 2420 1490 2460 Sacrae
1531 2418 1781 2472 Scripturae
1823 2421 1858 2458 et

85 2489 338 2531 Sanctorum
370 2487 576 2530 Pati-umf‘
614 2503 641 2529 a
675 2489 847 2529 Canisio
880 2489 925 2528 in
959 2487 1205 2528 catechismo
1238 2483 1436 2535 (Summa
1470 2484 1702 2524 Doctrinae
1733 2482 1857 2524 Cleri-

85 2554 272 2606 stianae)
305 2555 483 2596 breviter
520 2558 772 2595 memoratas
805 2558 840 2594 ct
873 2567 899 2593 a
933 2553 980 2594 P.
1006 2552 1130 2593 Petro
1157 2552 1325 2593 Busaeo
1348 2551 1392 2592 S.
1416 2550 1458 2591 J.
1495 2549 1551 2589 ad
1584 2549 1753 2590 verbum
1785 2562 1857 2589 ex—

83 2633 256 2674 pressas
288 2619 344 2667 (v.
369 2620 491 2673 infra
522 2634 561 2673 p.
587 2619 695 2671 323)
727 2619 837 2673 typis
869 2619 1042 2672 vulyare
1074 2617 1254 2659 volebat:
1291 2616 1471 2670 „Accepi
1503 2615 1800 2669 quaterniones
1832 2628 1857 2655 a

87 2685 147 2727 M.
174 2686 395 2727 Grerardoa
416 2686 564 2726 missos
588 2685 663 2738 bis,
697 2684 770 2725 lioc
798 2687 868 2736 est,
900 2684 1043 2737 prima
1077 2687 1111 2723 et
1133 2682 1257 2723 tertia
1290 2682 1394 2731 uice,
1427 2694 1528 2721 nam
1560 2679 1741 2721 secundo
1774 2681 1858 2721 loco

88 2751 236 2792 missos
278 2765 361 2792 non
407 2752 561 2804 accepi.
596 2784 603 2791 .
640 2784 647 2791 .
685 2783 692 2790 .
758 2749 888 2803 Spero
934 2753 1072 2788 autem
1116 2747 1253 2788 ‘isthuc
1297 2748 1381 2787 iam
1429 2746 1562 2787 allata
1607 2759 1706 2798 esse,
1751 2759 1859 2800 quae

90 2816 148 2857 M.
167 2817 388 2858 Gerardo²
421 2817 610 2871 querenti
632 2815 846 2868 respondi.
888 2813 1129 2855 Numerata
1151 2817 1209 2854 est
1231 2812 1279 2854 P.
1303 2811 1555 2853 Theodorico
1584 2810 1721 2864 fratri
1742 2810 1860 2852 meo2

209 2890 236 2921 a)
258 2890 448 2915 Scribenclum
467 2891 543 2922 fuit:
563 2888 724 2920 Gerwino;
746 2889 808 2913 vide
829 2896 901 2919 qliae
921 2888 973 2912 sub
994 2887 1076 2919 ipsas
1095 2887 1149 2911 lias
1169 2887 1286 2911 litteras
1305 2886 1449 2911 (licentur.

214 2988 223 3007 ¹
258 2987 297 3021 P.
326 2987 504 3020 Antonius
531 2985 714 3019 Kleselius
749 2984 784 3018 in
821 2983 903 3018 aula
929 2982 1145 3017 Ferdinandi
1171 2982 1214 3016 Π.
1248 2981 1451 3016 archiducis
1486 2981 1779 3021 contionabatur;
1816 2980 1859 3014 de

89 3051 161 3084 quo
186 3052 221 3074 v.
248 3051 357 3084 supra
383 3051 416 3084 p.
436 3040 503 3074 247
531 3039 612 3074 278.

210 3094 223 3114 ²
249 3093 391 3127 Rectori
418 3092 669 3127 universitatis
695 3091 909 3134 collegiique
936 3089 1120 3133 dilingani.

162 3157 478 3190 Braunsberger,
500 3156 611 3183 Canisii
631 3155 786 3190 Epistulae
807 3154 838 3180 et
858 3154 943 3181 Acta.
964 3154 1015 3180 VI.
1529 3149 1571 3183 21
