2044 3335
746 116 859 151 Roma
886 115 939 151 18.
958 115 1080 150 Martii
1099 114 1200 150 1570.
1772 111 1856 152 393

95 236 256 276 daemon,
291 246 336 268 ne
371 234 478 269 anxie
513 234 651 277 agatur,
688 232 790 276 quasi
826 232 1069 266 necessarium
1106 231 1154 265 sit
1188 241 1251 275 per
1287 228 1507 263 exorcismos
1542 226 1620 260 eiici
1648 225 1858 263 daemones;

94 288 273 322 nescimus
299 288 392 321 enim
419 297 547 321 causas
573 285 785 327 reconditas,
823 297 884 319 cur
910 284 999 319 uelit
1025 284 1211 318 obsessum
1238 282 1352 326 affligi
1378 280 1512 316 DEVs.
1532 299 1575 303 -—
1595 280 1616 314 6
1637 277 1698 322 [5].
1732 277 1858 321 Neque

94 345 214 376 tamen
240 341 270 375 si
295 340 355 374 ille
381 351 410 374 s.
437 340 529 374 alius
554 338 597 373 N.
624 340 828 382 occuparet,
861 349 889 372 s.
917 337 1061 377 rediret,
1094 336 1248 370 multum
1276 346 1405 380 operae
1430 346 1459 369 s.
1485 332 1658 378 temporis
1690 331 1724 365 in
1752 342 1794 364 ea
1819 341 1857 364 re

94 396 316 435 consumant,
350 393 413 427 sed
448 392 572 437 paucis
607 391 818 425 exorcismis
853 391 958 424 finem
985 389 1219 424 sollicitudini
1246 388 1392 429 faciant,
1428 390 1465 422 et
1495 387 1682 421 obsessum
1708 383 1858 418 Domino

94 446 355 487 commendent,
381 457 423 480 ac
449 444 672 489 benignitate
698 444 734 478 in
761 444 862 478 illum
889 446 1047 478 utantur.
1068 462 1111 466 -—-
1131 442 1174 476 12
1197 441 1281 486 [20].
1309 442 1345 476 Si
1372 441 1457 485 quid
1484 441 1543 474 det
1561 439 1722 479 daemon,
1749 448 1777 472 s.
1796 435 1858 471 ali-

94 511 165 544 qua
189 500 326 534 ratione
352 511 373 533 a
399 499 570 533 daemone
596 498 643 532 sit
669 498 880 542 profectum,
907 496 941 531 id
969 496 1199 531 comburatur
1224 495 1361 529 statim.
1390 513 1433 517 -—
1459 494 1494 528 2.
1524 492 1553 527 Ε
1579 491 1713 526 nostris
1738 489 1860 524 nullus

95 554 285 594 exorcizet,
311 552 381 587 nisi
407 551 570 586 consulto
597 553 633 585 et
658 550 902 595 approbantea
928 548 1158 583 Prouinciali.
1178 567 1222 571 —
1250 548 1282 582 3.
1303 548 1349 582 Jn
1368 545 1630 590 Energumenis
1656 543 1744 578 nihil
1770 545 1860 577 tem-

93 606 190 651 poris
216 608 379 651 ponatur,
414 606 483 639 nisi
518 604 554 639 in
590 615 712 638 eorum
748 602 1035 638 confessionibus
1060 600 1259 641 audiendis,
1296 602 1332 634 et
1367 599 1516 643 agendis
1551 597 1772 638 exorcismis,
1807 608 1860 630 re-

93 659 192 703 liqua
219 658 397 703 colloquia
422 659 584 692 uitentur
609 657 761 692 omnino.
791 676 833 680 —
865 657 894 691 1.
930 655 1009 690 Non
1035 654 1106 689 fuit
1131 654 1307 688 hactenus
1339 652 1552 687 exercitium
1578 650 1858 685 exorcismorum

93 713 266 747 usitatum
302 713 338 746 in
365 711 555 752 Societate,
590 722 706 755 neque
737 710 826 744 illud
852 720 1009 753 unquam
1039 708 1148 752 (quod
1174 706 1326 751 sciatur)
1355 706 1465 740 Pater
1491 705 1660 748 Jgnatius
1687 703 1859 744 exercuit,

92 777 208 810 neque
243 769 299 800 est
333 776 354 799 a
384 765 486 799 nobis
512 764 763 809 expetendum,
798 774 864 797 nec
898 762 965 796 nisi
1003 762 1038 796 in
1064 772 1196 804 magna
1221 759 1462 794 necessitateb
1487 757 1743 802 usurpandum.
1795 756 1862 790 Est

92 818 187 853 enim
212 821 374 853 nostrum
400 818 556 852 officium
591 819 627 851 et
652 816 793 851 uocatio
827 818 868 850 ut
893 816 937 849 ab
964 814 1094 849 animis
1125 814 1243 859 potius
1270 813 1460 847 daemones
1496 811 1681 846 eiiciamus
1706 820 1813 853 quam
1840 820 1861 843 a

93 873 300 917 corporibus
311 873 333 907 ¹.
348 891 392 895 -—
411 871 612 915 Appendix.
638 869 781 914 Duplex
808 872 863 903 est
888 869 980 903 ratio
1006 880 1077 912 qua
1096 869 1247 913 possunt
1265 867 1456 900 daemones
1475 864 1564 908 cogi,
1590 875 1662 898 una
1680 874 1701 897 a
1719 861 1861 896 Sanctis

92 925 295 959 hominibus
327 924 387 969 qui
413 923 494 957 DEI
520 923 690 968 peculiari
717 922 871 966 quadam
898 921 1117 956 reuelatione
1144 922 1180 954 et
1205 920 1342 954 uirtute
1369 919 1449 953 illos
1476 917 1627 961 adigunt
1651 927 1681 950 s.
1700 915 1744 950 ad
1770 915 1861 948 ueri-

92 980 204 1012 tatem
230 977 388 1022 aliquam
415 976 612 1016 dicendam,
639 987 667 1010 s.
687 976 731 1009 ad
758 975 994 1009 deserendum
1021 985 1101 1008 eum
1128 985 1236 1018 quem
1261 972 1428 1007 obsident
1454 974 1489 1006 et
1515 971 1661 1005 nexant.
1702 968 1748 1002 Et
1772 967 1861 1001 haec

92 1032 182 1065 ratio
209 1031 360 1065 aetionis
385 1030 444 1064 uel
471 1029 664 1064 coactionis
690 1040 760 1062 non
787 1031 843 1062 est
869 1040 889 1062 a
914 1028 1016 1062 nobis
1042 1027 1268 1072 usurpanda:
1308 1025 1500 1071 priuilegia
1526 1024 1620 1059 enim
1647 1022 1861 1056 Sanctorum

93 1084 331 1118 admiratione
358 1085 394 1117 et
419 1082 524 1117 laude
552 1082 660 1125 digna
686 1084 781 1123 sunt,
808 1093 878 1115 non
905 1080 1115 1122 imitatione,
1142 1092 1186 1114 ne
1204 1079 1433 1123 arrogantiae
1460 1080 1497 1112 et
1514 1076 1731 1111 temeritatis
1757 1073 1862 1117 argui

92 1137 282 1183 possimus,
318 1139 353 1170 et
379 1136 416 1170 in
442 1135 601 1181 pericula.
636 1137 672 1169 et
697 1135 884 1169 illusiones
910 1134 1121 1168 incidamus.
1173 1133 1255 1167 Alia
1290 1135 1346 1167 est
1371 1132 1464 1166 ratio
1492 1129 1644 1173 cogendi
1670 1129 1862 1163 daemones

91 1203 155 1236 per
172 1189 448 1225 Ecclesiasticos
466 1189 696 1229 exorcismos,
723 1200 830 1232 quam
858 1199 1026 1222 exercere
1051 1189 1203 1232 possunt
1221 1186 1433 1220 Exorcistae
1460 1187 1495 1219 et
1513 1183 1709 1229 superioris
1727 1180 1862 1215 ordinis

92 1243 223 1284 clerici,
249 1243 375 1277 utilius
400 1242 623 1287 presbyteri:
663 1242 699 1276 hi
725 1242 819 1275 enim
847 1253 892 1275 ex
918 1241 1141 1286 praescripto
1168 1239 1307 1285 probati
1335 1238 1525 1273 exorcismi
1553 1249 1573 1272 a
1599 1236 1683 1271 sede
1709 1236 1862 1279 Aposto-

90 1297 160 1332 lica
187 1308 295 1340 agere
321 1296 482 1331 debent.“

209 1351 291 1395 Ipse
326 1361 467 1394 quoque
504 1350 540 1383 S.
565 1349 653 1382 Pius
679 1350 715 1382 V.
743 1348 897 1383 Ursulae
935 1348 1125 1392 Fuggerae
1167 1347 1210 1382 de
1245 1347 1475 1381 obsessorum
1511 1355 1621 1380 causa
1657 1341 1860 1387 respondit;

91 1404 194 1439 cuius
220 1403 381 1448 responsi
407 1402 613 1448 exemplum
640 1401 833 1436 cardinalis
860 1401 945 1436 Otto
971 1400 1172 1436 Truchsess
1198 1400 1312 1435 Roma
1339 1400 1383 1434 ad
1410 1399 1599 1433 Albertum
1614 1397 1658 1431 V.
1686 1395 1862 1429 Bavariae

92 1457 217 1492 ducem
245 1456 337 1491 clam
364 1456 464 1490 misit
487 1457 521 1490 4.
540 1455 725 1489 Februarii
754 1455 857 1496 1570,
884 1458 924 1489 ut
950 1467 995 1488 ex
1022 1454 1099 1489 eius
1125 1454 1286 1488 *litteris
1313 1466 1354 1487 eo
1381 1453 1438 1487 die
1464 1453 1509 1487 ad
1536 1452 1663 1485 ducem
1691 1449 1785 1483 datis
1810 1447 1861 1481 in-

90 1511 276 1554 tellegitur
304 1509 478 1554 (autogr.;
507 1508 590 1543 Cod.
623 1508 847 1551 „Hochstift‘
878 1510 946 1542 etc.
975 1507 1030 1552 [ut
1054 1519 1164 1553 supra
1190 1519 1223 1552 p.
1243 1506 1342 1551 378⁴]
1370 1508 1394 1541 f.
1422 1507 1536 1549 2192).
1588 1504 1720 1538 Exstat
1745 1501 1862 1537 adhuc

90 1563 271 1598 Monachii
305 1563 341 1597 in
376 1562 524 1598 archivo
559 1562 662 1606 regni
697 1561 857 1596 bavarici
886 1561 1207 1605 (Personenselekt
1232 1561 1389 1604 Fugger,
1417 1560 1530 1594 Karte
1556 1557 1616 1601 91)
1655 1555 1861 1600 exemplum

92 1618 227 1660 (versio
253 1617 474 1661 germanica)
504 1616 626 1650 eodem
653 1618 815 1660 tempore
841 1616 1015 1660 scriptum
1043 1615 1149 1649 huius
1175 1614 1368 1660 *responsi
1394 1613 1584 1659 prudentia
1610 1612 1645 1645 et
1671 1608 1863 1645 clementia

89 1670 196 1716 pleni,
223 1682 292 1715 quo
320 1682 361 1705 ea
378 1681 547 1713 magnam
566 1672 705 1715 partem
725 1669 994 1711 confirmantur,
1021 1680 1113 1713 quae
1128 1668 1295 1703 Canisius
1312 1668 1437 1702 Ioanni
1464 1668 1500 1701 et
1514 1664 1667 1700 Ursulae
1685 1662 1862 1706 Fuggeris

90 1725 159 1759 iam
196 1727 280 1759 ante
315 1735 436 1758 eorum
471 1723 541 1757 iter
575 1734 761 1757 romanum
796 1723 1014 1768 persuadere
1049 1724 1199 1757 conatus
1226 1723 1312 1756 erat.
1364 1719 1563 1755 Brevitatis
1588 1721 1709 1752 tamen
1745 1715 1863 1759 gratia

89 1778 265 1823 scriptum
290 1777 380 1812 illud
397 1777 485 1811 mihi
512 1776 793 1811 contrahendum
812 1788 892 1811 esse
910 1776 1102 1821 putabam:
1122 1775 1292 1809 Pontifex
1308 1774 1478 1809 Ursulam
1497 1773 1701 1816 Fuggeram
1726 1769 1862 1810 laudat,

90 1831 184 1875 quod
203 1831 402 1866 Susannam
424 1831 443 1865 7
469 1830 541 1864 iam
568 1842 680 1864 annos
707 1841 728 1864 a
746 1830 978 1864 daemonibus
996 1832 1168 1863 vexatam
1196 1831 1272 1863 toto
1299 1840 1339 1863 eo
1365 1830 1527 1872 tempore
1552 1835 1685 1869 magna
1712 1822 1863 1857 caritate

90 1887 281 1929 prosecuta
299 1886 365 1923 est,
392 1884 485 1928 quod
504 1884 698 1918 Lauretum
726 1886 762 1917 et
780 1883 929 1917 Romam
956 1883 1186 1927 peregrinata
1214 1884 1279 1923 est,
1306 1881 1399 1926 quod
1427 1880 1507 1926 ipsa
1538 1878 1646 1922 „alles
1672 1877 1734 1911 der
1753 1875 1862 1919 gaist-

92 1937 211 1972 lichen
231 1937 427 1972 Obrikhait
452 1936 689 1981 haimgstellt,
716 1937 814 1970 vnnd
841 1936 918 1971 sich
946 1936 1134 1970 derselben
1160 1935 1375 1978 gehorsame
1394 1933 1656 1968 vnderworffen
1682 1930 1756 1971 hat,
1784 1928 1863 1963 Die-

91 1991 173 2025 weil
198 1991 284 2025 aber
310 2002 376 2035 gar
401 1990 617 2025 schwerlich
643 1990 898 2024 zuerkhennen
925 1990 983 2031 ist,
1018 2001 1124 2023 wann
1151 1988 1382 2033 dergleichen
1408 1988 1493 2022 b'ose
1521 1986 1657 2030 gaister
1693 1984 1748 2018 die
1775 1994 1864 2016 war-

90 2044 168 2078 hait
194 2056 373 2088 zuesagen
391 2044 601 2088 gedrungen
619 2044 763 2078 werden
785 2043 988 2087 (.demnach
1007 2043 1049 2077 Jr
1074 2042 1314 2086 aigenschafft
1339 2041 1388 2076 ist
1413 2052 1477 2075 zue
1503 2039 1649 2083 liegen.)
1679 2038 1724 2073 So
1750 2036 1864 2071 sollen

91 2098 147 2132 die
175 2097 366 2141 Jhenigen,
402 2109 440 2131 so
468 2097 524 2131 die
550 2096 782 2131 beschworen
808 2097 926 2138 wolln,
953 2096 1031 2131 sich
1057 2096 1126 2130 wol
1153 2095 1387 2130 bedenckhen
1414 2094 1487 2129 vnd
1514 2093 1696 2132 fiirsehen,
1729 2091 1793 2124 das
1820 2101 1864 2134 sy

90 2151 145 2185 nit
169 2151 354 2185 liederlich
381 2151 552 2194 betrogen
578 2151 733 2193 werden,
760 2150 827 2184 wie
855 2150 1073 2193 gmainelich
1094 2149 1213 2193 Pflegt
1238 2161 1302 2183 zue
1328 2147 1521 2184 bschehen.
1558 2146 1640 2181 Sich
1669 2143 1865 2179 derhalben

90 2205 223 2238 hueten
242 2216 306 2238 vor
323 2203 599 2247 vberfliissigem
627 2204 712 2237 oder
737 2204 968 2248 fiirwitzigen
994 2203 1134 2247 fragen.
1163 2230 1190 2238 ..
1206 2231 1212 2237 .
1240 2203 1346 2237 Vnnd
1365 2201 1546 2236 vermaint
1565 2201 1606 2234 Jr
1624 2195 1865 2243 Hayligkhait

92 2269 175 2292 man
201 2257 344 2291 mochte
372 2257 428 2291 die
455 2257 695 2291 Junckhfraw
730 2257 821 2291 noch
849 2257 907 2291 ain
944 2257 1029 2291 oder
1053 2268 1156 2301 zway
1182 2256 1254 2290 mal
1285 2255 1528 2295 beschworen,
1564 2253 1640 2287 auff
1662 2263 1742 2294 weg
1766 2249 1865 2284 vnnd

93 2309 191 2352 mass,
217 2311 285 2344 wie
310 2310 434 2345 solche
460 2310 769 2353 beschwerungen
794 2311 851 2356 bej
879 2310 942 2344 der
968 2310 1186 2345 Romischen
1212 2309 1369 2344 Kirchen
1398 2309 1457 2343 Jm
1484 2306 1626 2341 Prauch
1654 2305 1766 2345 seind,
1792 2302 1865 2337 vnd

93 2365 139 2399 Jn
165 2364 297 2415 allweg
332 2375 399 2408 gar
423 2364 524 2398 nicht
560 2364 636 2398 auff
668 2364 732 2398 das
767 2363 888 2406 seben,
924 2376 963 2399 so
1001 2364 1064 2398 der
1089 2363 1212 2398 Teuffl
1247 2363 1401 2407 gelogen
1427 2362 1501 2402 hat,
1538 2359 1630 2394 noch
1658 2357 1865 2393 demselben

212 2429 240 2460 a)
262 2429 400 2460 Sequitur
420 2427 588 2460 superiore,
608 2436 626 2452 α
646 2428 771 2454 librario
792 2429 882 2453 oblite.
956 2426 986 2459 b)
1006 2427 1158 2454 necessite
1178 2436 1225 2459 ap.

217 2525 227 2544 ¹
254 2525 432 2558 Polancus
456 2523 628 2558 mandatu
654 2523 808 2566 Borgiae
834 2524 948 2558 Roma
974 2524 1030 2558 22.
1049 2523 1259 2558 Decembris
1280 2523 1370 2557 1565
1397 2522 1441 2556 ad
1468 2521 1611 2565 collegii
1637 2519 1866 2555 bononiensis

94 2580 270 2612 rectorem
296 2577 462 2622 scripsit:
495 2576 654 2619 „Quanto
680 2577 715 2611 al
734 2577 927 2611 exorcizar'
944 2577 991 2621 gl'
1007 2576 1241 2621 indemoniatj
1267 2576 1374 2610 nonci
1400 2587 1486 2620 pare
1504 2577 1605 2610 tanto
1632 2574 1667 2609 al
1684 2572 1865 2620 proposito

94 2631 185 2666 farlo
211 2631 246 2664 in
272 2630 426 2676 publico,
462 2642 561 2665 come
587 2630 623 2664 in
648 2630 754 2674 luogo
780 2631 940 2669 retirato,
977 2641 1021 2664 ne
1048 2630 1080 2664 ci
1106 2630 1238 2664 fidamo
1264 2628 1343 2663 dele
1370 2628 1586 2663 exortationi
1610 2628 1681 2662 deli
1706 2627 1782 2668 tali,
1808 2625 1867 2660 ala

94 2684 283 2729 penitenza
318 2684 449 2729 perche
476 2696 560 2718 cosa
586 2684 702 2718 buona
728 2683 832 2718 nonsi
859 2683 905 2718 ha
932 2683 977 2717 da
1003 2694 1149 2728 sperare
1175 2683 1210 2716 di
1236 2682 1310 2716 tale
1337 2682 1570 2716 exhortatore
1604 2693 1645 2716 se
1670 2693 1740 2716 non
1766 2681 1866 2715 fusse

93 2750 157 2783 per
183 2738 369 2772 accidens“
401 2737 463 2781 (ex
489 2749 613 2783 apogr.
641 2738 752 2772 eiusd.
779 2739 909 2782 temp.;
937 2736 1019 2771 Ital.
1048 2737 1090 2771 67
1118 2737 1142 2770 f.
1165 2736 1278 2779 1072).
1321 2735 1366 2769 Et
1394 2736 1432 2770 P.
1453 2737 1696 2780 Hieronymus
1721 2735 1867 2769 Natalis

96 2791 129 2826 S.
149 2792 181 2826 J.
202 2791 362 2825 vicarius
389 2791 569 2834 generalis
596 2791 710 2825 Roma
735 2792 792 2825 25.
820 2790 978 2834 Augusti
1007 2791 1094 2825 1571
1124 2790 1337 2824 vicerectori
1364 2789 1507 2832 collegii
1534 2788 1747 2823 mutinensis
1777 2788 1866 2831 (Mo-

95 2846 200 2888 dena)
230 2844 423 2889 *scripsit:
455 2845 579 2887 „Circa
606 2845 657 2888 gli
684 2844 890 2879 essorcismi
992 2843 1036 2878 V.
1062 2843 1104 2878 R.
1132 2845 1239 2888 sapra
1269 2855 1369 2878 come
1395 2843 1438 2878 N.
1466 2843 1506 2878 P.
1534 2842 1710 2877 Gener-ale
1736 2842 1757 2876 l'
1774 2853 1866 2875 anno

94 2901 241 2944 passato
267 2898 398 2932 scrisse
434 2898 477 2932 ad
504 2910 552 2932 un
578 2897 805 2932 Prouinciale
840 2898 876 2931 in
903 2900 1032 2941 questa
1057 2898 1211 2931 materia
1246 2897 1312 2931 che
1339 2896 1360 2931 l'
1377 2896 1496 2931 officio
1532 2896 1626 2931 della
1652 2895 1867 2941 compagnia

95 2963 156 2986 era
182 2951 322 2986 cacciar
347 2950 377 2985 il'
391 2951 552 2985 demonio
570 2951 663 2986 delle
681 2951 809 2993 anime,
837 2951 902 2985 che
929 2953 949 2985 a
974 2950 1148 2985 cacciarlo
1168 2950 1223 2984 dei
1243 2950 1342 2995 corpi
1367 2962 1438 2984 non
1463 2949 1510 2984 ha
1528 2950 1580 2984 tal
1598 2949 1867 2990 consuetudine,

95 3008 131 3039 et
156 3006 185 3039 si
213 3016 253 3039 sa
286 3016 351 3049 per
377 3005 593 3049 esperienza,
630 3005 695 3040 che
730 3005 762 3038 si
788 3005 896 3049 perde
922 3004 984 3049 piu
1021 3003 1087 3038 che
1113 3004 1143 3038 si
1171 3003 1364 3048 guadagna
1400 3003 1437 3037 in
1463 3004 1650 3038 attendere
1681 3005 1702 3037 a
1728 3004 1868 3046 questo,

95 3061 212 3093 atteso
248 3057 273 3092 il
299 3058 464 3101 maggior
489 3058 600 3092 frutto
636 3058 702 3093 che
737 3058 767 3092 si
803 3060 872 3102 puo
905 3058 981 3092 fare
1017 3057 1053 3091 in
1088 3057 1171 3091 altri
1208 3057 1384 3102 essercitij
1413 3057 1506 3092 della
1533 3056 1772 3102 Compagnia“
1807 3055 1867 3099 (ex

95 3123 218 3157 apogr.
247 3111 358 3147 eiusd.
385 3113 512 3156 temp.;
542 3111 630 3156 Epp.
658 3112 701 3145 lt.
724 3111 920 3154 1569s71f.
940 3110 1055 3155 258‘2).
