2044 3335
213 110 314 144 1728.
341 109 380 143 Ρ.
399 108 533 142 Theod.
553 107 638 142 Can.
667 106 701 141 S.
720 106 913 141 Francisco
940 105 1105 149 Borgiae.
1151 104 1297 148 Dilinga
1325 104 1355 138 1.
1374 101 1558 137 Februarii
1588 102 1688 135 1571.
1754 104 1837 144 431

68 227 246 269 sedente
278 225 460 279 Iosepho
503 223 836 278 sapientissimo,
881 223 1001 265 cuius
1043 222 1182 264 uirtus
1224 224 1268 264 et
1300 220 1513 262 industria
1549 220 1593 261 in
1627 218 1838 260 communi

67 305 318 344 summaque
351 289 602 332 calamitate
625 289 894 343 depellenda,
929 286 1209 341 Reipublicae
1232 286 1292 327 sic
1325 285 1502 339 profuit,
1536 288 1583 327 ut
1607 298 1691 325 non
1713 283 1838 325 modo

68 357 304 399 fratrum
339 357 456 397 esset
478 354 765 404 Dominus1,
801 353 876 395 sed
909 355 954 395 et
986 351 1170 393 mundi
1202 351 1490 392 saluator2
1522 349 1690 404 publice
1723 348 1839 390 salu-

68 423 250 463 taretur.
315 421 542 462 Caeterum
575 421 623 461 ut
655 433 704 460 eo
738 419 851 460 unde
884 431 978 459 sum
1012 416 1234 469 digressus
1267 416 1456 465 redeam,
1491 412 1838 468 quandoquidem

69 500 148 539 ego
190 488 257 528 tot
298 485 383 527 iam
417 485 540 527 annis
573 498 657 526 una
695 498 791 525 cum
832 483 914 524 hac
947 481 1107 534 exigua
1140 479 1323 521 nominis
1356 479 1488 521 IESV
1523 479 1741 521 Societate
1774 478 1840 520 fa-

69 550 212 593 miliae
252 554 427 593 uestrae
467 548 668 598 insemio,
710 562 865 601 meque
901 561 998 589 cum
1031 546 1194 588 nostris
1227 545 1424 586 omnibus
1456 544 1518 585 illi
1560 543 1733 597 penitus
1765 543 1840 584 ob-

68 616 266 658 strictum
291 629 492 669 agnosco,
516 615 661 656 facere
684 628 768 655 non
790 612 911 667 potui
933 610 1230 653 Illustrissime
1253 609 1473 663 PrincepS,
1497 608 1599 662 quin
1622 609 1839 650 recentem

68 681 178 723 hanc
221 681 363 735 operis
405 680 636 723 editionem
678 679 757 721 tali
789 680 1001 730 tantoque
1034 677 1224 718 Patrono
1264 687 1573 728 nuncuparem,
1617 687 1667 714 ac
1699 686 1840 714 meam

67 745 110 787 in
142 745 263 787 illum
296 744 617 787 obseruantiam
650 744 731 786 hoc
764 743 1050 797 qualicunque
1083 740 1332 783 testimonio
1365 738 1535 793 publice
1559 737 1840 780 declararem.

69 811 228 852 Precor
258 811 392 864 igitur
421 810 552 852 etiam
576 812 707 862 atque
731 809 875 858 etiam,
909 810 958 849 ut
981 805 1340 860 quemadmodum
1365 806 1496 846 antea
1519 817 1626 857 opus
1649 802 1841 844 Christo-

68 876 190 929 phori
225 876 358 929 Clauij
392 875 530 917 nostri
563 873 916 917 mathematicum
950 871 1076 914 hilari
1110 871 1255 912 fronte
1289 869 1500 923 excepisti
1513 869 1541 917 3,
1585 867 1646 909 sic
1684 867 1841 909 librum

69 942 181 982 hunc
222 941 575 990 Catechisticum,
622 953 749 992 quem
791 941 1044 980 reuerenter
1085 937 1139 978 ad
1180 938 1224 977 te
1266 935 1411 984 mitto,
1455 933 1605 976 eadem
1648 932 1841 986 excipias

70 1006 354 1056 humanitate,
388 1009 432 1048 et
464 1007 636 1047 nostros
670 1004 840 1045 demum
863 1002 942 1046 tibi
965 1001 1243 1054 familiaeque
1276 1004 1379 1043 tuae
1402 999 1631 1041 uniuersae
1664 1012 1741 1052 pro
1764 999 1840 1039 tua

69 1071 112 1112 in
153 1085 235 1126 nos·
272 1084 439 1112 summa
479 1068 784 1112 beneuolentia
824 1070 1036 1123 perpetuo
1080 1065 1405 1108 commendatos
1454 1067 1496 1106 et
1545 1063 1698 1105 charos
1746 1076 1842 1104 esse

69 1136 199 1179 sinas,
265 1135 472 1177 Dominus
505 1135 668 1177 IESVS
701 1137 745 1177 te
778 1134 1049 1184 incolumem,
1085 1132 1256 1174 domum
1290 1133 1482 1172 uestram
1515 1130 1702 1178 beatam,
1741 1128 1842 1169 reli-

70 1201 240 1254 gionem
274 1215 377 1243 uero
410 1200 676 1243 Catholicam
718 1200 761 1241 in
796 1199 986 1241 Bauaria
1028 1200 1192 1240 sartam
1235 1200 1367 1249 atque
1406 1199 1568 1238 tectam
1602 1193 1842 1236 diutissime

71 1269 311 1310 conseruet.
385 1266 587 1319 Dilingae
621 1266 692 1308 VI.
737 1265 950 1307 Calendas
998 1262 1245 1316 Februarij,
1300 1262 1426 1303 Anno
1479 1263 1578 1316 post
1626 1259 1841 1302 Christum

71 1335 222 1374 natum
254 1332 549 1377 MDLXXIR*

73 1499 225 1537 1728.
325 1500 364 1534 Ρ.
401 1498 739 1534 THEODORICUS
777 1497 994 1532 CANISIUS
1030 1497 1064 1532 S.
1093 1497 1124 1531 J.
1162 1495 1303 1539 collegii
1343 1495 1518 1539 dilingani
1552 1496 1670 1529 rector
1705 1505 1769 1527 suo
1808 1496 1844 1526 et

265 1554 362 1588 Petri
406 1553 540 1588 Cauisii
591 1553 731 1586 nomine
775 1549 1042 1587 SANCTO
1087 1547 1478 1585 FRANCISOO
1523 1544 1842 1582 BORGIAE

262 1608 466 1652 praeposito
492 1607 652 1651 generali
680 1605 871 1640 Societatis
898 1605 988 1639 Iesu.
1262 1602 1409 1645 Dilinga
1438 1603 1467 1636 1.
1488 1601 1672 1635 Februarii
1693 1600 1795 1635 1571.

192 1679 247 1712 Ex
273 1678 497 1723 autographo
528 1678 598 1722 (20;
627 1677 694 1720 2¹s2
715 1689 792 1722 pp.;
821 1677 856 1710 in
884 1688 916 1721 p.
935 1676 957 1710 4
984 1676 1090 1709 inscr.
1118 1676 1154 1709 et
1180 1685 1263 1720 pars
1290 1673 1388 1717 sign).
1427 1672 1468 1707 G.
1498 1673 1561 1717 Ep.
1590 1671 1703 1706 coll.I
1730 1671 1754 1704 f.
1775 1670 1843 1704 259

73 1733 153 1767 260.
196 1732 362 1777 Epistula
388 1744 475 1766 usus
502 1734 558 1766 est
583 1733 726 1775 Kroess,
755 1730 840 1765 Can.
864 1730 939 1764 193.

191 1805 366 1847 Hoffaeus
389 1804 622 1847 provincialis
654 1804 790 1844 fratres
817 1803 952 1846 aliquot
986 1801 1115 1834 studiis
1140 1800 1361 1843 Zonyioribus
1388 1801 1506 1831 ›niun-5
1540 1798 1683 1831 ‘idoneos
1709 1796 1845 1829 Halani

75 1859 180 1902 misit,
209 1862 245 1890 nt
265 1858 474 1901 provinciae
497 1857 740 1890 sacerdotibus
766 1858 876 1899 eyenti
903 1856 998 1888 brevi
1022 1858 1246 1888 succurreret
1273 1858 1334 1886 etc.
1373 1854 1487 1894 Quam
1512 1863 1586 1884 rem
1605 1850 1745 1884 Canisii
1770 1860 1846 1882 cen-

73 1915 148 1945 sent
169 1916 379 1955 perpetuam
398 1922 466 1944 non
486 1922 556 1944 esse
573 1911 715 1951 debere;
743 1921 825 1943 nam
846 1911 953 1942 nimis
968 1912 1159 1952 ῃναυαΐηηι
1188 1908 1238 1940 iri
1250 1908 1489 1950 proc-inciam,
1517 1909 1547 1938 et
1573 1905 1711 1937 iuvenes
1729 1903 1846 1935 minus

74 1966 184 1999 solide
209 1966 409 1998 institutum
427 1966 488 1998 iri.
527 1965 763 1998 Stcctuendum
783 1974 918 2007 quoqne
936 1974 1016 2006 esse,
1045 1962 1104 1995 ubi
1123 1972 1240 1995 omnes
1257 1961 1459 1993 scholastici
1477 1959 1693 1991 rhetoricam
1719 1957 1847 1989 audire

76 2019 231 2061 debeant,
256 2019 318 2052 ubi
336 2019 600 2062 philosophiam
628 2022 686 2052 etc.

196 2097 223 2125 a)
244 2094 327 2121 M.D.
341 2094 465 2119 LXXVI
486 2095 640 2126 „Snmmcffl
662 2094 796 2119 Coloniae
818 2095 887 2118 1577
907 2093 996 2123 edita,
1015 2093 1037 2123 f.
1058 2094 1083 2116 A
1100 2093 1169 2121 HG,-
1192 2091 1220 2115 it?
1240 2090 1314 2122 quot?
1336 2098 1392 2114 non
1413 2089 1532 2114 Canisio
1552 2091 1678 2117 auctore,
1697 2087 1748 2111 secl
1768 2090 1847 2118 typo-

74 2137 182 2169 graphi
203 2145 303 2162 errore
320 2137 449 2168 positum
470 2144 529 2162 esse
545 2140 627 2168 puto.

201 2298 208 2316 ¹
238 2296 293 2331 Gn
319 2296 374 2337 27,
402 2295 466 2336 293
494 2295 538 2329 cf.
567 2294 623 2329 Gn
648 2294 705 2335 44,
733 2294 752 2327 7
783 2294 823 2328 16
852 2295 920 2327 etc.

197 2350 209 2370 ²
237 2349 293 2384 Gn
318 2349 374 2386 41.
401 2350 458 2383 45.

199 2405 212 2423 ³
239 2402 518 2447 Christophorus
546 2401 694 2435 Clavius
725 2400 804 2434 sive
831 2399 930 2439 Clau,
967 2398 1193 2441 Bambergae
1220 2408 1251 2431 a.
1274 2396 1364 2430 1538
1391 2397 1509 2435 natus,
1545 2394 1679 2427 Romae
1707 2404 1736 2426 a.
1759 2391 1848 2426 1555

78 2457 295 2492 Societatem
322 2457 518 2499 ingressus,
554 2455 696 2494 ibidem,
730 2465 809 2487 cum
836 2453 881 2487 20
909 2463 1020 2486 annos
1047 2450 1340 2485 mathematicam
1369 2448 1559 2488 docuisset,
1587 2459 1618 2481 a.
1641 2446 1731 2480 1612
1758 2456 1852 2478 mor-

80 2514 177 2550 tuus,
208 2509 319 2553 „alter
346 2508 533 2543 Euclides“
566 2513 602 2542 et
627 2518 719 2541 unus
756 2518 801 2540 ex
826 2505 1029 2550 praecipuis
1057 2504 1252 2539 calendarii
1288 2503 1354 2537 sub
1382 2501 1556 2545 Gregorio
1582 2500 1678 2534 XIlI.
1706 2499 1850 2533 restitu-

79 2564 218 2598 toribus
243 2563 473 2606 restitutique
500 2560 693 2596 calendarii
721 2559 981 2600 defensoribus,
1008 2558 1163 2603 primum
1189 2569 1234 2591 ex
1260 2556 1384 2590 multis
1411 2555 1494 2595 illis,
1522 2565 1613 2598 quae
1640 2552 1851 2597 composuit,

81 2617 258 2663 operibus,
294 2616 386 2661 quod
420 2617 498 2649 erat
527 2615 587 2657 „In
615 2614 811 2659 Sphaeram
838 2611 981 2646 Ioannis
1017 2611 1059 2645 de
1087 2611 1194 2645 Sacro
1221 2610 1336 2644 Bosco
1363 2607 1683 2647 Commentarius‘⁴,
1719 2605 1853 2639 Romae

81 2684 113 2707 a.
142 2671 233 2705 1570
271 2671 364 2715 apud
391 2669 589 2703 Victorium
629 2667 820 2702 Helianum
859 2665 1013 2711 primum
1053 2664 1188 2698 editum
1217 2663 1501 2707 (Sommervoyei,
1540 2660 1631 2695 Bibl.
1660 2659 1692 2693 lI
1733 2659 1851 2702 1212),

83 2725 274 2759 Guilielmo
292 2723 484 2758 dedicavit.
521 2722 587 2764 Qui
615 2733 694 2756 cum
723 2733 754 2755 a.
771 2720 860 2755 1581
890 2719 1040 2753 eundem
1068 2718 1197 2752 librum
1226 2728 1245 2751 a
1272 2728 1310 2751 se
1336 2715 1560 2759 recognitum
1580 2714 1714 2748 Romae
1742 2712 1852 2757 (apud

82 2779 307 2814 Dominicum
326 2778 472 2820 Basam)
502 2776 617 2810 denuo
645 2775 776 2815 ederet,
804 2784 918 2807 novas
945 2772 987 2806 ad
1016 2772 1166 2806 eundem
1187 2769 1420 2805 Guilielmum
1446 2768 1588 2802 litteras
1614 2767 1853 2801 dedicatorias

82 2833 195 2867 Roma
223 2831 278 2866 18.
305 2829 526 2876 Septembris
555 2829 643 2864 1581
672 2828 789 2868 dedit;
826 2828 861 2861 in
898 2826 1028 2870 quibus
1063 2825 1133 2859 ait:
1170 2823 1213 2858 Se
1245 2835 1311 2866 „ex
1336 2822 1446 2857 certis
1473 2821 1691 2856 Auctoribus
1725 2831 1852 2864 cogno-

83 2886 214 2927 visse“‚
242 2884 517 2919 commentarios
547 2883 647 2926 „illos
674 2882 869 2916 etiamnum
896 2879 1094 2919 inchoatos,
1130 2889 1171 2912 ac
1197 2877 1314 2919 rudes,
1341 2878 1465 2920 gratos
1491 2877 1591 2909 tanto
1618 2875 1706 2916 viro,
1733 2885 1775 2908 ac
1801 2873 1854 2907 iu-

84 2940 218 2974 cundos
245 2937 455 2972 accidisse“.
506 2937 644 2981 Itaque,
685 2935 765 2980 „qui
793 2945 918 2968 recens
944 2933 1019 2967 nati
1046 2931 1137 2966 Duci
1162 2934 1248 2965 nato
1274 2929 1384 2964 dicati
1409 2931 1504 2971 sunt,
1539 2928 1648 2974 ijdem
1675 2927 1782 2968 aucti,
1819 2931 1855 2961 et

83 2991 311 3038 locupletati,
350 2991 464 3025 eidem
504 2990 630 3035 opibus
668 2991 790 3028 aucto,
830 2989 866 3022 et
903 2985 1094 3032 potestatis
1132 2984 1333 3028 insignibus
1371 2983 1538 3017 decorato
1577 2982 1851 3016 consecrantur“

87 3047 354 3091 (christophori
383 3045 500 3078 Cluvii
536 3044 575 3077 In
615 3042 809 3088 Sphaeram
848 3040 990 3075 Ioannis
1027 3039 1068 3073 de
1108 3038 1216 3073 Sacro
1251 3038 1365 3072 Bosco
1404 3035 1702 3071 Commentarius.
1752 3035 1855 3069 Nunc

86 3100 210 3145 quinto
237 3099 281 3134 ab
307 3099 384 3143 ipso
411 3097 567 3132 Auctore
594 3096 661 3131 hoc
687 3108 779 3130 anno
811 3095 910 3129 1606.
938 3092 1155 3137 recognitus,
1183 3091 1316 3126 Romae
1345 3091 1446 3132 1606,
1473 3090 1497 3124 f.
1517 3089 1619 3133 †2¹³).
