2044 3335
666 108 866 153 Oeniponte
895 109 923 142 1.
943 107 1099 151 Augusti
1128 107 1229 141 1571.
1744 106 1828 146 453

67 228 376 282 Euangelicam
410 230 479 269 tot
510 226 649 268 modis
682 226 975 280 deprauantes
1007 225 1172 272 inueni,
1216 226 1265 266 vt
1307 237 1381 266 eas
1414 222 1585 276 quidem
1620 221 1831 264 stultitias

67 309 151 336 non
192 293 405 348 potuerim
449 306 534 333 non
576 291 768 333 breuiter
809 293 1043 339 annotare,
1089 293 1134 332 et
1179 289 1374 331 adhibita
1419 287 1605 341 quadam
1648 300 1832 329 censura

66 358 218 401 lectori
258 371 518 412 proponere,
562 360 611 399 vt
652 356 715 398 ita
757 356 927 397 demum
969 357 1148 408 possent
1190 367 1338 395 omnes
1383 353 1435 395 de
1478 353 1662 395 istorum
1707 350 1832 393 malis

68 423 235 466 artibus
268 426 312 465 et
344 422 604 476 corruptelis
636 420 916 474 Euangelicis
949 419 1111 461 certius
1143 418 1370 461 iudicarest.
1399 417 1708 467 *Quamobrem
1740 416 1832 458 fac-

65 491 136 530 tus
169 490 237 530 est
267 487 335 529 hic
368 487 477 528 liber
509 486 732 540 aliquanto
766 485 916 534 maior,
951 498 1080 537 quam
1113 483 1207 524 fore
1239 482 1362 525 initio
1395 483 1670 536 putabamus,
1703 495 1833 536 prop-

66 556 189 595 terea
222 552 334 605 quod
367 555 544 606 praeter
577 553 809 604 excerptas
841 549 976 603 varijs
1019 562 1042 590 e
1075 547 1360 601 scriptoribus
1392 547 1516 589 nouis
1550 547 1833 601 corruptelaS,

68 632 179 671 quae
211 617 556 671 praetereundae
587 631 673 658 non
706 616 981 663 videbantur,
1025 613 1273 666 argumenti
1306 612 1517 667 propositi
1551 612 1719 654 occasio
1751 611 1835 653 huc

67 698 146 725 nos
178 682 400 732 inuitaret,
435 682 645 736 quasique
668 680 957 736 pertraheret,
991 681 1041 720 vt
1073 677 1310 720 identidem
1344 677 1440 719 loca
1473 691 1495 718 e
1528 677 1663 719 sacris
1696 676 1835 719 literis

69 751 258 801 cognata
288 747 662 796 intersereremus,
706 748 750 788 et
790 745 856 786 his
898 756 1059 797 graues
1091 746 1351 785 nouatorum
1386 756 1557 784 errores
1601 756 1652 784 ac
1684 741 1836 783 foedas

69 813 403 867 deprauationes
437 813 582 865 aliqua
615 826 671 853 ex
702 813 828 865 parte
861 822 1211 862 coargueremus.
1258 808 1418 850 Fateor
1451 807 1648 860 equidem
1679 806 1722 847 in
1754 807 1837 848 hoc

67 881 157 921 tam
192 879 281 920 lato
316 878 560 931 argumenti
584 890 756 930 genere,
793 875 905 928 quod
928 874 1073 916 nescio
1107 887 1162 915 an
1186 873 1412 926 quisquam
1446 875 1577 915 antea
1610 871 1836 913 scribendo

69 943 126 985 sit
158 945 460 997 persequutus,
494 942 703 984 nonnulla
737 939 1019 990 contractius,
1055 938 1141 981 alia
1174 937 1389 992 copiosius
1423 952 1448 979 a
1471 937 1594 979 nobis
1618 936 1839 990 explicata

69 1008 207 1050 videri
238 1022 387 1062 posse:
430 1007 506 1049 sed
539 1006 741 1060 quoniam
785 1006 836 1047 de
880 1004 1139 1058 corruptelis
1171 1003 1294 1045 verbi
1326 1003 1419 1053 Dei,
1465 1006 1508 1045 et
1549 1017 1634 1044 non
1676 1002 1728 1044 de
1769 1002 1838 1043 Io-

69 1088 181 1116 anne
212 1076 385 1116 tantum
417 1073 541 1114 nobis
573 1071 845 1126 propositum
878 1072 975 1112 erat
1007 1070 1210 1119 scribere,
1258 1069 1592 1122 haudquaquam
1627 1068 1680 1109 ab
1712 1066 1838 1109 insti-

69 1142 165 1182 tuto
199 1140 350 1180 nostro
384 1138 571 1180 alienum
605 1136 868 1191 putauimus,
913 1135 947 1177 si
989 1149 1081 1176 rem
1114 1134 1249 1187 varijs
1292 1148 1314 1176 e
1356 1134 1673 1188 scripturarum
1715 1132 1837 1175 testi-

69 1204 225 1258 monijs
267 1203 505 1245 auctiorem
538 1202 832 1252 redderemus,
875 1204 919 1243 et
961 1203 1090 1255 prout
1131 1213 1227 1242 sese
1270 1200 1396 1242 daret
1428 1199 1614 1248 occasio,
1659 1199 1711 1240 de
1745 1212 1839 1239 cor-

70 1269 253 1324 ruptelis
297 1268 586 1311 incidentibus
630 1267 715 1309 iam
757 1266 951 1316 breuius,
996 1266 1082 1308 iam
1128 1265 1266 1307 fusius
1309 1264 1633 1307 dissereremus.
1698 1263 1839 1306 Tanto

72 1338 217 1377 autem
261 1335 402 1376 minus
447 1347 606 1388 operae
650 1332 777 1374 huius
825 1346 903 1374 nos
951 1331 1166 1385 poenitet,
1218 1330 1332 1384 quod
1380 1344 1603 1384 speremus
1652 1329 1840 1382 aliquem

71 1415 195 1442 vsum
238 1403 283 1442 et
314 1400 502 1442 fructum
535 1398 662 1440 indeb
695 1401 1044 1447 consecuturum,
1088 1395 1247 1450 partim
1292 1396 1347 1438 ad
1387 1410 1542 1450 purum
1576 1397 1727 1449 putum
1761 1393 1841 1435 Dei

72 1466 274 1508 verbum⁰
307 1465 468 1507 rectius
502 1463 801 1518 accipiendum
836 1466 880 1504 et
914 1463 1090 1504 meliore
1122 1462 1206 1503 fide
1239 1461 1517 1504 tractandum
1550 1460 1594 1502 in
1626 1459 1839 1509 Ecclesia,

71 1531 232 1586 partim
265 1530 320 1573 ad
350 1529 601 1572 sathanicas
633 1529 814 1571 istorum
839 1528 1023 1570 technas
1046 1527 1294 1569 accuratius
1317 1526 1576 1569 deuitandas
1609 1529 1653 1568 et
1685 1525 1842 1567 fortius

72 1596 365 1646 debellandas,
400 1595 473 1649 qui
505 1609 582 1649 pro
606 1594 762 1636 diuinis
796 1593 980 1647 eloquijs
1012 1607 1114 1635 suas
1146 1592 1336 1646 ipsorum
1362 1591 1651 1645 cogitationes
1684 1588 1842 1643 atqued

72 1661 240 1704 somnia
272 1660 434 1715 passim
469 1661 700 1703 venditant
731 1659 957 1714 imperitis.
1023 1659 1067 1701 Si
1105 1658 1218 1700 enim
1261 1657 1447 1700 antehac
1481 1670 1686 1710 vnquam,
1728 1669 1842 1697 nunc

72 1727 143 1769 vel
175 1726 365 1769 maxime
398 1726 596 1768 videmus
630 1727 847 1774 effectum,
891 1724 1004 1777 quod
1037 1723 1277 1778 Apostolus
1311 1723 1472 1765 Paulus
1514 1723 1557 1763 in
1598 1722 1706 1763 haec
1747 1721 1842 1775 ipsa

69 1793 219 1847 procul
253 1792 381 1834 dubio
412 1794 613 1845 tempora
646 1790 927 1845 prospiciens,
970 1789 1086 1831 haud
1127 1789 1220 1831 sine
1261 1788 1516 1843 prophetico
1559 1787 1728 1841 spiritu,
1772 1786 1841 1827 fu-

71 1861 216 1901 turum
256 1857 321 1899 ita
361 1857 601 1911 praedixit:
646 1856 808 1898 ERIT
851 1858 1091 1909 tempus,
1138 1869 1252 1896 cum
1295 1868 1483 1895 sanam
1527 1851 1841 1895 doctrinam

73 1937 169 1965 non
203 1922 560 1964 sustinebunt:
596 1924 650 1965 et
682 1936 707 1964 a
742 1921 995 1963 veritate
1029 1919 1246 1973 quidem
1281 1919 1528 1961 auditum
1563 1918 1841 1965 auertent,

73 1989 136 2031 ad
178 1988 402 2030 fabulas
444 1991 624 2030 autem
668 1987 1122 2029 conuertenturl.
1185 1985 1299 2027 Nam
1344 1998 1448 2026 vere
1489 1984 1760 2026 fabulosume
1793 1995 1844 2023 ac

70 2054 276 2096 friuolum
316 2053 563 2095 habendum
606 2057 686 2103 est,
734 2051 938 2106 quicquid
982 2051 1096 2093 vafri
1137 2050 1334 2092 homines
1372 2049 1623 2102 veterisque
1665 2046 1843 2102 pietatis

71 2121 221 2162 hostes
266 2119 321 2161 ad
365 2119 725 2173 corrumpendam
770 2118 942 2160 diuinae
984 2116 1186 2159 veritatis
1229 2115 1542 2170 synceritatem
1588 2113 1842 2162 admiscent,

74 2184 277 2239 quicquid
318 2198 396 2238 pro
438 2198 515 2226 suo
549 2184 721 2239 priuato
755 2198 898 2233 sensu,
943 2182 997 2224 ad
1031 2195 1301 2223 communem
1336 2180 1560 2223 Ecclesiae
1592 2193 1767 2221 sensum
1800 2180 1845 2219 et

74 2264 331 2293 consensum
385 2250 643 2291 eludendum
698 2249 971 2302 excogitant,
1027 2247 1229 2301 quicquid
1282 2259 1494 2288 nouorum
1547 2245 1845 2296 falsorumque

74 2317 326 2370 dogmatum
360 2315 571 2357 inuehunt
604 2329 654 2357 ac
687 2317 923 2369 praetextu
958 2312 1079 2355 verbi
1103 2313 1411 2354 commendant
1433 2314 1568 2364 atque
1592 2309 1842 2352 defendunt.

74 2383 134 2425 Vt
165 2381 264 2424 hinc
296 2381 451 2423 merito
484 2380 570 2422 illis
604 2383 737 2433 queat
770 2378 959 2434 opponis,
994 2378 1108 2432 quod
1142 2378 1243 2419 olim
1273 2377 1495 2431 Propheta
1531 2375 1643 2417 dixit
1675 2374 1843 2427 regius:

77 2448 468 2490 Narrauerunt
512 2446 642 2487 mihi
686 2445 865 2498 iniqui
909 2443 1323 2493 fabulationes,
1371 2442 1464 2484 sed
1510 2455 1613 2483 non
1654 2443 1711 2482 vt
1755 2440 1846 2481 lex

72 2516 179 2556 tua.
255 2513 314 2555 Et
353 2512 481 2553 illud:
531 2512 763 2565 Tempus
816 2509 1067 2552 faciendi
1117 2508 1369 2556 Domine3
1417 2507 1846 2560 dissipauerunt

74 2579 251 2631 legem
299 2580 470 2628 tuam,
521 2576 721 2630 quodque
768 2575 812 2617 in
860 2574 1011 2617 eodem
1059 2574 1226 2628 psalmo
1280 2573 1394 2614 idem
1441 2572 1513 2614 ille
1562 2571 1700 2614 canit:
1751 2570 1846 2611 Re-

75 2644 356 2699 spondebo
411 2641 889 2696 exprobrantibus
948 2639 1078 2680 mihi
1130 2638 1403 2681 verbum2.
1476 2637 1664 2679 Verumg
1716 2635 1845 2690 paulo

194 2728 221 2754 a)
243 2730 371 2750 censura
391 2729 583 2748 commonere
604 2722 771 2750 Lectorem,
792 2728 829 2746 ne
850 2719 938 2746 malis
958 2720 1089 2745 istorum
1109 2717 1227 2744 artibus
1248 2718 1279 2743 et
1299 2717 1483 2750 corruptelis
1504 2716 1695 2749 Euangelicis
1715 2715 1773 2741 sibi
1794 2722 1846 2748 pa-

75 2767 174 2792 tiatur
187 2765 273 2791 illudi
288 2768 304 2790 3
319 2768 343 2790 4.
401 2765 431 2796 b)
446 2764 594 2797 poenitet,
610 2763 724 2796 quanto
741 2763 837 2794 magis
852 2761 1032 2787 confidimus
1043 2767 1133 2786 vsum
1148 2759 1218 2785 indo
1231 2760 1262 2785 et
1277 2759 1409 2785 fructum
1425 2759 1557 2792 aliquem
1571 2761 1587 2784 3
1597 2761 1621 2784 4.
1679 2760 1705 2789 c)
1720 2757 1807 2783 verbi
1823 2760 1845 2782 1.

76 2809 106 2840 d)
122 2807 325 2840 cogitationes
340 2813 483 2839 maraque
498 2808 514 2831 3
528 2808 552 2831 4.
621 2807 648 2835 e)
663 2807 698 2830 In
712 2807 728 2830 3
743 2807 758 2830 4
772 2805 905 2836 seqnitur
918 2802 1170 2829 commentitium.
1232 2801 1260 2831 f)
1275 2801 1453 2833 dogmatum
1467 2800 1554 2826 verbi
1569 2799 1670 2826 Diuini
1685 2799 1847 2833 praetextu

74 2849 106 2875 et
125 2849 259 2881 tegmine
280 2847 535 2875 commendatum,
555 2846 647 2872 iudici
657 2846 769 2879 populo
787 2845 940 2873 dictitant,
961 2843 1138 2877 scriptitant
1158 2844 1188 2869 et
1202 2842 1365 2869 inculcant.
1396 2842 1437 2867 Vt
1451 2841 1520 2867 hinc
1535 2842 1644 2868 merito
1661 2841 1721 2867 illis
1737 2840 1847 2867 Ortho-

77 2891 175 2917 doxus
196 2889 332 2923 opponat
350 2892 366 2915 3
380 2892 404 2915 4.
479 2890 509 2921 g)
533 2890 662 2921 Quinque
684 2897 726 2913 vv.
740 2896 798 2920 sqq.
820 2895 876 2912 non
895 2890 964 2912 sunt
986 2888 1015 2911 in
1034 2888 1050 2911 3
1065 2888 1088 2910 1'.

200 2999 209 3018 1
317 2996 323 3003 .

197 3051 210 3071 ²
235 2997 469 3092 38T31874⁵853
491 2997 557 3084 ΐ26
584 3050 640 3084 42,
692 3049 803 3083 Recte
835 3049 1001 3082 Canisius
1039 3048 1164 3091 postea
1203 3058 1265 3091 pro
1304 3045 1424 3080 verbis
1463 3045 1665 3090 „Propheta
1703 3044 1845 3088 regius“

76 3104 197 3149 posuit
227 3103 498 3146 „Orthodoxus“
531 3103 582 3146 (v.
609 3114 738 3148 supra,
775 3102 855 3136 adn.
882 3101 934 3144 f);
971 3111 1088 3144 neque
1124 3100 1216 3133 enim
1254 3099 1337 3134 huic
1371 3099 1510 3144 psalmo
1545 3109 1673 3132 nomen
1700 3097 1849 3132 Davidis
