2044 3335
164 86 249 126 224
537 83 637 118 1594.
665 83 815 117 Ioannes
841 83 1057 118 Franciscus
1083 84 1368 119 Commendonus
1396 84 1549 120 Canisio.

163 203 271 244 bene
305 216 331 244 a
362 215 430 243 me
463 215 549 242 non
581 214 686 242 sono
719 204 834 251 note,
869 201 926 242 mi
960 215 1013 242 vo
1046 216 1150 255 pero
1171 202 1449 256 imaginando
1473 203 1550 244 che
1573 202 1708 253 siano,
1744 203 1822 245 che
1845 203 1931 257 egli

164 267 302 309 debba
344 266 578 308 dimostrar
610 280 636 307 a
669 263 724 308 N.
760 266 801 308 S.
845 266 923 308 che
964 266 1098 309 molto
1140 268 1313 320 meglio,
1358 271 1402 310 et
1444 281 1524 309 con
1565 268 1698 310 molto
1734 268 1932 320 maggior

162 332 300 374 frutto
333 331 366 372 si
401 345 530 385 possa
557 333 749 373 trattare
773 345 851 373 con
876 330 1008 384 quelli
1030 332 1177 386 populi
1199 346 1330 375 senza
1352 333 1394 374 la
1417 346 1626 386 presenza
1648 332 1686 373 d’
1706 347 1762 374 un
1785 333 1930 385 legato

162 396 428 450 Apostolico,
475 400 520 438 et
560 395 740 438 insieme
781 396 999 438 assicurar
1041 397 1082 440 S.
1125 397 1406 439 Beatitudine
1449 397 1562 438 della
1606 397 1747 439 buona
1786 400 1932 440 mente

163 461 260 503 dell'
279 461 545 515 imperatore
586 464 631 503 et
663 461 778 502 della
810 461 954 503 buona
986 475 1212 515 speranza,
1257 462 1334 504 che
1368 462 1424 503 ha
1459 461 1500 503 di
1533 462 1695 504 condur
1728 462 1782 504 da
1814 475 1860 503 se
1891 462 1931 504 16

163 540 263 568 cose
296 540 322 567 a
354 526 532 569 servitio
566 525 608 567 di
630 526 726 576 Dio,
760 526 871 568 dove
903 540 960 567 un
991 527 1140 579 legato
1173 527 1233 580 gli
1256 527 1466 581 potrebbe
1490 526 1743 569 disturbari
1766 526 1932 580 disegni

163 591 269 633 suoi.
334 591 380 632 Io
421 605 506 633 non
548 604 601 632 ne
642 590 857 632 essamino
899 591 939 632 le
981 591 1152 644 cagioni
1193 591 1270 633 che
1311 605 1497 646 possono
1538 592 1673 633 haver
1704 591 1873 634 indotto
1906 605 1932 633 a

164 658 319 708 questa
360 655 671 698 deliberatione
713 655 754 699 S.
788 656 973 706 Maesta,
1016 657 1060 698 la
1101 657 1229 709 quale
1271 671 1355 699 non
1398 656 1546 699 dubito
1589 656 1666 698 che
1705 656 1742 698 si
1773 670 1931 698 muova

163 735 243 762 con
274 721 489 763 intention
521 721 664 763 buona
697 723 742 763 et
775 721 973 772 catolica,
1007 722 1166 775 perche
1199 735 1225 762 a
1257 735 1325 763 me
1358 721 1422 763 cio
1455 735 1540 763 non
1572 723 1710 772 tocca,
1751 721 1931 763 essendo

163 786 189 826 l’
209 785 350 827 officio
384 786 469 828 mio
503 786 542 828 d’
562 785 741 828 obbedir
773 800 798 828 a
821 786 862 828 S.
888 786 1061 828 Santita
1094 789 1139 828 et
1171 786 1393 839 esseguire
1426 800 1547 828 come
1569 786 1766 829 ministro
1790 786 1931 840 quello

164 850 242 893 che
274 851 332 893 mi
365 854 388 893 6
419 851 620 905 impostO.
685 851 784 892 Non
816 865 945 905 posso
978 851 1052 905 gia
1083 851 1191 901 fare,
1232 851 1310 893 che
1342 865 1427 893 non
1461 851 1519 892 mi
1552 851 1696 905 doglia
1728 852 1798 893 nel
1831 865 1932 893 cuor

165 915 207 957 di
247 916 407 958 vedere
447 916 610 959 ridotte
643 930 669 958 a
700 916 885 958 termine
927 916 968 958 le
1011 930 1109 958 cose
1152 916 1267 958 della
1298 916 1521 970 religione,
1565 916 1644 958 che
1677 915 1713 957 si
1744 915 1932 969 giudichi

165 981 207 1022 di
238 981 426 1035 potterle
449 983 613 1023 trattar
634 980 794 1034 meglio
818 994 949 1023 senza
970 981 996 1022 l'
1016 981 1279 1032 intervento,
1313 995 1398 1023 non
1422 981 1499 1023 0116
1521 995 1653 1023 senza
1673 981 1700 1022 l’
1720 981 1932 1024 auttorita

165 1046 233 1087 del
258 1046 434 1088 Vicario
467 1046 508 1087 di
541 1046 636 1097 Dio,
671 1048 715 1088 et
748 1045 825 1087 che
859 1046 1139 1089 s'introduca
1172 1050 1367 1089 costume
1399 1046 1467 1088 fra
1494 1046 1682 1100 Principi
1715 1046 1792 1087 che
1824 1046 1933 1088 rice-

164 1111 344 1153 vendosi
377 1125 506 1153 senza
539 1111 779 1153 eccettione
813 1111 869 1165 gl’
889 1111 1196 1154 ambasciatori
1229 1125 1337 1154 anco
1371 1111 1669 1165 degl'Infideli
1691 1111 1932 1154 solamente

166 1190 192 1218 a
224 1176 357 1229 quelli
398 1176 440 1217 di
482 1178 651 1218 cotesta
693 1176 830 1218 Santa
873 1176 983 1218 Sede
1024 1176 1146 1219 siano
1189 1180 1371 1231 apposte
1407 1176 1631 1227 difficulta„
1674 1179 1718 1219 et
1751 1176 1828 1218 che
1860 1176 1932 1229 gia

165 1241 238 1296 piu
270 1241 389 1283 volte
422 1255 448 1283 a
481 1241 525 1283 di
558 1241 697 1283 nostri
729 1241 960 1283 habbiamo
994 1242 1154 1284 veduto
1187 1242 1382 1284 refutare
1415 1242 1427 1283 i
1460 1242 1596 1296 legati
1619 1241 1890 1296 Appostolici
1905 1243 1930 1291 1,

164 1306 194 1347 il
237 1306 315 1348 che
357 1309 520 1359 quanto
562 1320 672 1360 gran
715 1320 850 1359 segno
893 1306 957 1348 sia
999 1306 1182 1349 dell’ira
1224 1307 1266 1348 di
1298 1307 1393 1358 Dio,
1438 1306 1495 1348 mi
1528 1307 1564 1348 si
1596 1310 1619 1349 6
1652 1309 1768 1349 tutto
1801 1306 1932 1359 hoggi

166 1371 431 1413 cavalcando
464 1386 542 1426 per
573 1371 716 1425 questi
748 1371 884 1414 monti
917 1371 1077 1414 rivolto
1110 1386 1188 1426 per
1219 1372 1262 1414 la
1294 1374 1439 1414 mente
1473 1386 1552 1413 con
1585 1372 1752 1414 infinito
1786 1371 1932 1413 dolore

166 1436 264 1478 dell’
283 1436 496 1478 infelicita
529 1436 571 1478 di
603 1436 745 1489 questi
776 1436 924 1490 tempi,
959 1438 1030 1479 nel
1064 1438 1165 1490 qual
1199 1437 1309 1491 dopo
1341 1438 1384 1479 la
1406 1450 1617 1491 speranza
1640 1436 1718 1479 che
1739 1437 1794 1478 110
1817 1436 1932 1478 nella

166 1501 463 1544 misericordia
505 1501 547 1543 di
589 1501 669 1543 Dio
711 1501 769 1542 mi
810 1502 984 1544 consola
1034 1502 1065 1543 il
1106 1505 1231 1545 tener
1271 1516 1348 1556 per
1390 1502 1527 1544 fermo
1570 1502 1648 1544 che
1689 1502 1931 1555 qualunche

166 1566 480 1609 deliberatione
520 1566 719 1620 pigliera,
764 1568 866 1609 sara
899 1581 924 1609 a
956 1568 1001 1609 la
1032 1567 1157 1610 Beat.
1197 1581 1288 1618 sua,
1332 1581 1452 1609 come
1484 1581 1509 1609 a
1542 1581 1646 1609 vero
1678 1581 1756 1609 suo
1789 1580 1930 1617 servo,

165 1632 402 1686 inspirata³
435 1632 548 1674 dallo
584 1631 744 1686 Spirito
780 1632 928 1674 Santo.
993 1631 1156 1681 Questa
1189 1633 1328 1674 ferma
1361 1632 1570 1674 credenza
1608 1632 1706 1683 mia,
1750 1631 1843 1673 frab
1867 1630 1929 1686 [5³]

167 1697 245 1739 che
284 1699 340 1738 m’
359 1697 534 1739 humilio
578 1700 703 1739 tanto
747 1697 835 1738 alla
876 1697 1010 1739 bonta
1053 1698 1095 1739 di
1128 1698 1169 1741 S.
1203 1698 1482 1740 Beatitudine
1524 1698 1602 1739 6116
1644 1711 1730 1739 11011
1762 1697 1931 1739 ardisco

167 1762 289 1816 quasi
332 1762 572 1804 discorrere
614 1776 666 1803 ne
709 1775 859 1804 cercar
901 1763 1056 1815 quello,
1102 1763 1179 1804 che
1213 1763 1278 1804 sia
1309 1762 1467 1815 meglio
1501 1765 1545 1805 et
1577 1762 1650 1816 [1111
1683 1761 1931 1817 espediente

286 1850 312 1880 a)
333 1848 481 1881 inspirato
502 1857 549 1880 ap.
623 1848 654 1880 b)
675 1849 722 1874 Sic
741 1857 807 1880 astu·
828 1848 879 1874 fa?

167 1955 336 1989 Ioannem
363 1955 595 1989 Franciscum
623 1955 925 1990 Commendonum
954 1967 1062 2001 prope
1083 1957 1262 1991 Veronam
1289 1958 1488 1990 morantem
1515 1957 1621 1990 iussit
1647 1967 1727 1990 cum
1753 1958 1932 2001 potestate

166 2008 279 2052 legati
297 2020 318 2042 a
335 2008 448 2042 latere
466 2008 510 2042 ad
529 2008 781 2053 imperatorem
801 2009 898 2043 adire
918 2009 1021 2053 eique
1040 2010 1268 2055 persuadere,
1294 2011 1335 2044 ut
1353 2021 1431 2043 eam
1451 2009 1717 2043 concessionem
1736 2012 1931 2044 revocaret.

168 2062 237 2096 Sed
273 2061 536 2096 Commendono
574 2062 697 2095 eodem
736 2062 802 2103 die,
841 2074 911 2107 quo
939 2063 1080 2097 Verona
1118 2065 1154 2096 in
1194 2062 1424 2097 Germaniam
1457 2074 1585 2097 versus
1624 2063 1806 2107 profectus
1845 2065 1931 2104 erat,

168 2114 321 2149 festinus
356 2127 376 2148 a
403 2126 548 2149 caesare
574 2115 722 2149 nuntius
758 2127 837 2149 cum
873 2115 1005 2149 litteris
1032 2115 1196 2159 occurrit,
1233 2115 1363 2160 quibus
1398 2115 1428 2150 is
1463 2127 1679 2160 magnopere
1715 2115 1931 2149 cardinalem

167 2168 328 2211 rogabat,
355 2180 399 2202 ne
425 2168 568 2211 longius
590 2168 886 2213 progrederetur;
914 2170 1141 2203 ostensurum
1167 2181 1206 2203 se
1233 2169 1325 2203 enim
1352 2168 1512 2214 pontifici
1538 2169 1705 2210 maximo,
1732 2180 1838 2212 quam
1863 2181 1931 2202 non

168 2224 365 2266 opportune
401 2233 441 2255 eo
476 2224 637 2266 tempore
671 2221 816 2264 legatus
842 2222 973 2266 aliquis
1008 2222 1053 2256 ad
1088 2233 1127 2256 se
1158 2222 1373 2257 mitteretur.
1424 2221 1565 2267 Reapse
1591 2222 1861 2256 Maximilianus
1888 2222 1930 2256 ΙΙ.

169 2278 204 2308 et
230 2275 274 2308 ad
293 2274 397 2308 Pium
412 2274 455 2308 V.
481 2275 518 2308 in
545 2285 623 2308 eam
649 2275 866 2308 sententiam
894 2275 949 2309 30.
977 2275 1198 2320 Septembris
1220 2274 1309 2309 1568
1335 2275 1492 2319 scripsit,
1520 2277 1554 2308 et
1573 2274 1747 2319 Prospero
1773 2275 1817 2308 ab
1836 2274 1932 2309 Arcu

171 2327 295 2371 (Al-co)
325 2327 455 2361 oratori
482 2339 546 2361 suo
572 2338 728 2366 romano,
765 2329 805 2361 ut
837 2327 930 2361 idem
958 2328 1077 2362 verbis
1104 2328 1284 2373 copiosius
1309 2328 1469 2372 pontifici
1496 2330 1700 2372 exponeret,
1737 2327 1931 2362 mandavit.

170 2380 310 2414 Interea
338 2380 633 2421 Commendonus,
671 2380 780 2414 misso
807 2380 888 2414 ilico
915 2380 1075 2421 Romam,
1111 2381 1172 2424 qui
1199 2393 1244 2414 ex
1270 2380 1449 2425 pontifice,
1485 2381 1568 2424 quid
1595 2379 1798 2414 faciendum
1826 2382 1931 2421 esset,

169 2435 367 2476 quaereret,
395 2433 537 2476 longius
564 2434 749 2478 processit,
777 2434 827 2467 ita
854 2436 974 2467 tamen
1001 2434 1191 2468 moderans
1217 2435 1296 2473 iter,
1322 2436 1363 2467 ut
1388 2434 1448 2478 qui
1475 2434 1607 2467 missus
1633 2436 1720 2474 erat,
1756 2434 1800 2467 ad
1827 2433 1931 2468 Oeni-

169 2488 312 2530 pontem
349 2498 388 2520 se
423 2488 677 2530 assequeretur
706 2487 948 2529 (Laderchius
972 2487 994 2520 l.
1023 2498 1052 2521 0.
1079 2487 1114 2520 111
1141 2498 1173 2521 a.
1203 2487 1304 2526 1568,
1330 2498 1364 2521 n.
1391 2486 1446 2521 82.
1500 2487 1680 2530 Εσίιιυανε,
1715 2486 1833 2520 Briefe
1859 2487 1929 2521 und

171 2539 290 2572 Akten
318 2540 331 2572 Ι
362 2540 424 2573 121
456 2540 533 2574 123.
585 2541 729 2583 Hopfen
764 2539 787 2573 1,
815 2551 844 2574 c.
875 2540 941 2574 144
967 2540 1166 2574 293—294.
1218 2539 1268 2573 La
1295 2540 1352 2573 vie
1379 2540 1425 2573 du
1453 2538 1621 2574 Cardinal
1646 2539 1736 2573 Jean
1762 2540 1931 2585 Francois

172 2591 421 2626 Commendon.
465 2593 536 2626 Par
562 2594 611 2626 M.
631 2594 806 2637 Fle‘chier,
832 2592 981 2637 Eveque
1007 2593 1049 2626 de
1076 2593 1210 2634 Nisme,
1238 2593 1341 2627 Paris
1372 2593 1471 2633 1695,
1498 2592 1713 2635 274—289).

292 2647 302 2666 ¹
329 2646 431 2679 Anno
461 2646 548 2680 1561
576 2646 781 2680 Fridericus
810 2646 852 2679 II.
879 2646 1015 2680 Daniae
1042 2658 1106 2680 rex
1125 2646 1382 2680 Commendoni
1408 2645 1624 2688 legationem
1650 2646 1784 2679 rustice
1810 2646 1932 2680 reiecit

173 2697 278 2739 (Can.
306 2698 339 2731 ΙΙ
368 2698 479 2742 149¹).
530 2698 664 2733 Eodem
691 2710 782 2733 anno
809 2699 1018 2733 Elisabetha
1044 2699 1197 2742 Angliae
1223 2699 1349 2741 regina
1376 2698 1593 2742 Hieronymo
1620 2697 1846 2742 Martinengo
1873 2699 1931 2734 ab·

172 2750 255 2790 bati,
292 2761 396 2793 quem
424 2752 510 2785 Pius
536 2751 597 2786 IV.
633 2752 677 2786 ad
714 2764 791 2786 eam
818 2752 977 2793 miserat,
1014 2763 1159 2797 prorsus
1194 2751 1392 2792 interdixit,
1427 2762 1471 2784 ne
1506 2752 1542 2784 in
1577 2750 1731 2784 insulam
1762 2752 1932 2786 traiceret

172 2804 410 2847 (Raynaldns,
446 2805 606 2839 Annales
633 2805 891 2846 Ecclesiastici,
926 2806 961 2839 in
989 2817 1019 2839 a.
1050 2806 1150 2846 1561,
1186 2817 1220 2839 n.
1246 2806 1302 2839 51.
1358 2806 1399 2838 G.
1425 2805 1575 2846 Bau-net,
1611 2802 1685 2838 The
1711 2804 1861 2850 History
1894 2806 1933 2839 of

171 2855 232 2889 the
251 2854 494 2890 Reformation
522 2858 560 2891 of
574 2857 635 2891 the
655 2858 797 2892 Cliurch
824 2858 863 2892 of
879 2858 1042 2901 England
1062 2858 1105 2899 II,
1133 2858 1186 2892 ed.
1206 2859 1251 2892 N.
1270 2858 1415 2901 Poeoek,
1435 2856 1570 2890 Oxford
1593 2857 1693 2897 1865,
1713 2858 1930 2902 649—660).

173 2909 274 2942 Anno
293 2909 382 2943 1564
401 2910 487 2943 Pius
502 2910 561 2944 lV.
582 2911 800 2945 cardinalem
818 2911 987 2946 Ioannem
1005 2911 1193 2945 Moronum
1212 2911 1255 2945 ad
1274 2909 1537 2944 Ferdinandum
1551 2909 1577 2943 Ι.
1597 2909 1718 2952 legare
1736 2912 1931 2952 statuerat:

172 2961 235 2995 sed
261 2961 518 3004 Ferdinandus,
554 2966 594 2996 ut
628 2964 792 3008 pontifex
828 2964 977 2998 consilio
1013 2964 1214 3005 desisteret,
1254 2963 1372 2997 effecit
1400 2962 1603 3005 (Coleccion
1630 2963 1673 2996 de
1699 2964 1932 3000 Documenta«)-

171 3014 324 3049 ineditos
359 3026 445 3059 para
470 3015 504 3049 la
532 3015 690 3050 Historia
726 3017 768 3050 de
795 3017 939 3062 Espafia
965 3017 1020 3057 CI,
1047 3017 1188 3051 Madrid
1217 3017 1316 3056 1891,
1342 3017 1397 3050 79.
1433 3017 1462 3050 Ι.
1486 3027 1515 3050 r.
1540 3016 1735 3060 Diillinyer,
1762 3017 1930 3062 Beitrage

172 3079 234 3101 zur
260 3067 483 3112 politischen,
510 3068 732 3103 kirchlichen
760 3071 831 3104 und
859 3069 1218 3105 Cultur-Geschichte
1246 3070 1270 3111 Ι,
1298 3069 1534 3112 Regensburg
1562 3069 1662 3110 1862,
1689 3070 1787 3113 562).
