2044 3335
250 122 275 161 4
781 119 883 153 1475.
910 119 1123 153 Francisous
1148 118 1326 153 Antonius
1354 118 1507 153 Canisio.

250 235 398 273 1475.
497 235 558 271 Ρ.
586 235 1014 272 FRANGISOUS
1051 234 1397 272 ANTONIUS
1434 236 1488 272 S.
1515 235 1570 272 J.
1603 237 1740 271 Mariae
1774 237 2014 282 imperatricis

439 291 663 324 eontionator
688 289 828 324 aulicus
856 289 1056 324 CANISIO.
1192 289 1403 324 Vindobona
1429 290 1524 324 circa
1551 290 1583 324 d.
1605 290 1659 324 10.
1679 291 1835 334 Augusti
1864 290 1965 325 1567.

369 365 423 399 Ex
449 365 539 400 libro
570 365 675 407 „Vita
702 366 741 399 B.
769 364 940 400 Stanislai
967 365 1128 399 Kostkae
1156 364 1283 399 Poloni
1309 377 1328 399 e
1347 365 1525 400 Societate
1544 366 1637 407 Iesu,
1665 366 1799 400 Autore
1818 367 2013 401 Francisco

251 420 439 460 Sacc-hino,
468 418 658 452 Sooietatis
685 418 845 452 eiusdem
873 418 1101 458 Sace1·dote“‚
1129 418 1343 461 Ingolst-adii
1365 419 1465 460 1609,
1488 419 1637 453 14—-22,
1670 418 1803 452 Eadem
1829 419 1905 453 fere
1931 421 2016 453 sunt

247 473 283 506 in
303 472 461 506 eiusdem
478 472 647 505 Saccliini-
664 471 866 514 „Historiae
882 471 1072 505 societatis
1087 471 1167 505 Iesu
1181 471 1289 505 Parte
1306 472 1450 511 tertia“‚
1468 470 1602 505 Romae
1619 472 1720 513 1649,
1735 472 1756 505 1.
1769 473 1802 514 4,
1817 484 1849 506 11.
1862 472 2014 507 42-57.

249 525 414 560 Sacchini
449 524 661 559 relationem
689 525 998 569 transcripserunt
1024 523 1083 558 vel
1110 535 1152 558 ea
1178 524 1233 558 usi
1260 526 1345 558 sunt
1371 525 1498 558 Matth.
1526 525 1694 559 Raderns
1719 524 1753 559 S.
1780 525 1824 566 J.,
1860 524 1912 559 De
1938 526 2015 559 vita

251 579 347 613 Petri
374 578 518 619 Canisii‚
546 577 725 611 Monachii
755 578 856 618 1614,
886 577 1082 619 126-129,
1109 577 1169 611 alii
1196 577 1310 611 multi.

369 656 590 689 Stanislanm
614 655 798 698 Kostlcam,
827 655 1011 688 Societatis
1035 655 1153 688 studio
1180 655 1386 688 Vindobona
1407 655 1617 697 profugum,
1645 656 1871 690 commendat.

368 727 421 759 De
439 726 623 759 Stanislao
642 726 789 768 Kostlca,
805 737 838 758 a.
856 728 948 759 1550
965 726 1134 758 Prasnici
1153 725 1404 769 (Prassnysch,
1423 726 1616 770 Prasnysz,
1636 727 1804 769 oppidum
1822 727 2013 771 Masoviae,

247 790 342 812 nunc
367 780 510 822 imperii
535 779 704 819 rossiaci)
731 779 951 812 nobilissimo
974 789 1100 821 yenere
1118 783 1207 820 orto,
1233 789 1265 812 a.
1290 780 1381 812 1564
1402 779 1656 823 Vindobonam,
1681 784 1721 813 ut
1740 790 1811 822 per
1830 780 2014 813 Societatis

248 834 405 866 homines
431 833 477 865 ad
503 832 639 865 litteras
665 836 695 864 et
716 833 880 875 pietatem
907 833 1164 874 institueretur,
1192 842 1214 863 a
1238 832 1448 873 parentibus
1472 834 1590 875 misso,
1617 833 1656 866 P.
1684 833 1903 866 Franciscns
1930 833 2012 866 Sac-

248 887 373 920 chinus
399 886 444 927 (†
473 886 596 928 16:25),
622 886 775 928 insi-anis
800 885 858 918 ille
885 885 1069 918 Societatis
1096 885 1173 917 Iesu
1199 885 1390 918 historicas
1406 886 1425 927 ¹,
1458 886 1554 928 haec,
1578 890 1723 928 praeter
1749 887 1834 929 alia,
1861 891 2014 920 narrat:

247 940 352 982 Eam,
379 940 499 972 divino
526 942 655 972 motam
681 940 861 981 instinctu,
891 938 1096 972 Societatem
1117 939 1254 981 petisse.
1291 939 1419 971 Verum
1439 939 1690 982 „Prouinciali
1717 940 1888 973 Austriae
1912 940 2012 973 Lau-

248 994 363 1026 rentio
382 993 504 1035 Maqio
529 992 645 1025 stabat
669 993 851 1034 sententia,
878 993 951 1024 nisi
969 992 1096 1025 bonam
1120 1003 1141 1023 a
1160 991 1374 1024 Parentibus
1392 993 1528 1024 veniam
1547 993 1763 1035 impetraret,
1789 1003 2010 1036 nequaquam

251 1047 446 1080 admittere.
497 1046 591 1078 Nam
621 1049 770 1088 praeter
795 1056 902 1088 quam
930 1045 1023 1088 qaod
1051 1045 1219 1078 Societati
1252 1045 1328 1086 fere
1353 1046 1465 1078 moris
1500 1056 1571 1078 non
1598 1049 1646 1078 est
1671 1045 1904 1078 adolescentes
1927 1057 2013 1079 suae

250 1100 471 1133 institutioni
496 1099 656 1142 creditos,
684 1109 877 1142 ayyreyare
901 1099 971 1131 sibi
997 1098 1211 1131 Parentibus
1236 1099 1380 1140 insciis,·
1406 1109 1473 1131 non
1502 1109 1630 1141 mayno
1648 1102 1729 1131 ante
1745 1103 1898 1142 tempore
1914 1099 2013 1132 haud

247 1154 386 1186 modica
404 1153 558 1186 Viennae
582 1157 764 1194 tempestas
789 1153 953 1185 extiterat
971 1152 1203 1185 Nonitiormn
1230 1162 1338 1184 cansa
1366 1156 1597 1194 receptorum.
1639 1153 1697 1185 eui
1721 1154 1924 1195 tempestati,
1951 1153 2014 1196 qui

247 1207 316 1239 vim
342 1217 383 1239 ac
408 1206 522 1239 robur
547 1206 727 1247 dederant,
754 1206 783 1247 «ij
806 1209 880 1238 tum
900 1205 1082 1248 pollebant
1102 1205 1316 1247 plurimum.
1360 1205 1419 1237 Ad
1444 1205 1540 1248 haec,
1567 1216 1644 1238 cnm
1674 1206 1840 1238 Poloniae
1865 1217 2012 1248 reqnum

247 1261 319 1293 iam
339 1270 512 1302 prospere
539 1260 670 1291 nostris
695 1258 896 1291 horninibus
928 1259 1143 1301 aperiretur,
1179 1262 1282 1301 atque
1318 1259 1356 1290 in
1391 1268 1428 1290 eo
1454 1258 1603 1291 Ioannis
1631 1258 1808 1291 Stanislai
1840 1260 2012 1303 parentis,

247 1324 288 1346 ac
320 1314 434 1356 yentis
458 1312 640 1346 Kosrlcaea
675 1323 804 1354 mayna
839 1316 923 1344 esset
949 1312 1121 1354 potentia,
1158 1311 1366 1354 apparebat,
1395 1338 1401 1343 .
1423 1337 1429 1343 .
1450 1337 1457 1344 .
1483 1312 1591 1354 facile
1616 1312 1785 1344 suscitari
1809 1313 2012 1356 trayoede'as

242 1377 353 1409 posse,
380 1377 470 1409 qnae
495 1367 618 1408 inqens
633 1366 770 1407 gloriae
787 1365 935 1397 diuinae
952 1366 1077 1397 cursui
1093 1365 1379 1407 impedimentum
1398 1365 1450 1407 off
1449 1369 1567 1397 errent
1578 1363 1592 1383 ¹'
1612 1362 1681 1407 [9].
1716 1365 1763 1398 Et
1781 1366 2012 1408 confirmabat

248 1421 395 1462 inqenue
414 1419 618 1452 Stanislaus
644 1419 770 1461 optime
799 1418 867 1451 sibi
891 1428 1039 1451 suoram
1065 1419 1240 1460 cognitam
1266 1418 1488 1460 volantatem,
1516 1429 1557 1450 ac
1582 1429 1742 1451 sensam:
1768 1429 1828 1451 nec
1852 1419 2010 1462 dubium,

248 1474 335 1517 quin
361 1474 399 1515 ij,
435 1483 506 1505 non
538 1472 652 1505 solam
687 1472 854 1514 neyatnri
889 1473 1036 1514 veniam,
1072 1472 1104 1504 si
1133 1475 1320 1514 peteretur,
1354 1472 1413 1504 sed
1448 1472 1620 1504 acerrime
1648 1473 1854 1514 pnynatnri
1887 1475 2011 1505 contra

247 1530 367 1569 essent,
406 1527 438 1558 si
472 1536 546 1558 rem
581 1525 746 1558 alicunde
781 1526 961 1558 rescirent.
1015 1525 1112 1557 Haec
1145 1525 1336 1567 faciebant,
1376 1529 1408 1557 vt
1444 1535 1650 1568 quanquam·
1685 1525 1897 1558 veliementer
1922 1525 2012 1558 Pro-

245 1580 418 1612 uincialis
435 1579 603 1612 Petitoris
627 1579 790 1611 virtatem
813 1578 996 1620 probaret,
1022 1579 1279 1621 suspicer-etque
1305 1579 1551 1620 constantiam,
1578 1578 1767 1620 amplioris
1792 1583 1909 1611 tamen
1929 1579 2012 1612 boni

244 1633 361 1665 stadio
387 1637 459 1665 tam
485 1634 600 1665 sancti
625 1643 700 1665 eam
728 1633 798 1665 voti
823 1636 1011 1674 compotem
1037 1632 1136 1665 nullo
1161 1632 1367 1674 faciendum
1392 1633 1494 1665 modo
1517 1636 1673 1674 putaret.
1702 1659 1709 1665 .
1725 1658 1756 1665 ..
1788 1632 1884 1665 Vnde
1908 1633 2011 1679 fiebat

246 1691 277 1718 vt
295 1684 546 1728 [Stanislaus]
573 1687 674 1728 inops
700 1686 842 1727 consilii
866 1690 1011 1718 cunctas
1035 1689 1192 1718 versaret
1218 1687 1256 1718 in
1278 1690 1404 1728 partes
1422 1687 1593 1728 animum,
1620 1686 1659 1717 in
1678 1695 1795 1718 omnes
1813 1687 2011 1719 occasiones

245 1741 412 1772 intentus.
454 1739 548 1772 Erat
574 1744 657 1771 tanc
675 1740 831 1771 Viennae
850 1739 1068 1771 Franciscns
1087 1739 1278 1780 Antonius,
1307 1740 1448 1771 natione
1474 1739 1684 1781 Lusitanus,
1711 1739 1832 1772 clarae
1857 1740 2009 1783 vii-tatis,

247 1804 289 1825 ac
315 1793 500 1825 doctrinae
524 1793 700 1835 sacerdos,
735 1794 798 1835 qni
824 1803 943 1825 recens
978 1803 1020 1824 ex
1048 1793 1156 1824 Italia
1183 1795 1345 1825 venerat:
1379 1802 1575 1835 maynoqne
1601 1793 1742 1825 nomine
1776 1793 1823 1825 ad
1849 1793 2011 1825 Mariam

247 1847 479 1880 Austriacam
505 1846 755 1879 Maaeimile'ani
784 1845 951 1878 Caesaris
976 1846 1168 1887 coninyein,
1196 1846 1374 1888 Italo-sque
1399 1849 1429 1878 et
1456 1846 1649 1888 Hispanos,
1688 1845 1858 1878 Nationis
1882 1847 2011 1879 vtrins-

247 1911 311 1943 φα)
336 1899 462 1941 lin-qna
481 1900 663 1932 conciones
679 1899 827 1931 habebat
840 1899 862 1932 2.
898 1899 1007 1932 Hanc
1027 1899 1243 1942 Stanislans,
1270 1903 1301 1931 vt
1319 1899 1412 1931 nihil
1431 1900 1638 1931 intentatam
1657 1899 1873 1942 relinqueret
1890 1900 2010 1933 sedulo

247 1950 344 1986 adit“
372 1953 416 1985 ab
435 1963 539 1995 eoque
557 1954 743 1985 consilinm
755 1954 855 1995 petit.
893 1953 971 1984 Iam
991 1953 1077 1995 plus
1094 1962 1200 1995 quarn
1227 1953 1316 1984 daos
1341 1962 1456 1985 annos
1479 1963 1514 1984 se
1539 1962 1560 1984 a
1573 1953 1779 1995 praeposito
1794 1953 2013 1995 provinciali

245 2007 389 2049 frastra
416 2007 622 2039 Societatem
646 2006 834 2048 slayitaroe
862 2007 1068 2048 pericnlum
1104 2016 1184 2048 esse,
1222 2016 1262 2038 ne
1298 2005 1393 2038 brevi
1427 2006 1465 2037 in
1492 2005 1678 2038 Poloniam
1713 2006 1831 2039 redire
1866 2011 2012 2049 coqatur

248 2071 337 2102 neve,
363 2061 396 2092 si
421 2061 458 2091 in
488 2059 671 2091 Societatz's
694 2060 876 2102 proposito
896 2063 1105 2102 persei-eret,
1138 2058 1266 2091 ibidem
1292 2060 1332 2091 in
1359 2059 1499 2091 vincula
1526 2060 1736 2092 conice'atnr.
1769 2059 2009 2092 Deliberatum

246 2114 359 2156 iyitm·
395 2113 465 2145 sibi
502 2123 589 2155 esse,
628 2114 700 2145 nisi
737 2113 919 2145 Antonias
956 2113 1062 2145 aliter
1100 2116 1254 2154 censeat,
1297 2112 1390 2144 alias
1428 2112 1530 2144 adire
1564 2113 1770 2154 provincias
1807 2113 2012 2156 tamdiuque

365 2199 392 2230 a)
414 2198 537 2224 Correaci
557 2205 593 2222 e.1·
612 2196 746 2228 Koskae,
766 2198 840 2229 quod
860 2201 901 2223 est
921 2198 952 2222 in.
973 2198 1055 2222 libro.
1130 2197 1159 2229 b)
1181 2198 1245 2229 Sie,·
1265 2197 1470 2229 corriyendum
1490 2204 1551 2221 esse.
1573 2197 1708 2222 videtur:
1727 2196 1882 2224 afferrent.

370 2320 380 2339 ¹
408 2318 608 2352 Cal-dinalis
636 2317 803 2360 Iosephus
828 2317 1093 2361 Heryenrc'itlter
1120 2317 1162 2350 de
1200 2327 1259 2350 eo:
1306 2315 1393 2358 „Ein
1433 2315 1750 2359 ausgezeichneter
1784 2316 2007 2350 Historiker¹‘

252 2371 468 2413 (Handbuch
506 2372 568 2405 der
607 2370 844 2413 allgemeinen
881 2369 1249 2412 Kirchengeschichte
1276 2369 1361 2410 111³,
1400 2368 1574 2412 Freiburg
1609 2370 1629 2402 i.
1658 2369 1714 2403 ΒΥ.
1745 2370 1845 2410 1886,
1881 2370 2009 2413 295¹);

250 2427 447 2468 Leopoldns
474 2436 535 2458 von
564 2425 712 2458 Rani-e.-
750 2423 850 2465 „Von
877 2423 943 2456 den
967 2423 1204 2467 jesuitischen
1232 2422 1460 2456 Historikern
1497 2422 1699 2467 fiberhaupt
1724 2422 1817 2456 wohl
1844 2422 1906 2456 der
1931 2435 2010 2458 aus-

249 2478 532 2521 gezeichnetste⁴⁴
584 2477 664 2519 (Die
701 2476 903 2510 romischen
943 2476 1075 2520 Pspste
1114 2476 1150 2509 in
1188 2475 1256 2509 den
1294 2475 1426 2509 letzten
1465 2476 1544 2510 vier
1581 2475 1872 2509 Jahrhunderten
1909 2476 2009 2515 11110,

251 2531 394 2576 Leipzig
423 2531 522 2572 1900,
553 2531 674 2571 114*).
726 2531 937 2563 Eberardns
966 2529 1115 2562 Gothein
1151 2529 1194 2562 de
1227 2540 1267 2562 eo
1303 2532 1339 2562 et
1365 2529 1407 2562 de
1434 2529 1472 2563 P.
1500 2528 1648 2563 Nioolao
1675 2528 1869 2563 Orlandino
1896 2529 1931 2564 S.
1957 2530 2009 2564 J.:

253 2585 311 2625 „In
338 2585 401 2618 der
427 2583 635 2626 Mitteilung
662 2583 724 2616 der
749 2582 977 2616 Thatsachen
1013 2582 1091 2615 sind
1119 2582 1170 2616 sie
1196 2581 1418 2624 vollstandig
1444 2583 1515 2615 und
1543 2582 1787 2625 zuverlhissi&
1830 2583 2010 2626 (Ignatius

251 2649 318 2671 von
346 2637 481 2681 Loyola
506 2637 577 2670 und
605 2637 661 2670 die
689 2636 1059 2679 Gegenreformation,
1087 2635 1193 2669 Halle
1223 2636 1322 2675 1895,
1350 2635 1400 2678 6).

367 2690 380 2710 2
407 2690 618 2724 Franciseus
645 2690 798 2723 Antonio
829 2688 1094 2731 (1535—1610)
1132 2688 1212 2732 plus
1248 2699 1355 2731 quam
1391 2688 1436 2722 30
1462 2699 1574 2722 annos
1600 2688 1747 2730 Mariae,
1782 2688 1938 2733 Philippi
1964 2689 2008 2724 ΙΙ.

249 2743 345 2786 regis
370 2743 480 2776 sorori
515 2746 550 2776 et
576 2742 814 2776 Maximiliani
844 2742 885 2775 II.
914 2741 1140 2786 imperatoris
1166 2742 1280 2780 uxori.
1308 2741 1539 2775 Vindobonae
1565 2742 1728 2785 primum,
1765 2741 1844 2775 dein
1871 2741 2011 2776 Man-iti

249 2809 270 2829 a
295 2795 408 2829 sacris
435 2796 658 2829 contionibus
684 2794 771 2835 fuit3
807 2795 917 2828 libros
944 2806 1084 2838 quoque
1110 2794 1300 2828 nonnullos
1326 2795 1536 2838 composuit,
1573 2797 1612 2827 ut
1643 2794 1794 2836 „Avisos
1828 2806 1916 2839 para
1941 2795 2009 2829 sol-

251 2849 359 2882 dados
385 2859 408 2892 y
435 2850 542 2890 gente
569 2848 611 2880 de
637 2849 810 2890 guerra“;
847 2848 908 2891 qui
934 2847 1024 2881 liber
1052 2858 1208 2881 excusus
1244 2849 1300 2881 est
1324 2847 1463 2881 Matriti
1499 2858 1530 2880 a.
1560 2847 1660 2888 1590,
1697 2847 1878 2882 Bruxellis
1909 2847 2008 2888 1597,

253 2900 470 2945 Antverpiae
491 2901 580 2934 1605
600 2903 687 2940 etc.;
716 2901 801 2934 item
828 2900 995 2943 egregiae
1022 2900 1168 2934 virtutis
1194 2900 1325 2934 famam
1354 2902 1570 2934 consecutus
1595 2903 1650 2934 est
1670 2900 1725 2943 (C.
1745 2902 2008 2945 Somrnervoyel,

252 2953 499 2996 Bibliotheque
519 2953 560 2986 de
579 2953 612 2986 13
632 2953 850 2998 Compagnie
869 2954 912 2986 de
931 2953 1040 2987 Jesus
1059 2953 1083 2994 Ι,
1104 2953 1416 2987 Bruxelles-Paris
1437 2953 1538 2994 1890,
1557 2954 1765 2993 442-443;
1792 2953 1878 2987 VIII
1907 2954 2008 2988 1665.

250 3009 300 3041 Io.
322 3008 462 3040 Nadasi
481 3006 514 3040 S.
531 3006 575 3047 J.,
602 3007 727 3039 Annus
750 3006 886 3039 dierum
912 3006 1196 3040 memorabilium
1215 3006 1405 3040 Societatis
1423 3006 1503 3040 Iesu
1530 3006 1556 3046 I,
1585 3006 1803 3050 Antverpiae
1824 3007 1924 3048 1665,
1952 3007 2009 3041 91.

251 3062 333 3094 Ant.
362 3060 529 3092 Francus
554 3058 587 3092 S.
608 3059 652 3099 J.,
680 3060 804 3092 Annus
830 3059 1008 3102 gloriosus
1034 3058 1225 3093 Societatis
1256 3060 1337 3093 Iesu
1370 3059 1406 3092 in
1432 3057 1628 3101 Lusitania,
1656 3059 1816 3093 Viennae
1842 3060 2010 3093 Austriae
