2044 3335
689 85 857 127 Augusta
875 84 980 120 Vind.
1005 85 1036 119 7.
1056 84 1142 119 Maii
1163 84 1266 119 1569.
1774 87 1856 127 311

89 199 402 243 Franciscanos
434 199 582 242 multis
614 199 703 242 illic
730 200 897 250 charos,
933 204 977 243 et
1001 201 1171 243 ordines
1195 215 1342 243 omnes
1366 200 1717 252 mendicantium,
1752 214 1860 254 quos

88 279 165 320 pro
190 264 389 307 contione
411 266 604 315 taxarat,
639 268 683 307 et
705 279 731 306 a
753 265 907 318 quibus
929 265 1022 320 ipse
1045 266 1234 308 uicissim
1258 266 1428 320 publice
1451 265 1534 308 fuit
1556 265 1859 320 reprehensus.

88 331 272 373 Causam
305 343 444 371 nouae
476 330 632 372 turbae
665 330 784 372 dedit
815 332 1001 373 materia
1034 332 1086 373 de
1119 331 1261 372 usuris
1294 345 1319 373 a
1352 331 1399 374 Ρ.
1429 331 1619 373 Martino
1650 332 1859 381 tractata,

88 395 166 438 sed
196 394 506 445 immodestius
541 397 586 437 et
617 394 658 436 in
693 410 779 449 qua
810 396 1089 450 reprehendit
1121 409 1196 438 005
1228 410 1335 449 quos
1368 396 1471 446 dixi,
1511 397 1631 438 uelut
1663 409 1860 437 coecos

90 461 257 502 duces
290 462 621 509 coecorum¹‚
655 460 727 513 qui
759 464 860 504 sunt
893 475 943 503 eo
967 461 1073 504 vitio
1107 460 1432 504 contaminati2.
1487 461 1570 503 Per
1602 461 1713 502 hanc
1737 474 1862 503 occa-

87 525 253 567 sionem
295 524 365 578 egi
406 539 502 567 cum
545 525 744 580 Principe
786 526 986 568 seniore3
1033 540 1191 575 coram,
1241 528 1285 568 et
1332 526 1503 580 placaui
1551 526 1860 568 monachorum

89 592 275 632 offensos
313 590 492 641 animos,
536 593 585 632 ut
625 591 903 644 promiserint
936 606 982 633 se
1014 591 1179 633 nullum
1213 591 1528 633 amarulentiae
1561 591 1732 644 signum
1766 604 1861 633 esse

90 656 268 698 daturos
310 655 518 709 amplius,
562 656 638 697 sed
680 670 726 697 se
768 656 848 698 hoc
891 657 1212 699 condonaturos
1255 656 1301 699 P.
1325 656 1503 699 Martini
1544 656 1860 699 uehementiae.

88 720 296 774 Princeps
329 735 432 762 uero
465 735 634 762 mecum
668 721 759 774 egit
791 721 1080 772 familiariter,
1115 721 1184 763 cui
1215 735 1312 763 cum
1344 721 1666 776 proposuissem
1699 721 1751 762 de
1786 721 1861 763 ab·

89 785 282 828 ducendo
315 799 482 827 mecum
516 785 563 829 P.
587 786 792 836 MartinO,
837 786 889 828 de
931 786 1052 828 cuius
1094 786 1286 828 discessu
1327 786 1412 828 iam
1447 789 1550 829 ante
1582 786 1727 828 fuerat
1759 799 1861 828 con-

87 850 313 902 stitutum,
355 851 530 904 rogauit
571 851 744 901 statim,
788 865 870 904 quo
912 851 1033 893 illum
1076 851 1297 893 destinare
1338 851 1562 894 110110111115.
1626 849 1859 904 Respondi,

87 916 201 969 quod
223 916 492 970 Herbipolim
525 916 588 957 ire
621 918 811 970 cuperet,
847 916 918 958 ubi
951 930 998 959 se
1031 919 1205 969 gratum
1238 916 1332 958 fore
1364 916 1473 959 satis
1506 917 1774 969 cognouerat
1806 929 1862 957 ex

88 981 292 1035 Episcopi
314 981 671 1035 Ηο111111010115154
694 981 973 1035 Consiliarijs,
1008 981 1078 1036 qui
1102 982 1221 1023 illum
1255 984 1456 1024 amanter
1487 981 1750 1024 inuitarant:
1785 980 1861 1022 sed

87 1046 193 1088 nihil
226 1047 278 1088 de
311 1060 361 1088 eo
394 1047 533 1088 adhuc
566 1047 690 1089 nobis
723 1047 945 1089 definitum
970 1052 1103 1089 essea.
1157 1046 1364 1101 Princeps
1397 1060 1500 1088 uero
1532 1046 1655 1097 dixit,
1688 1046 1861 1100 placere

87 1111 258 1164 quidem
291 1111 385 1161 sibi,
419 1115 467 1154 ut
489 1112 535 1154 P.
561 1111 776 1154 Martinus
809 1112 864 1154 ad
887 1115 1060 1166 tenipus
1083 1112 1270 1160 abesset,
1305 1112 1382 1154 sed
1415 1112 1529 1165 quod
1561 1114 1737 1166 optaret
1769 1111 1862 1153 eius

87 1176 273 1219 reditum
306 1177 360 1219 ad
383 1176 782 1230 Quadragesimam,
818 1178 918 1230 quia
944 1180 1073 1220 notus
1107 1180 1151 1219 et
1183 1180 1336 1231 gratus
1370 1179 1487 1219 esset
1509 1177 1725 1231 Monachij
1760 1190 1862 1218 con-

84 1241 289 1285 tionator.
344 1242 429 1284 Vbi
461 1242 677 1297 respondi,
711 1257 795 1284 non
829 1243 1078 1286 defuturum
1111 1242 1233 1285 nobis
1267 1243 1611 1285 contionatorem
1646 1242 1791 1292 alium,
1825 1241 1862 1283 si

86 1307 228 1349 redire
259 1308 332 1349 ille
365 1322 449 1350 non
482 1310 631 1362 posset
653 1322 703 1350 eo
726 1311 937 1362 tempore.
980 1308 1129 1350 Monui
1156 1309 1288 1351 etiam
1312 1308 1364 1350 de
1386 1322 1637 1350 successore
1660 1309 1707 1351 P.
1727 1307 1861 1350 Scho-

86 1372 234 1423 richio,
269 1373 341 1426 qui
372 1373 589 1427 Monachij
623 1387 854 1416 mansurus
887 1376 1004 1416 esset
1017 1375 1045 1425 5,
1081 1377 1125 1416 et
1158 1388 1284 1427 quem
1318 1376 1571 1428 optaremus
1605 1374 1750 1427 quiete
1783 1387 1862 1415 Va-

85 1452 185 1480 care
218 1452 322 1480 suae
355 1439 610 1490 ualetudini,
645 1442 694 1482 ut
717 1444 845 1492 quam
869 1453 999 1493 saepe
1032 1439 1167 1482 sentit
1199 1439 1424 1489 afflictam,
1460 1453 1538 1481 nec
1570 1439 1677 1482 utile
1710 1438 1860 1488 uideri,

87 1507 135 1545 vt
176 1503 290 1545 idem
330 1504 374 1545 in
416 1504 717 1546 examinandis
758 1504 1004 1554 haereticis,
1047 1504 1121 1558 qui
1161 1504 1491 1558 proscribuntur
1532 1507 1577 1547 et
1618 1504 1860 1558 eijciuntur,

85 1572 384 1623 occuparetur.
431 1569 530 1612 hinc
572 1569 828 1613 societatem
871 1572 1066 1612 nostram
1109 1584 1271 1623 augere
1313 1570 1393 1612 sibi
1436 1571 1670 1613 multorum
1704 1569 1861 1620 odium,

85 1637 131 1676 et
162 1634 369 1677 maiorem
402 1635 592 1677 fructum
624 1635 823 1689 impediri
855 1649 996 1689 posse,
1039 1649 1165 1689 quem
1209 1635 1432 1690 cupiamus
1464 1636 1508 1677 in
1540 1635 1729 1678 Bauaria
1761 1648 1863 1690 pro-

88 1702 304 1743 1110110106.

207 1787 234 1818 a)
256 1788 424 1819 Sequuntur
444 1795 486 1812 vv.
505 1787 557 1813 ubi
577 1787 828 1818 commoraretur,
849 1788 939 1813 oblitt.

210 1909 219 1928 ¹
254 1908 309 1942 Mt
338 1908 390 1949 15,
419 1908 481 1949 14;
509 1908 565 1948 23,
594 1907 637 1942 16
663 1907 720 1941 24.
770 1906 861 1941 Rom
887 1907 919 1948 2,
950 1907 1010 1948 19;
1039 1907 1085 1941 cf.
1114 1907 1162 1942 Lc
1190 1908 1220 1948 6,
1249 1908 1304 1942 39.

208 1961 221 1981 2
257 1961 296 1995 P.
328 1963 502 2006 Georyius
533 1962 765 1995 Schorichins
801 1960 836 1995 S.
864 1961 897 1995 J.
933 1961 1123 1995 Monachio
1159 1961 1310 1995 2.1unii
1347 1961 1438 1996 1569
1478 1961 1516 1996 P.
1545 1961 1667 1996 Ioanni
1706 1960 1862 1995 Polanco

86 2017 104 2033 -:÷
116 2014 280 2060 scripsit:
321 2015 370 2058 „ll
397 2015 497 2049 Duca
524 2014 550 2049 s*
567 2026 628 2048 era
653 2026 701 2047 vn
728 2026 816 2059 poco
843 2014 1019 2057 sdegnato
1046 2017 1171 2049 contra
1196 2014 1222 2048 il
1250 2014 1288 2048 P.
1316 2014 1483 2056 Martino,
1519 2027 1583 2060 per
1609 2015 1721 2050 hauer
1747 2015 1862 2060 predi-

87 2070 167 2102 cato
195 2069 238 2102 .5.
266 2080 328 2113 per
354 2070 457 2103 cento
482 2080 527 2102 no
553 2079 653 2102 esser
678 2068 789 2110 licito,
822 2070 858 2102 et
883 2068 1053 2102 massinie
1080 2080 1100 2103 a
1128 2068 1214 2103 frati
1241 2068 1276 2102 di
1303 2068 1349 2103 .S.
1377 2068 1588 2103 Francesco.
1616 2068 1801 2103 Dominico
1829 2071 1863 2103 et

87 2121 171 2156 altri
258 2121 488 2156 Franciscani
515 2122 551 2155 in
578 2123 704 2166 queste
725 2121 841 2156 vande
859 2124 1016 2165 tengono
1043 2133 1142 2156 esser
1167 2122 1267 2156 licito
1294 2133 1414 2156 coram
1442 2123 1506 2156 deo
1596 2125 1632 2156 et
1656 2134 1727 2156 non
1754 2122 1862 2156 fanno

86 2175 255 2221 scrupulo
281 2176 436 2210 veruno“
469 2175 530 2218 (ex
556 2175 773 2220 a1·chetypo;
810 2175 853 2210 G.
880 2175 945 2221 Ep.
973 2175 1006 2209 X
1036 2176 1061 2210 f.
1092 2175 1203 2219 189³).
1255 2175 1459 2210 Felicianus
1485 2176 1696 2220 Ninguarda
1723 2175 1764 2210 O.
1792 2176 1861 2216 Pr„

87 2241 169 2264 cum
206 2240 252 2263 m.
278 2229 473 2263 Februario
512 2240 544 2263 3.
572 2229 664 2263 1574
702 2229 883 2263 Monachii
922 2229 1181 2263 monasterium
1217 2229 1542 2264 Franciscanorum
1581 2229 1861 2264 Observantiuni

87 2282 264 2324 visitaret,
300 2282 529 2328 disciplinam
565 2283 600 2316 in
637 2295 677 2317 eo
712 2283 919 2326 religiosam
948 2283 1073 2327 vigere
1109 2283 1280 2327 cognovit
1308 2283 1371 2327 (K.
1400 2284 1610 2327 Schellhrass,
1647 2283 1769 2317 Akten
1799 2295 1863 2317 zur

86 2336 434 2380 Reformthatigkeit
452 2335 609 2370 Felician
626 2336 878 2380 Ninguarda’s‚
906 2336 942 2370 in
966 2335 1134 2379 „Quellen
1153 2337 1225 2371 und
1245 2336 1502 2380 Forschungen
1529 2348 1593 2371 aus
1612 2336 1863 2371 italienischen

88 2389 271 2424 Archiven
359 2389 575 2433 herausgeg.
595 2401 678 2424 vom
697 2389 740 2424 K.
756 2389 900 2425 Preuss.
919 2390 1014 2425 Hist.
1034 2391 1182 2424 Institut
1200 2390 1236 2424 in
1255 2389 1344 2424 Rom
1364 2390 1389 2431 1,
1417 2390 1505 2424 Rom
1528 2390 1629 2431 1898,
1654 2390 1860 2431 247—248;

86 2443 133 2477 cf.
160 2443 267 2478 etiam
295 2444 420 2477 Parth.
440 2444 578 2486 Minyes
604 2442 645 2477 O.
670 2443 708 2477 F.
728 2443 788 2485 M..
817 2442 1034 2478 Geschichte
1061 2444 1124 2478 der
1150 2443 1414 2478 Franziskaner
1440 2444 1475 2477 in
1502 2444 1655 2488 Bayern,
1682 2443 1862 2478 Mi'mchen

90 2495 191 2539 1896,
219 2496 360 2531 73—74
386 2496 557 2540 94—95).

208 2550 220 2570 ³
246 2550 395 2584 Alberto
413 2550 457 2584 V.
604 2551 617 2570 4
643 2549 815 2584 Friderici
842 2561 863 2584 a
881 2550 1083 2594 WVirsberg.

207 2604 221 2623 ⁵
247 2602 495 2638 Schorichium
530 2603 595 2638 sub
630 2603 772 2637 initium
807 2615 852 2638 m.
879 2604 972 2638 Iunii
1007 2616 1072 2649 pro
1099 2603 1336 2638 Stevordiano
1372 2604 1407 2637 in
1439 2602 1574 2648 templo
1608 2602 1750 2647 collegii
1784 2604 1863 2638 sive

89 2656 345 2699 augustiniano
372 2657 631 2691 contionatoris
657 2669 804 2691 munere
830 2657 933 2702 fungi
960 2658 1121 2703 coepisse
1148 2657 1374 2701 intellegitur
1401 2669 1445 2691 ex
1472 2656 1632 2691 eiusdem
1660 2658 1864 2692 Schorz‘chii

85 2710 258 2752 mitteris,
285 2722 375 2754 quas
402 2711 505 2745 inodo
532 2710 618 2745 dixi.

209 2765 221 2784 ⁶
248 2763 417 2798 Albertus
436 2764 478 2799 V.
505 2764 582 2798 iure
617 2776 681 2809 per
715 2775 840 2809 pacem
875 2764 1063 2808 religionis
1098 2766 1341 2807 augustanam
1377 2764 1588 2798 confirmato
1619 2765 1862 2809 superioribus

87 2817 160 2850 iam
185 2817 289 2851 annis
314 2817 494 2852 interdum
520 2829 608 2852 usus
635 2820 732 2852 erat:
766 2818 847 2859 Eos,
875 2818 936 2862 qui
963 2817 1178 2852 catholicam
1206 2817 1417 2861 religionem
1443 2817 1602 2862 profiteri
1629 2818 1863 2862 pertinaciter

87 2872 308 2912 recusarant,
347 2882 393 2904 ex
418 2871 576 2906 Bavaria
602 2872 701 2905 exire
728 2872 895 2906 iusserat.
946 2871 1050 2905 Anno
1077 2873 1198 2905 autem
1228 2871 1317 2906 1569
1346 2871 1439 2906 idem
1466 2870 1646 2916 copiosius
1681 2873 1718 2905 et
1743 2872 1862 2906 acrius

88 2925 273 2968 praestare
308 2924 437 2969 coepit.
487 2925 543 2959 Ita
580 2945 622 2949 —
659 2925 694 2959 id
731 2925 824 2969 quod
857 2925 952 2959 haud
988 2925 1063 2959 5010
1099 2936 1145 2959 311
1180 2936 1294 2968 usque
1330 2924 1447 2959 adhuc
1482 2925 1645 2968 ignotum
1681 2925 1792 2959 fuerit
1817 2945 1862 2948 —

88 2976 128 3010 P.
160 2978 333 3020 Geor-qius
369 2978 598 3013 Schorichius
624 2978 659 3013 S.
686 2979 719 3013 J.
746 2979 782 3012 in
818 2977 990 3019 *litteris‚
1026 2989 1117 3022 quas
1152 2989 1262 3023 supra
1289 2978 1388 3021 (adn.
1415 2978 1452 3022 2)
1482 2978 1567 3019 dixi,
1604 2977 1693 3012 haec
1719 2981 1862 3013 narrat:

89 3028 393 3074 Quadragesimae
419 3033 580 3076 tempore
607 3031 869 3066 Landishutum
898 3032 941 3066 ad
961 3031 1194 3066 Guilielmum
1217 3031 1433 3077 „principem
1460 3031 1653 3066 iuniorem²
1684 3032 1862 3076 perlatum

89 3087 145 3117 est
170 3083 380 3118 mandatum
407 3085 533 3129 patris,
569 3097 614 3119 ex
650 3097 719 3130 quo
752 3085 812 3119 ille
838 3097 1009 3129 magnum
1036 3085 1209 3128 gaudium
1235 3085 1351 3130 cepit:
1387 3084 1577 3119 Mandavit
1603 3084 1785 3126 Albertus,
1822 3089 1863 3119 ut
