2044 3335
417 114 514 149 Mon.
543 114 611 149 918
637 114 715 149 sive
742 126 824 158 aug.
845 114 942 158 (a8).
985 114 1017 149 A
1044 114 1098 149 23.
1119 114 1163 148 ad
1190 113 1246 148 27.
1265 113 1401 159 Aprilis
1428 113 1530 148 1571.
1774 115 1859 156 521

94 243 194 281 918
223 245 301 280 sive
329 254 451 290 aug.
472 244 529 291 (a
542 243 618 290 8).
692 244 721 280 A
741 244 798 281 23.
817 244 863 281 ad
889 245 943 281 27.
962 244 1105 292 Aprilis
1130 244 1215 281 1571.

213 316 269 350 Ex
304 317 593 360 congregationis
628 317 719 351 actis
755 316 993 358 authenticis,
1028 316 1178 350 Romam
1213 316 1257 350 ad
1292 316 1523 351 Franciscum
1557 316 1726 359 Borgiam
1762 327 1865 361 prae-

92 370 250 414 positum
277 369 480 413 generalem
517 369 649 411 missis,
685 381 777 414 quae
812 371 958 404 exstant
993 369 1029 404 in
1065 370 1149 405 Cod.
1179 370 1291 412 „Acta
1318 369 1541 413 Congregat:
1580 369 1863 404 Provincialium

95 423 196 457 1567.
225 423 288 457 68“
319 423 344 457 f.
365 423 567 457 1752—176
586 423 623 443 ¹³³⁵
640 424 666 458 b.
709 424 880 457 Actorum
907 423 1164 468 apographum,
1192 423 1285 466 quod
1311 434 1342 457 a.
1365 422 1452 457 1587
1481 434 1543 467 pro
1569 423 1754 468 provincia
1774 422 1861 457 Ger-

92 476 232 510 maniae
266 476 462 521 superioris
494 476 669 522 scriptum
697 479 762 516 est,
793 478 914 510 exstat
939 476 975 510 in
1002 475 1086 510 Ood.
1116 476 1176 518 „B.
1207 476 1268 510 lO“
1299 487 1331 520 p.
1361 476 1509 510 13—15.
1553 475 1629 518 Quo
1654 475 1863 521 apographo

93 541 181 564 usus
207 541 286 563 esse
312 529 456 576 videtur
483 531 654 573 Ayricola
679 529 702 564 l.
722 541 750 564 c.
770 530 796 570 I,
824 529 908 565 Dec.
934 531 967 570 4,
993 541 1027 564 n.
1054 530 1087 564 9.

217 607 383 640 Cam'sius
418 607 599 650 Auyustae
636 607 899 649 conyreqationi
929 606 1153 649 provinciali
1185 605 1372 639 Sociorum
1412 606 1628 638 Germaniae
1664 606 1863 649 superioris

90 661 246 694 interest.
297 660 458 703 Eliyitzcr
484 661 531 693 ad
559 657 781 704 „postulatd‘
808 659 1031 693 secernenda.

213 741 504 796 Congregatio
536 741 837 796 provincialis,
880 755 990 795 quae
1022 755 1048 782 a
1080 739 1216 783 Sociis
1249 739 1506 782 Germaniae
1538 740 1772 795 superioris
1805 755 1861 784 ex

92 806 362 861 praescripto
395 806 752 849 constitutionum
785 806 1016 849 Societatis
1048 819 1087 848 a.
1123 807 1233 847 1571
1268 804 1468 847 habenda
1508 809 1604 849 erat
1636 805 1696 859 (V.
1730 821 1862 860 supra

91 886 132 926 p.
161 871 276 924 164),
299 871 505 914 incohata
527 874 595 914 est
616 871 843 925 Augustae
867 873 937 915 23.
954 870 1117 925 Aprilis
1138 872 1263 913 1571.
1308 870 1612 913 Convenerant
1633 870 1680 913 P.
1701 871 1862 914 Paulus

91 937 302 979 Hoffaeus
323 936 598 991 praepositus
620 936 911 991 provincialis,
942 937 1011 987 „P.
1034 937 1086 979 D.
1110 936 1268 979 Petrus
1290 935 1528 986 Canisius“‚
1552 936 1635 979 ΡΡ.
1654 936 1864 979 Nicolaus

90 1002 301 1052 Lanoius,
335 1000 584 1055 Alphonsus
616 1001 821 1053 Pisanus,
856 1001 1146 1044 Theodoricus
1179 1000 1375 1043 Canisius
1416 1003 1561 1044 rector
1601 1001 1861 1055 dilinganus‚

90 1067 385 1120 Hieronymus
417 1066 658 1116 Torrensis‚
700 1066 959 1120 „Gregorius
990 1066 1256 1121 Rossephius
1297 1066 1503 1120 Superior
1533 1066 1862 1120 Augustanus“‚

92 1132 256 1186 Caspar
292 1131 597 1182 „Heuuodus“,
638 1131 891 1174 Theodorus
933 1132 1163 1183 Peltanus,
1202 1131 1419 1173 Henricus
1451 1133 1672 1174 Arboreus
1711 1132 1863 1183 „Vice-

90 1198 256 1239 rector“
285 1196 652 1250 ingolstadiensis,
679 1197 896 1239 Gerardus
919 1197 1136 1240 Pastelius
1158 1200 1305 1240 rector
1326 1197 1655 1252 oenipontanus,
1679 1198 1864 1241 Ioannes

90 1261 357 1305 Rabenstein
399 1264 544 1305 rector
584 1262 795 1313 balensis,
840 1262 1089 1305 Dominicus
1120 1262 1352 1316 Menginus
1391 1265 1535 1306 rector
1576 1263 1861 1307 monacensis.

92 1326 363 1371 Secretarius
395 1327 749 1381 congregationis
781 1328 945 1371 electus
978 1331 1046 1370 est
1067 1328 1115 1372 P.
1138 1327 1418 1379 Rabenstein,
1454 1327 1578 1382 eique
1611 1328 1753 1370 socius
1785 1329 1863 1371 ad-

89 1392 207 1435 ditus
240 1395 307 1435 est
339 1392 385 1435 P.
420 1392 650 1436 Pastelius.
713 1393 879 1435 Deinde
912 1393 1134 1436 decretum
1167 1395 1247 1443 est,
1281 1395 1330 1436 ut
1362 1393 1401 1436 d.
1435 1395 1506 1437 25.
1539 1393 1703 1448 Aprilis
1734 1407 1863 1436 mane

92 1457 350 1511 eligeretur,
392 1457 464 1511 qui
495 1457 746 1511 provinciae
787 1461 1046 1512 procurator
1077 1458 1258 1500 Romam
1301 1458 1356 1500 ad
1397 1459 1692 1513 praepositum
1730 1473 1863 1513 gene-

91 1523 227 1565 ralem
261 1524 379 1565 esset
411 1522 699 1577 profecturus,
753 1523 907 1577 Itaque
940 1538 990 1566 eo
1024 1523 1092 1566 die
1115 1523 1280 1566 electus
1313 1526 1381 1566 est
1412 1523 1597 1578 primum
1627 1524 1704 1575 „ad
1737 1524 1864 1579 plura

90 1588 328 1630 medietate
350 1587 584 1641 suffragia“
615 1589 663 1632 P.
680 1588 884 1641 Lanoius,
920 1589 1073 1632 deinde
1102 1589 1411 1639 „substitutus“
1448 1589 1539 1632 eius
1558 1590 1603 1633 P.
1623 1590 1862 1634 Haivodus.

91 1653 256 1696 Eodem
291 1653 329 1696 d.
359 1654 427 1696 25.
455 1652 615 1707 Aprilis
654 1654 762 1705 „duo
795 1668 851 1697 ex
882 1654 1100 1710 primarijs
1132 1654 1335 1697 Patribus
1368 1654 1566 1709 deputati
1597 1658 1711 1706 sunt,
1746 1655 1865 1697 uide-

91 1718 193 1761 ]icet
224 1718 275 1761 R.
305 1718 352 1762 P.
386 1719 438 1761 D.
472 1718 629 1761 Petrus
662 1719 871 1770 Canisius,
914 1720 961 1763 P.
994 1721 1046 1763 D.
1078 1719 1288 1762 Alfonsus
1320 1719 1504 1762 Pisanus
1537 1720 1608 1774 qui
1649 1734 1735 1763 una
1768 1734 1864 1762 cum

91 1783 143 1828 R.
172 1784 218 1827 P.
249 1783 512 1826 Prouinciali
544 1798 599 1826 ex
631 1784 684 1839 ijs
716 1786 845 1827 rebus
879 1799 985 1839 quas
1019 1785 1177 1839 singuli
1209 1785 1445 1836 adferrent,
1489 1799 1564 1828 eas
1595 1788 1766 1828 tantum
1800 1800 1865 1828 se-

90 1849 279 1903 ligerent
297 1863 408 1902 quae
427 1849 584 1903 dignae
602 1854 749 1893 essent
766 1853 814 1893 ut
831 1850 1169 1905 Congregationi
1188 1850 1489 1905 dijudicandae
1505 1853 1864 1906 proponerentur.

92 1914 264 1958 Placuit
296 1914 632 1968 Congregationi
664 1918 714 1959 ut
746 1930 895 1958 omnes
927 1918 1031 1959 ante
1063 1916 1298 1959 secundam
1338 1916 1490 1958 horam
1522 1916 1865 1971 pomeridianam

93 1980 178 2022 diei
210 1979 431 2033 sequentis
462 1994 533 2022 res
565 1995 667 2023 suas
701 1981 755 2024 ad
788 1982 1021 2036 deputatos
1054 1982 1208 2024 Patres
1247 1981 1554 2024 discernendas
1595 1982 1859 2025 adferrent.“

91 2045 254 2087 Diebus
285 2045 420 2098 igitur
457 2047 525 2096 „4²²3
562 2049 606 2089 et
639 2048 682 2088 5ει
713 2046 1097 2101 Congregationis“
1136 2046 1224 2099 (26.
1259 2050 1304 2090 et
1337 2049 1405 2090 27.
1435 2046 1616 2102 Aprilis)
1650 2047 1702 2090 de
1734 2048 1864 2090 rebus

89 2111 176 2152 illis
224 2110 508 2153 deliberatum
556 2114 622 2162 et,
672 2112 774 2166 quid
821 2112 1070 2167 praeposito
1118 2112 1311 2167 generali
1358 2113 1683 2167 proponendum
1731 2115 1861 2164 esset,

91 2177 308 2219 statutum
355 2178 435 2219 est.
513 2176 681 2219 Deinde
729 2177 797 2220 die
849 2182 976 2221 sexto
1025 2178 1114 2230 (28.
1162 2177 1365 2233 Aprilis),
1419 2192 1521 2220 num
1579 2178 1864 2232 congregatio

91 2241 309 2295 'generalis
370 2240 570 2284 habenda
623 2245 760 2294 esset,
825 2257 1085 2299 expensum,
1150 2246 1194 2287 et
1246 2243 1529 2298 congregatio
1582 2243 1864 2298 provincialis

92 2307 294 2349 absoluta
326 2308 406 2349 est.

211 2393 447 2428 Decretorum
473 2393 533 2428 vel
559 2394 679 2439 potius
702 2394 1003 2440 „postulatorum“
1025 2394 1176 2430 Romam
1202 2395 1391 2430 missorum
1419 2407 1590 2430 numerus
1616 2406 1769 2439 magnus
1794 2407 1866 2430 non

92 2450 180 2482 erat.
231 2447 389 2489 Quorum
416 2447 491 2482 fere
516 2448 711 2493 praecipua
736 2448 826 2483 haec
852 2451 974 2484 erant:
1008 2449 1171 2493 Rogetur
1200 2448 1391 2492 generalis,
1426 2451 1467 2483 ut
1493 2449 1692 2483 officiorum
1719 2448 1866 2492 regulas

90 2501 184 2543 illas,
211 2512 303 2545 quae
338 2500 455 2536 adhuc
490 2501 639 2542 desunt,
675 2502 815 2543 mittat3
851 2504 996 2547 petatur
1029 2513 1171 2547 quoque
1206 2502 1363 2536 facultas
1404 2514 1515 2544 „vnas
1549 2504 1691 2537 tantum
1718 2502 1867 2537 annales

91 2553 304 2589 Prouinciae
329 2554 472 2589 nomine
499 2555 764 2589 conscribendi“
795 2567 859 2601 pro
884 2555 1109 2599 singulorum
1135 2555 1370 2599 collegiorum
1404 2555 1536 2590 litteris
1568 2555 1708 2591 annuis.
1758 2556 1866 2590 Prae-

91 2611 190 2642 terea
216 2607 373 2643 Lanoius
400 2607 464 2651 ,30
488 2608 596 2643 dubia
622 2611 825 2643 nostrorum
851 2610 947 2643 circa
973 2608 1185 2643 cerimonias
1202 2609 1355 2643 missae“
1377 2608 1528 2643 Romam
1553 2620 1676 2644 secum
1703 2609 1867 2645 abstulit.

91 2661 226 2696 Romae
261 2663 381 2695 autem
417 2673 628 2707 responsum
665 2665 721 2696 est
755 2662 798 2696 de
832 2662 988 2706 regulis:
1026 2662 1237 2705 Mittentur,
1272 2662 1333 2696 ubi
1368 2662 1486 2697 editae
1521 2665 1625 2697 erunt
1664 2662 1778 2708 (typis
1805 2674 1867 2698 eas

93 2714 298 2749 exscribere
336 2714 549 2759 volebant);
592 2718 628 2750 et
665 2715 708 2749 de
746 2715 880 2750 litteris
918 2715 1047 2750 annuis
1084 2714 1312 2760 provinciae:
1358 2715 1505 2758 „Placet
1542 2718 1583 2750 ut
1620 2716 1663 2751 ob
1702 2717 1866 2751 diuersas

92 2779 222 2803 causas
260 2770 297 2802 et
333 2767 513 2803 utilitates
550 2768 585 2802 id
625 2768 794 2814 deinceps
832 2768 964 2814 ubique
1001 2769 1096 2804 fiat.“
1159 2769 1215 2803 Ita
1253 2770 1417 2803 Lanoius
1454 2780 1519 2804 sua
1559 2781 1666 2804 manu
1696 2770 1865 2805 *notavit

97 2821 135 2865 (l.
169 2833 199 2856 c.
226 2821 250 2856 f.
280 2821 394 2866 179³).

211 2896 266 2933 Ad
290 2895 381 2933 haec
398 2898 633 2934 monumenta
651 2897 841 2945 pertinent
859 2897 972 2935 etiam
990 2898 1075 2934 acta
1093 2897 1397 2946 congregationis
1416 2898 1658 2945 provincialis
1676 2899 1867 2946 Augustae

92 2949 137 2986 ab
165 2950 221 2986 28.
240 2949 382 2998 Aprilis
408 2949 454 2987 ad
478 2951 514 2987 4.
534 2950 618 2988 Maii
637 2951 719 2988 1568
747 2961 769 2988 a
795 2950 912 2988 Sociis
939 2951 1154 2988 Germaniae
1181 2951 1386 2999 superioris
1412 2951 1582 2999 habitae;
1611 2962 1703 2999 quae
1730 2955 1866 3000 tamen,

93 3003 264 3050 quoniam
300 3014 381 3040 eum
414 3004 526 3040 rebus
560 3004 599 3040 in
633 3004 746 3041 Italia
781 3015 814 3041 a.
839 3004 923 3041 1568
958 3015 980 3041 a
1011 3005 1153 3042 Canisio
1187 3004 1307 3052 gestis
1341 3005 1500 3042 maxime
1535 3005 1732 3043 coniuncta
1768 3008 1866 3053 sunt,

92 3058 277 3104 ponentur
302 3056 417 3104 infra,
444 3057 482 3093 in
508 3059 752 3095 monumentis
778 3057 932 3104 italicis,
964 3068 1059 3095 mon.
1087 3058 1156 3095 948
1183 3058 1264 3095 949.
1316 3059 1517 3096 Praeterea
1543 3059 1589 3096 ad
1618 3059 1708 3096 haec
1743 3070 1867 3097 monu-

93 3111 218 3147 menta
244 3109 371 3157 aliqua
396 3110 543 3148 ratione
569 3113 741 3158 spectant
766 3121 861 3148 mon.
889 3111 949 3148 931
976 3112 1043 3148 932
1069 3111 1157 3149 1046
1182 3112 1266 3149 1065
1292 3111 1370 3149 1081
1395 3112 1491 3149 1085.
