2044 3335
176 133 230 174 86
328 131 428 165 1511.
448 129 566 164 Vinck
586 129 671 164 Can.
701 131 731 163 7.
751 129 831 164 Oct.
852 128 954 163 1567.
1008 129 1108 164 1512.
1128 129 1304 164 Polancus
1324 129 1409 164 Can.
1443 130 1496 164 11.
1518 130 1635 174 (1252)
1657 130 1736 165 Oct.
1758 131 1859 166 1567.

176 248 287 283 Roma
314 248 345 282 8.
373 247 587 282 Novembris
614 247 658 281 ad
685 246 819 280 Oanisii
847 245 1023 290 epistulas
1052 246 1104 280 18.
1133 248 1169 280 et
1195 246 1251 280 25.
1279 245 1500 291 Septembris
1526 250 1562 281 et
1585 247 1618 282 4.
1645 246 1812 282 Octobris
1838 248 1942 282 datas

175 313 217 336 ac
242 301 350 336 simul
376 301 420 334 ad
446 311 569 334 casum
596 299 695 333 illum
714 300 898 344 respondit
919 299 968 343 (v.
988 298 1082 333 infra
1107 298 1285 342 n.1524);
1313 311 1405 344 quae
1430 300 1632 341 ostendunt,
1660 312 1782 335 casum
1808 300 1941 336 litteris

174 355 207 388 4.
235 354 401 388 Octobris
428 353 522 387 datis
548 353 756 387 adiunctum
784 364 872 387 esse.

293 407 426 441 Romae
445 418 523 440 cum
543 405 688 440 saeculo
706 405 820 440 XVII.
844 416 1053 450 „processus
1072 405 1372 440 canonizationis“
1395 405 1565 440 Stanislai
1579 406 1742 440 Kostkae
1760 409 1939 450 ageretur,

177 459 360 504 „Epistola
385 459 572 502 originalis
598 459 638 492 P.
658 458 756 492 Petri
784 458 919 493 Canisii
945 458 1081 503 scripta
1105 459 1292 502 Augustae
1310 460 1343 492 4.
1363 458 1530 493 Octobris
1557 459 1641 493 anni
1661 460 1778 493 15673
1803 459 1940 494 directa

173 513 212 546 B.
239 512 430 546 Francisco
457 512 610 555 Borgiae
635 514 711 545 turn
738 511 950 556 Praeposito
976 511 1156 554 generali“
1187 512 1383 554 recognita,
1409 512 1629 557 transcripta
1657 512 1719 554 (ex
1744 513 1876 557 parte),
1904 514 1939 547 in

172 565 316 599 tabulas
341 565 456 599 relata
482 567 537 599 est
567 565 864 609 (Conyreyatione
898 565 1089 600 Sacrorum
1115 564 1263 598 Rituum
1291 592 1297 599 .
1319 592 1325 598 .
1347 592 1354 599 .
1381 564 1552 606 Romana,
1588 577 1652 599 seu
1679 564 1824 600 Polona.
1876 564 1940 600 Ca—

172 618 408 652 nonizationis
426 618 530 652 Beati
549 618 721 653 Stanislai
739 618 904 652 Kostkae
932 645 939 652 .
955 645 962 652 .
980 645 987 652 .
1014 618 1150 652 Positio
1176 629 1284 662 super
1301 618 1418 652 dubio.
1455 618 1512 652 An
1530 620 1671 653 constet
1689 618 1732 652 de
1751 618 1939 653 validitate

172 672 411 706 Processuum
438 671 582 714 Romae,
610 672 810 706 Posnaniae
919 672 1172 713 confectorum,
1199 671 1333 706 Romae
1362 671 1462 713 1669,
1490 671 1538 715 9).

294 741 445 786 Borgias
472 742 615 777 Canisio
641 743 825 787 respondit
851 743 882 777 8.
909 741 1124 776 Novembris
1153 742 1254 776 1567.

176 861 309 899 1511.
403 862 465 898 P.
492 861 838 899 ANTONIUS
864 861 1087 898 VINGK
1113 861 1167 898 S.
1186 861 1242 898 J.
1269 862 1477 908 provinciae
1509 863 1689 897 rhenanae
1714 864 1942 908 praepositus

363 916 562 951 CANISIO.
1229 916 1420 960 Moguntia
1446 916 1512 951 sub
1540 917 1572 951 7.
1592 916 1760 951 Octobris
1790 917 1889 951 1567.

294 987 349 1021 Ex
375 987 520 1021 Vinckii
547 988 591 1021 ad
619 987 787 1031 Bor-giam
814 987 947 1021 litteris
973 987 1221 1032 autographis.
1261 986 1303 1022 G.
1331 986 1396 1032 Ep.
1416 987 1503 1021 VIII
1529 987 1552 1021 f.
1581 986 1678 1021 327¹).

292 1058 365 1091 Pro
393 1059 456 1093 Fr.
482 1059 691 1102 Ernfelder,
722 1060 761 1092 in
782 1060 1010 1102 provinciam
1037 1058 1153 1092 Rheni
1178 1059 1356 1103 mittendo,
1382 1060 1448 1093 Fr.
1475 1061 1654 1092 Astensem
1680 1060 1795 1092 mittit.

289 1122 329 1155 P.
356 1123 539 1156 Antonius
564 1123 676 1156 Vincit·
695 1124 906 1166 provinciae
930 1124 1114 1157 rhenanae
1132 1125 1361 1167 praepositus
1388 1125 1576 1167 Moyuntia
1603 1126 1635 1158 7.
1664 1124 1822 1158 Octobris
1846 1126 1937 1157 1567

171 1175 369 1209 Francisco
395 1177 550 1220 Boryiae
570 1178 776 1220 praeposito
799 1178 962 1220 yenerali
986 1178 1037 1209 sic
1061 1178 1206 1219 scripsit
1231 1178 1273 1210 de
1294 1178 1360 1211 Fr.
1379 1177 1577 1210 Francisco
1596 1178 1748 1220 Astensi,
1775 1188 1875 1221 quem
1899 1178 1939 1210 in

179 1230 412 1262 Germaniam
437 1232 657 1273 superiorem
678 1242 749 1273 pro
767 1231 832 1264 Fr.
852 1231 980 1264 Iacobo
998 1230 1195 1272 Ernfelder
1219 1232 1374 1274 spirensi
1399 1232 1438 1263 in
1463 1241 1589 1264 novum
1617 1231 1800 1274 colleqium
1824 1231 1940 1264 herbi-

164 1281 319 1324 polense,
355 1284 448 1326 qaod
468 1285 677 1326 provinciae
702 1285 886 1317 rhenanae
920 1287 1007 1327 erat,
1039 1295 1059 1316 a
1091 1285 1237 1317 Canisio
1263 1285 1368 1317 misso
1396 1285 1457 1325 (de
1483 1295 1551 1327 qno
1572 1284 1686 1327 plura
1711 1285 1849 1326 infra),
1885 1284 1940 1317 ire

170 1336 343 1368 iusserat:
378 1337 518 1380 „Hoyyi
552 1337 596 1370 ho
630 1338 799 1371 mandato
829 1348 874 1370 vn
898 1338 1069 1380 mayistro
1105 1338 1141 1370 al
1167 1338 1210 1371 R.
1230 1338 1269 1371 P.
1293 1337 1448 1380 Canisio,
1484 1338 1512 1370 il
1538 1338 1712 1381 Mayistro
1738 1338 1938 1371 Francesco

170 1392 314 1432 astense,
350 1389 383 1422 lo
419 1391 521 1433 quale
554 1392 593 1424 in
620 1388 745 1424 Fris’ia
780 1391 826 1423 lea
862 1392 1045 1434 inseynato
1080 1391 1116 1423 Za
1151 1390 1351 1434 hnmanita,
1386 1392 1425 1423 ‘in
1461 1401 1685 1433 recompensa
1720 1391 1775 1423 del
1803 1391 1939 1425 Jacobo

169 1443 339 1485 spirense,
375 1444 408 1476 lo
443 1444 546 1487 quale
579 1455 652 1477 non
685 1445 718 1477 si
751 1449 858 1478 troica
894 1445 976 1477 bene
1010 1445 1049 1476 in
1075 1445 1270 1487 oeniponto‚
1306 1445 1403 1477 aecio
1439 1444 1498 1477 che
1531 1445 1564 1477 si
1589 1445 1716 1477 mandi
1747 1445 1787 1477 in
1817 1448 1936 1488 questa

168 1497 357 1537 prow'ntia
382 1497 438 1530 del
463 1497 585 1530 Rheno
610 1499 700 1531 done
723 1509 886 1541 spei-amo
910 1499 943 1531 si
967 1502 1121 1531 trouara
1147 1496 1304 1540 meyliof‘

289 1566 484 1601 Vinckium
512 1567 655 1602 Canisio
691 1580 772 1602 eum
798 1568 854 1602 Fr.
883 1567 1031 1602 Astensi
1068 1567 1177 1602 etiam
1211 1567 1353 1602 litteras
1389 1579 1474 1602 suas
1500 1567 1644 1602 misisse
1678 1568 1769 1603 satis
1795 1571 1932 1603 certum

170 1621 236 1652 est.
270 1619 310 1653 In
338 1619 541 1664 *Catalogo
567 1621 773 1666 provinciae
800 1621 981 1655 rhenanae
1007 1633 1053 1655 m.
1082 1622 1246 1656 Ianuario
1274 1633 1304 1655 a.
1334 1622 1424 1656 1565
1452 1622 1496 1655 ab
1523 1621 1601 1666 ipso
1628 1622 1775 1656 Vinckio
1801 1622 1936 1667 scripto

171 1671 384 1715 affirmatur,
411 1673 643 1709 Franciscum
668 1675 774 1717 hunc,
801 1687 846 1709 ex
876 1676 1033 1717 „astem⁴‘
1056 1675 1273 1709 Brabantiae
1303 1674 1445 1717 (Asten,
1471 1686 1587 1720 pagus
1613 1674 1831 1709 Brabantiae
1856 1687 1937 1720 sep-

169 1725 409 1769 tentrionalis,
444 1728 547 1771 regni
582 1728 817 1771 neerlandici)
854 1730 982 1769 ortum,
1017 1729 1061 1762 23
1089 1739 1201 1762 annos
1227 1731 1353 1762 natum
1388 1739 1468 1762 esse
1503 1730 1539 1762 et
1573 1728 1608 1761 in
1635 1727 1850 1762 Societatem
1877 1729 1935 1762 ad-

171 1779 321 1813 missum
347 1791 427 1814 esse
453 1780 621 1816 Coloniae
649 1782 703 1816 19.
731 1782 918 1816 Februarii
948 1782 1037 1816 1563
1067 1782 1107 1824 (f.
1136 1781 1205 1825 5¹³).
1248 1781 1416 1816 Astensis
1442 1783 1478 1815 in
1503 1781 1655 1815 Frisiam
1682 1782 1814 1816 missus
1840 1786 1936 1816 erat:

169 1832 262 1865 unde
284 1833 337 1867 12.
356 1834 493 1878 Aprilis
514 1835 603 1869 1567
624 1835 806 1870 Coloniam
825 1836 933 1869 rediit
954 1836 987 1879 (*
1002 1836 1193 1878 Cataloyns
1210 1835 1335 1876 colon..
1362 1847 1408 1869 m.
1428 1834 1629 1879 Septembri
1650 1835 1738 1869 1567
1757 1835 1933 1880 scriptus;

172 1884 232 1919 GC
259 1886 303 1920 67
330 1886 355 1921 f.
382 1899 451 1921 non
479 1888 600 1932 siga).

170 1998 312 2036 1512.
426 2002 487 2039 P.
523 1987 822 2040 IOANNES
864 2003 957 2039 DE
1002 2002 1320 2040 POLANCO
1369 2003 1587 2038 secretarius
1625 2003 1817 2038 Societatis
1855 2004 1937 2038 Iesu

360 2057 531 2091 mandatu
567 2058 601 2092 S.
619 2058 802 2092 Francisci
827 2057 980 2101 Borgiae
1011 2057 1206 2103 praepositi
1242 2057 1422 2101 generalis
1457 2057 1528 2091 ΡΡ.
1555 2056 1864 2091 THEODORICO
1901 2059 1936 2091 et

360 2109 516 2145 PETRO
544 2111 755 2146 CANISHS.
1217 2110 1329 2144 Roma
1359 2111 1411 2145 11.
1442 2110 1561 2154 (12.‘?)
1591 2109 1758 2144 Octobris
1787 2111 1886 2144 1567.

292 2182 347 2217 Ex
382 2183 600 2228 apographis
636 2184 759 2218 eodem
794 2184 871 2218 fere
902 2185 1063 2228 tempore
1098 2182 1244 2227 scriptis
1271 2181 1446 2227 epistulae
1473 2184 1509 2215 et
1539 2181 1806 2226 „Postscripti“,
1845 2193 1936 2226 quae

171 2237 318 2270 exstant
342 2236 378 2270 in
405 2237 485 2272 Ital.
511 2238 554 2271 67
581 2238 604 2272 f.
633 2237 806 2271 22b—23³
830 2239 867 2271 et
895 2236 1013 2271 Germ.
1043 2237 1085 2271 67
1113 2236 1138 2270 f.
1164 2236 1234 2270 72³.
1274 2236 1313 2269 ln
1339 2235 1501 2279 margine
1526 2234 1724 2280 apographi
1750 2234 1936 2279 epistulae,

173 2290 296 2323 eadem
322 2302 449 2325 manu:
490 2290 655 2335 „Dilinga
680 2290 720 2324 P.
747 2290 1010 2331 Theodorico“;
1049 2290 1084 2323 in
1120 2289 1282 2332 margine
1318 2288 1515 2333 apographi
1550 2288 1775 2333 Postscripti‚
1811 2287 1934 2322 eadem

172 2355 296 2377 manu:
329 2344 474 2386 „Eidem
500 2344 538 2378 P.
558 2344 779 2378 Theodorico
799 2343 976 2378 Canisio'‘.
1013 2343 1200 2388 Epistulae
1227 2342 1346 2387 capita
1371 2342 1492 2386 aliqua
1518 2341 1629 2376 latine
1655 2352 1762 2375 versa
1789 2343 1933 2375 exstant

173 2397 205 2430 in
234 2396 317 2431 Cod.
344 2409 480 2432 monac.
514 2397 660 2442 „Resp.“
691 2398 715 2431 f.
743 2396 816 2432 99¹³.

291 2470 441 2503 Animos
466 2470 657 2511 defectione
683 2470 817 2512 Zuyeri
843 2469 998 2511 afflictos
1022 2469 1171 2501 solatur.
1223 2468 1320 2500 Dens
1346 2467 1437 2500 bona
1463 2467 1600 2508 efficere
1624 2469 1736 2508 potest
1762 2467 1867 2498 etiam
1893 2475 1936 2497 er

173 2521 275 2554 rebus
300 2523 413 2556 malis.
466 2523 603 2556 Mirum
638 2527 696 2566 est,
733 2533 834 2555 casus
870 2523 954 2555 istos
987 2532 1059 2554 non,
1095 2521 1252 2554 accidere
1284 2521 1518 2564 frequentias.
1569 2520 1767 2561 Dilinyano
1794 2518 1934 2561 collegyio

172 2575 320 2608 daemonv
345 2577 579 2620 sinyulariter
604 2577 767 2618 infensas
792 2580 849 2609 est.
896 2575 1106 2608 Consuletm·
1132 2575 1342 2617 cardinalis,
1369 2585 1452 2606 num
1486 2573 1694 2605 Thornaeus
1719 2575 1749 2603 et
1774 2571 1935 2613 Zuyerus

173 2630 254 2670 capi
280 2633 309 2661 et
334 2630 373 2661 in
400 2630 595 2663 custodiam
622 2631 716 2662 mitti
730 2630 877 2671 possint.
914 2629 951 2661 P.
970 2629 1147 2661 Kleselins
1172 2628 1372 2660 doctrinam
1395 2626 1554 2669 proferet
1576 2635 1710 2668 pravae
1735 2624 1802 2666 illi,
1829 2634 1933 2667 quam

171 2683 242 2723 ipsi
267 2683 456 2726 affinynnt,
484 2685 706 2716 contrariam
717 2694 731 2724 ,·
769 2682 995 2725 expendetur,
1024 2692 1108 2714 num
1135 2681 1328 2723 conveniat,
1364 2684 1403 2713 ut
1429 2679 1569 2722 aliquid
1593 2679 1724 2720 scripto
1743 2678 1935 2720 proferat,·

173 2735 370 2778 videndum,
398 2747 482 2769 nium
510 2736 582 2768 alio
608 2737 701 2768 mitti
717 2735 845 2769 debeat.
885 2735 1142 2777 Professionem
1168 2734 1262 2776 fidei,
1290 2735 1352 2776 qui
1377 2733 1619 2773 admittentur,
1643 2731 1800 2773 facient,·
1829 2741 1934 2773 quam

171 2788 370 2821 studiorum
397 2793 549 2831 tempore
575 2789 802 2821 renovabunt.
840 2788 892 2821 De
910 2788 1015 2821 rebus
1030 2788 1113 2829 fidei
1131 2797 1200 2820 non
1219 2786 1472 2829 disputabitur,
1500 2786 1572 2817 nisi
1598 2788 1770 2827 quantam
1797 2786 1934 2816 contro-

173 2842 372 2874 versiarum
398 2843 583 2874 necessitas
609 2842 729 2883 eri-aet.
780 2842 926 2883 Infirmi
950 2843 988 2874 in
1014 2841 1082 2882 fide
1108 2841 1147 2872 in
1173 2840 1247 2872 alia
1273 2840 1351 2872 loca
1377 2839 1582 2878 mittentur;
1607 2838 1757 2879 suspecti
1782 2835 1832 2869 vel
1856 2846 1931 2868 cum

172 2894 253 2934 fidis
279 2895 463 2927 comitibus
488 2895 536 2926 ad
555 2895 812 2936 provincialem
839 2895 1033 2936 mittentur,
1072 2893 1122 2926 vel
1147 2894 1184 2925 in
1213 2891 1412 2925 cubiculum
1437 2890 1678 2923 includentur.
1728 2889 1935 2931 Praeposito

169 2947 330 2989 yenerali
348 2948 537 2989 provincia
569 2948 783 2980 Germaniae
807 2947 1006 2990 superioris
1029 2946 1265 2989 sinyzdariter
1300 2945 1400 2978 cordi
1425 2948 1482 2976 est.
1534 2943 1730 2975 Videndum
1755 2946 1814 2984 est,
1849 2952 1931 2974 num

173 3001 347 3042 expediat,
375 3005 411 3032 ut
437 3000 551 3042 aliqui
577 3001 624 3032 ad
651 3004 833 3042 apostatas
857 3000 1040 3040 scribant,·
1066 3001 1128 3042 qni
1152 3000 1184 3031 si
1209 2998 1436 3040 resipuerint,
1463 2997 1500 3028 in
1528 2997 1669 3029 Italiam
1695 2995 1746 3028 vel
1776 2994 1932 3027 Galliam

172 3054 264 3086 mitti
287 3057 460 3095 poterunt.

291 3134 319 3165 a)
340 3135 385 3158 Ita
407 3134 608 3165 corrigendum
631 3141 689 3157 esse
710 3140 746 3157 ea·
768 3133 845 3163 1504,
865 3133 939 3164 quod
960 3133 1160 3164 typoyraphus
1175 3132 1286 3163 posuit,
1306 3138 1354 3156 res
1372 3131 1438 3162 ipsa
1455 3131 1545 3161 plane
1565 3129 1698 3154 ostendit.
