2044 3335
705 90 903 135 Oeniponte
932 91 961 124 1.
982 90 1137 133 Augusti
1166 90 1266 124 1571.
1784 91 1869 131 459

107 208 191 250 Sed
224 210 271 250 ut
310 207 383 250 ille
416 207 539 256 dixit,
583 209 652 249 sat
685 207 784 257 cito,
829 207 864 249 si
896 209 1068 249 tantum
1101 207 1210 248 bene
1225 208 1252 250 1.
1316 207 1448 249 Breui
1488 206 1661 249 mittam
1704 205 1874 259 priores

107 272 415 326 quaterniones
447 271 542 313 libri
578 271 768 314 editos2:
804 286 878 314 oro
913 272 963 314 D.
999 271 1294 323 Emanuelem,
1329 275 1378 314 ut
1409 286 1531 314 suam
1566 271 1618 313 de
1650 270 1737 313 illis
1770 284 1872 323 quo-

107 351 189 390 que
221 351 449 379 censuram
491 337 576 379 cito
619 337 673 378 ad
706 351 774 378 me
806 337 968 386 mittat,
1012 339 1060 377 ut
1100 336 1251 378 statim
1293 339 1393 391 post
1435 337 1490 378 ad
1532 334 1873 389 recognitionem

106 402 254 443 uenire
298 401 441 452 liceat,
487 402 739 455 priusquam
784 402 893 443 liber
939 401 981 442 in
1026 401 1165 443 multa
1210 402 1479 455 exemplaria
1523 401 1873 444 transfundatur.

108 466 151 509 Si
183 467 346 509 Romae
388 466 498 508 liber
539 467 817 509 excudendus
863 469 942 516 est,
989 468 1225 519 expectent
1266 480 1428 519 quaeso
1472 466 1699 520 exemplar
1740 480 1766 507 a
1806 478 1876 506 me

107 531 392 585 castigatum:
437 531 519 574 etsi
561 546 646 573 non
688 535 834 586 petam
867 545 948 585 ego
981 534 1029 574 ut
1063 531 1228 572 Romae
1266 531 1375 573 haec
1409 531 1546 574 uelint
1578 531 1719 580 edere,
1764 543 1875 583 quae

106 596 443 650 Aquilonaribus
481 597 677 639 seruiunt
718 597 872 650 magis.
936 596 1019 639 Sed
1060 596 1262 649 ignoscat
1303 596 1407 637 mihi
1439 596 1489 637 R.
1525 596 1573 639 T.
1614 596 1727 649 quod
1768 595 1876 637 haec

105 661 283 704 minima
314 665 405 704 tam
439 662 585 704 multis
617 676 868 716 prosequar.

226 726 356 768 Adfui
390 727 456 768 his
490 727 639 769 diebus
672 727 814 769 Halae
847 726 1025 779 Reginis
1039 727 1067 777 3,
1111 739 1222 779 quae
1255 725 1513 779 cupiuerunt
1554 725 1635 767 hoc
1667 724 1878 779 perscribi

106 792 161 834 ad
193 792 244 834 R.
279 793 325 835 T.
361 806 407 834 se
448 806 621 846 rogare,
663 795 712 835 ut
743 791 1027 846 prohibeatur
1060 792 1105 834 P.
1140 790 1195 834 N.
1230 790 1543 834 Prouintialis4
1575 790 1660 833 iter
1697 790 1877 844 pedibus

106 858 338 908 conficere,
385 872 481 899 cum
526 857 724 911 proxime
766 871 821 899 ex
865 857 1068 909 Augusta
1113 856 1404 910 Oenipontum
1451 859 1495 898 et
1540 856 1699 898 Halani
1745 855 1878 909 pedes

106 923 275 965 uenerit
316 922 638 972 debiliusculuS,
683 925 728 964 et
768 925 922 976 postea
951 921 1227 964 Monachium
1268 921 1448 963 redierit
1480 920 1673 975 pedestri
1705 920 1876 963 itinere.

106 987 214 1029 Tum
257 987 365 1030 alias
398 987 571 1041 saepius
612 987 674 1029 ita
706 987 888 1041 pedibus
921 987 1186 1037 obambulat,
1229 987 1313 1029 etsi
1355 1001 1441 1029 non
1482 986 1541 1029 sit
1572 987 1724 1028 firmae
1757 985 1878 1027 uale-

104 1053 278 1103 tudinis,
314 1055 359 1095 et
390 1052 622 1105 aliquando
656 1052 911 1094 febriculam
945 1052 1120 1095 sentiat.
1171 1052 1329 1107 Sperat
1352 1052 1521 1105 Regina
1543 1051 1808 1105 Magdalena
1830 1064 1877 1092 se

105 1118 218 1171 quod
256 1117 381 1172 petit,
423 1117 554 1159 facile
588 1120 918 1160 consecuturam
954 1118 1006 1159 ob
1041 1132 1311 1160 communem
1344 1117 1590 1172 prouintiae
1623 1116 1875 1166 utilitatem,

105 1196 216 1235 quae
249 1197 304 1224 ex
336 1182 572 1237 superioris
605 1182 795 1225 sanitate
829 1183 1145 1236 quodammodo
1179 1183 1409 1237 dependet.
1463 1182 1556 1232 Qua
1588 1182 1631 1223 in
1658 1196 1704 1223 re
1727 1180 1873 1223 nescio

105 1262 160 1290 an
212 1262 289 1291 suo
322 1248 570 1290 satisfaciat
601 1248 769 1290 muneri
802 1247 1074 1299 Admonitor,
1108 1248 1270 1291 Rector
1301 1248 1468 1290 scilicet
1501 1248 1760 1301 Dilinganus
1774 1249 1802 1290 5.

223 1313 474 1356 Consultum
507 1313 697 1367 putarim
731 1313 955 1355 admoneri
986 1314 1220 1356 Jllustriss
1255 1314 1307 1357 D.
1342 1313 1615 1356 Cardinalem
1648 1313 1874 1366 Augusta—

103 1393 204 1420 num
219 1380 247 1429 6,
282 1382 330 1421 ut
362 1379 535 1433 saepius
568 1379 623 1420 ad
657 1378 886 1421 Rectorem
911 1378 1190 1433 Dilinganum
1224 1379 1449 1430 scriberet,
1485 1379 1561 1421 uix
1593 1378 1706 1420 enim
1739 1378 1875 1420 semel

105 1444 256 1486 scribit
297 1447 416 1487 toto²³
448 1458 574 1494 anno,
618 1447 663 1487 et
703 1458 789 1486 non
830 1444 1067 1498 respondet
1109 1445 1200 1487 eius
1241 1445 1404 1487 literis:
1447 1445 1596 1497 itaque
1638 1457 1874 1497 suspensus

104 1513 252 1552 manet
284 1509 486 1552 Rectoris
518 1509 687 1551 animus
729 1509 772 1551 in
805 1510 935 1551 rebus
968 1510 1115 1563 magni
1148 1524 1279 1564 saepe
1312 1510 1534 1553 momenti.
1599 1509 1778 1552 Solebat
1820 1508 1874 1550 ad

104 1588 172 1616 me
205 1575 379 1628 quidem
420 1575 602 1617 subinde
646 1575 852 1625 scribere,
894 1576 970 1617 sed
1003 1589 1089 1617 non
1123 1577 1175 1617 de
1208 1575 1288 1626 his,
1333 1590 1445 1628 quae
1478 1576 1639 1617 Rector
1680 1574 1873 1629 petebat,

104 1653 300 1694 quaeque
344 1641 551 1694 prodesse
594 1643 775 1695 possent
817 1641 990 1693 utrique
1033 1641 1216 1695 collegio
1259 1644 1304 1684 et
1336 1641 1625 1684 Vniuersitati
1659 1639 1873 1693 Dilingae.

104 1704 282 1747 Vtinam
318 1706 369 1747 de
402 1706 657 1749 fundatione
690 1706 802 1748 serio
835 1706 908 1748 ille
931 1706 1207 1757 deliberaret,
1241 1721 1407 1760 suaque
1439 1706 1653 1761 promissa
1676 1706 1875 1747 seruaret

103 1770 294 1814 tandem.
358 1771 493 1813 Miror
524 1772 712 1814 nondum
747 1772 999 1826 expeditum
1033 1786 1128 1814 esse
1170 1772 1509 1815 instrumentum
1542 1771 1648 1813 illud
1680 1771 1875 1813 fundati-

104 1836 211 1887 onis,
246 1837 360 1889 quod
392 1837 517 1880 Pont.
551 1838 669 1880 Max.
705 1838 1058 1880 confirmaturum
1091 1839 1375 1893 sperabamus
1389 1838 1418 1880 7.

223 1901 288 1944 De
330 1903 409 1944 hac
451 1902 669 1956 prouintia
702 1903 841 1945 dicam
883 1917 1036 1957 pauca,
1081 1918 1193 1957 quae
1234 1904 1289 1946 ad
1330 1903 1445 1946 illius
1487 1902 1758 1945 commodum
1802 1902 1876 1944 de-

103 1966 344 2017 siderarini,
394 1968 517 2010 salua
563 1982 735 2022 semper
781 1968 1051 2023 superiorum
1097 1983 1291 2011 meorum
1338 1968 1621 2012 authoritate.
1685 1968 1877 2010 Primum

224 2049 251 2078 a)
274 2050 298 2073 A
320 2050 348 2073 C.
370 2057 444 2074 corr.
466 2058 501 2074 ea:
520 2049 596 2075 tota.

228 2176 237 2194 ¹
269 2174 424 2216 „Scitum
452 2177 508 2209 est
533 2174 620 2209 illud
644 2174 810 2209 Catonis:
837 2177 894 2210 sat
920 2175 1002 2216 cito,
1029 2177 1059 2210 si
1086 2177 1143 2210 sat
1170 2175 1278 2210 bene⁴⁴
1298 2178 1386 2210 etc.:
1415 2177 1451 2210 S.
1467 2177 1721 2219 Hieronymus,
1750 2175 1813 2219 Ep.
1834 2176 1878 2209 66

106 2227 213 2270 (alias
233 2228 293 2271 26)
322 2241 354 2261 n.
376 2229 396 2262 9
427 2228 565 2271 (Sancti
592 2228 738 2262 Eusebii
766 2229 977 2274 Hieronymi
997 2229 1195 2274 Epistulae,
1222 2241 1292 2263 rec.
1312 2231 1442 2264 ch‘dor.
1463 2230 1611 2272 He'lber9
1631 2228 1643 2261 1
1664 2227 1782 2272 [Corp.
1802 2228 1876 2262 Scr.

105 2281 201 2316 Eccl.
222 2281 299 2316 Lat.
315 2281 466 2315 Vindob.
486 2281 592 2325 LIV],
616 2281 844 2316 vindobonae
871 2284 907 2316 et
932 2282 1075 2327 Lipsiae
1098 2283 1199 2324 1910,
1227 2283 1305 2317 659.
1343 2284 1475 2327 Illique,
1502 2282 1542 2317 P.
1570 2282 1632 2316 lat.
1652 2281 1753 2314 XXII
1780 2282 1879 2324 644).

226 2334 238 2354 2
264 2335 304 2368 In
331 2334 387 2368 his
417 2334 469 2378 (ff.
496 2335 540 2368 22
574 2347 645 2368 non
677 2335 785 2379 sign.)
825 2337 928 2370 erant
961 2335 1043 2370 libri
1078 2335 1216 2378 titulus,
1256 2335 1400 2370 litterae
1436 2334 1678 2370 dedicatoriae
1717 2334 1762 2368 ad
1797 2334 1878 2368 Fer-

105 2388 299 2422 dinandum
327 2388 370 2422 II.
398 2388 627 2422 archiducem
656 2388 706 2432 (V.
726 2400 835 2434 supra
861 2401 894 2434 p.
913 2390 1013 2433 450),
1044 2389 1322 2434 „praemonitiffl
1353 2389 1395 2423 de
1423 2388 1638 2433 corruptelis
1656 2387 1767 2421 Verbi
1793 2387 1877 2422 Dei:

105 2441 151 2476 cf.
170 2441 275 2480 infra,
301 2453 395 2476 mon.
414 2441 483 2476 litt.
506 2442 596 2483 (57).
743 2442 756 2462 3
781 2442 1018 2485 Magdalenae
1045 2446 1082 2476 et
1107 2442 1277 2477 Helenae.
1424 2444 1436 2462 4
1463 2441 1598 2476 Paulus
1624 2441 1807 2476 Hoffaeus.

226 2496 239 2515 ⁵
264 2495 304 2529 P.
319 2494 562 2529 Theodoricus
582 2494 760 2530 Canisius.
798 2496 833 2530 S.
850 2497 1016 2538 Ifflzatizcs
1041 2496 1251 2531 constituit:
1282 2496 1445 2539 „Habeat
1471 2495 1643 2536 Societas,
1671 2506 1750 2528 cum
1771 2495 1878 2529 Prae-

106 2548 221 2593 posito
249 2547 428 2587 Generali,
466 2551 502 2583 et
535 2548 630 2582 idem
666 2560 746 2582 cuni
783 2548 1012 2583 inferioribus
1047 2549 1126 2583 fieri
1152 2551 1285 2595 posset,
1321 2549 1488 2593 aliquem,
1526 2549 1596 2593 qui,
1632 2548 1807 2582 accedens
1835 2549 1879 2582 ad

105 2602 218 2636 Deum
246 2601 281 2635 in
307 2602 478 2643 oratione,
506 2604 698 2647 postquam
722 2602 882 2636 divinam
908 2602 1105 2637 bonitatem
1133 2602 1355 2637 consuluerit
1381 2606 1417 2636 et
1443 2614 1597 2646 aequum
1624 2613 1703 2636 esse
1730 2602 1765 2635 id
1791 2601 1879 2635 iudi-

106 2655 254 2696 caverit,
290 2667 371 2689 cum
397 2656 574 2690 modestia
600 2656 722 2690 debita
748 2667 790 2690 ac
816 2655 1032 2694 humilitate,
1069 2656 1155 2701 quid
1181 2657 1317 2690 sentiat
1342 2656 1378 2690 in
1404 2656 1481 2701 ipso
1508 2655 1719 2700 Praeposito
1745 2655 1880 2699 requiri

106 2709 150 2743 ad
177 2709 293 2743 maius
312 2709 523 2753 obsequium
551 2712 587 2743 et
604 2709 757 2752 gloriam
777 2709 853 2750 Dei,
881 2709 1072 2744 admonere
1090 2710 1277 2744 teneatur“
1294 2723 1300 2749 ;
1328 2721 1407 2744 eam
1427 2712 1548 2743 autem
1570 2709 1875 2754 „providentiam“

106 2763 285 2807 pertinere
315 2763 344 2797 1.
377 2763 440 2805 „ad
467 2775 525 2797 res
552 2766 731 2805 externas,
768 2763 935 2805 vestitus,
971 2763 1091 2797 victus
1127 2766 1163 2797 et
1189 2774 1430 2808 expensarum
1457 2762 1701 2807 quarumlibet.
1732 2762 1776 2797 ad
1804 2775 1881 2807 per-

105 2826 229 2849 sonam
256 2815 458 2860 Praepositi
484 2817 762 2861 spectantium‘,
789 2816 820 2850 2.
853 2816 917 2859 „ad
944 2817 1103 2861 corporis
1130 2817 1289 2857 curam“,
1317 2817 1348 2850 3.
1372 2816 1437 2859 „ad
1463 2816 1620 2850 animam
1647 2816 1742 2850 eius“
1776 2816 1881 2859 (Con-

106 2868 314 2903 stitutiones
340 2869 379 2903 P.
399 2869 431 2910 9,
459 2881 486 2903 c.
506 2872 539 2911 4,
566 2882 599 2904 n.
622 2871 741 2910 1—4).
785 2871 960 2913 Hoffaeus
986 2869 1187 2915 Oeniponte
1213 2870 1268 2905 31.
1296 2869 1454 2904 Ianuarii
1474 2870 1564 2905 1570
1591 2870 1633 2904 de
1660 2869 1881 2904 Theodorico

107 2922 328 2957 admonitore
363 2934 428 2956 suo
463 2923 507 2957 ad
534 2923 766 2958 Franciscum
793 2923 961 2967 Borgiam
989 2923 1195 2966 generalem
1223 2923 1417 2969 *scripsitz
1450 2923 1542 2958 Eum
1575 2935 1654 2958 esse
1685 2924 1877 2969 „optimum

107 2976 341 3010 Monitoren1⁴⁴
375 2976 435 3018 (ex
462 2978 621 3020 autogr.;
651 2977 692 3012 G.
721 2977 786 3022 Ep.
813 2977 862 3011 XI
889 2978 914 3012 f.
938 2978 1052 3021 206³).

228 3030 240 3049 ⁶
267 3029 434 3064 Ottonem
455 3030 666 3072 Truchsess,
694 3031 828 3065 Romae
854 3034 1066 3065 morantem.

228 3084 240 3103 Τ
268 3082 358 3117 Vide
384 3095 493 3128 supra
520 3096 553 3128 p.
577 3084 641 3119 189
669 3085 738 3119 236
766 3087 802 3118 et
828 3084 931 3125 infra,
959 3097 1051 3119 mon.
1072 3096 1153 3128 aug.
1176 3085 1212 3127 (a
1232 3086 1280 3128 7).
