2044 3335
123 114 206 155 496
311 114 411 148 1766.
441 113 525 148 Can.
554 113 744 148 Guilielmo
771 113 924 148 Elderen
951 113 984 148 S.
1001 115 1033 149 J.
1080 114 1181 148 1767.
1209 115 1293 150 Can.
1322 115 1541 160 Hieronymo
1567 115 1700 150 Natali.

243 226 396 271 [Quanto
423 227 457 262 31
484 228 615 262 recitar
641 227 698 261 del
717 228 833 263 officio
861 228 940 263 dela
958 229 1135 263 madonna
1161 230 1344 273 legendosi
1370 231 1459 265 bene
1484 232 1520 266 la
1537 231 1625 266 Bola
1651 232 1716 266 che
1742 231 1767 266 il
1785 232 1883 277 Papa

120 279 166 314 ha
191 280 306 314 fatto¹
338 281 367 313 si
404 280 492 314 uede
527 282 640 324 primo
675 292 745 314 non
780 293 879 316 esser
914 282 1082 326 prohibiti
1118 283 1168 326 gli
1195 283 1301 317 ortuli
1329 286 1347 317 ὸ
1374 284 1458 318 altri
1492 284 1611 318 libreti
1638 285 1682 319 da
1708 285 1884 319 recitare³

119 333 269 366 orationi
304 333 412 366 etiam
448 333 587 378 volgarj
624 345 733 367 senon
767 334 858 368 cheli
891 335 956 369 che
992 335 1172 370 hauerano
1207 335 1228 369 l’
1244 336 1360 370 officio
1396 337 1488 371 della
1516 338 1692 372 inadona¹¹
1719 338 1783 372 che
1814 349 1881 371 non

121 397 248 419 sarano
275 386 427 420 secondo
462 386 486 420 il
513 387 616 421 modo
651 387 685 421 di
719 391 844 431 questo
871 400 987 422 nuouo
1023 389 1088 423 0118
1115 388 1186 423 Sua
1214 388 1353 423 Santita
1388 389 1435 424 113
1469 391 1560 424 fatto
1587 391 1787 425 emendare.
1838 391 1881 425 Di

118 439 219 472 modo
238 439 303 472 0118
329 440 414 473 tutti
441 439 466 472 li
485 440 566 473 altri
592 440 673 474 libri
692 441 723 474 d‘
739 442 920 475 orationec
947 444 1091 476 restano
1110 453 1208 476 come
1227 443 1364 487 primad
1382 443 1435 477 001
1454 444 1609 487 giudicio
1628 444 1684 478 del
1703 444 1881 478 ordinario

121 494 140 526 ὸ
166 492 209 526 (18
235 492 376 526 Dottori
411 492 607 536 Theologie
641 494 794 528 secondo
829 495 854 528 il
889 495 1120 539 indices[s.>]‘-'.
1172 496 1209 530 29
1234 495 1258 529 11
1285 496 1401 530 nostri
1427 496 1492 530 che
1518 509 1586 530 non
1617 497 1735 531 hanno
1761 497 1882 531 ordine

119 556 230 586 sacro,
257 557 342 590 pare
369 545 434 580 che
470 546 499 580 si
538 550 759 591 contengono
794 550 850 582 tra
885 548 995 592 quelli
1028 548 1052 582 11
1088 549 1184 592 quali
1211 561 1274 593 per
1309 549 1426 593 obligo
1460 550 1597 584 recitan
1622 550 1643 584 l'
1661 550 1777 584 officio
1804 550 1882 584 dela

119 598 271 632 Madona
285 599 307 632 ³.
359 599 544 633 Tametsi&
570 600 663 644 apud
690 612 754 634 nos
779 600 885 635 huius
912 601 1021 646 officij
1058 602 1302 644 commutatio,
1338 605 1373 636 et
1409 603 1525 637 facilis
1560 603 1609 637 sit
1642 608 1678 637 et
1712 604 1845 638 usitata
1859 604 1881 637 ⁴.

119 652 155 686 3‘?
182 663 226 685 ne
252 663 314 696 per
340 655 468 696 questo
495 652 630 686 deuono
657 653 691 687 (11
718 654 848 688 1380131
874 654 908 688 (11
927 654 1002 688 (1118
1029 654 1050 688 l‘
1066 655 1183 688 officio
1209 667 1272 699 per
1298 655 1322 689 11
1349 655 1471 689 libreti
1490 656 1627 701 antiqui
1653 656 1688 690 in
1715 656 1792 691 sino
1818 656 1883 690 0118

117 705 147 738 81
172 708 364 739 trouarano
391 706 425 740 di
452 707 570 750 questi
596 707 704 741 nuoui
730 719 751 740 a
777 707 942 741 uendersi
969 719 1067 741 come
1094 708 1170 742 dice
1195 708 1230 742 13
1258 708 1384 751 Bolia]
1415 729 1456 732 ——
1486 729 1529 734 -

235 758 312 792 Has
345 759 486 793 Natalis
524 759 665 794 litteras
704 761 757 794 15.
786 759 991 794 Decembris
1030 762 1117 795 1571
1155 761 1259 795 datas
1293 772 1373 795 esse
1411 762 1634 806 intellegitur
1669 774 1713 796 ex
1747 762 1881 797 Canisii

118 811 272 856 epistula
300 813 353 847 10.
381 813 537 846 Ianuarii
566 813 656 847 1572
682 814 776 854 data,
804 825 874 857 qua
902 813 1067 848 Canisius
1094 815 1137 848 ad
1164 825 1226 849 eas
1252 815 1446 859 respondit.

119 916 271 953 1766.
395 919 612 954 CANISIUS
648 918 709 954 P.
738 918 1123 956 GUILIELMO
1151 919 1474 956 ELDEREN
1502 920 1555 957 S.
1580 920 1634 956 J.
1662 921 1881 956 confessario

310 973 456 1015 reginae
482 973 638 1007 10311038
666 974 789 1007 uxoris
815 973 997 1008 Francisci
1024 974 1066 1008 de
1094 974 1244 1008 Medicis
1271 975 1383 1008 (111018.

1099 1026 1299 1072 Oeniponte
1325 1028 1391 1062 sub
1421 1029 1474 1062 17.
1493 1028 1702 1062 Decembris
1730 1028 1832 1062 1571.

234 1083 289 1118 Ex
315 1084 521 1130 apographo
546 1085 748 1119 litterarum
775 1085 925 1128 Natalis,
954 1086 1077 1120 eodem
1111 1086 1186 1120 fere
1220 1089 1381 1131 tempore
1406 1087 1553 1132 scripto.
1593 1086 1725 1131 „Epist
1753 1086 1879 1121 Italiae

121 1137 374 1171 1571—1573“
404 1138 427 1171 f.
447 1139 519 1173 46³.

236 1192 274 1225 P.
303 1192 544 1235 Hieronymus
574 1193 718 1226 Natalis
755 1195 939 1227 Societatis
973 1194 1129 1226 vicarius
1160 1194 1338 1237 yeneralis
1368 1194 1480 1227 Roma
1507 1195 1562 1227 28.
1591 1195 1762 1227 Ianuarii
1787 1196 1880 1226 1572

117 1246 156 1278 Ρ.
180 1245 368 1278 Guilielmo
386 1246 538 1279 Elderen
558 1247 595 1279 S.
614 1247 664 1288 J„
692 1258 791 1290 quenz
816 1258 859 1279 ex·
877 1247 961 1279 aula
987 1248 1180 1289 florentina
1205 1247 1244 1279 in
1267 1248 1498 1280 Germaniam
1524 1258 1603 1280 cum
1621 1247 1710 1280 bona
1738 1248 1880 1289 reyinae

116 1299 275 1331 sommae
299 1300 402 1331 venia
427 1300 546 1332 redire
569 1310 668 1342 posse
694 1305 724 1333 et
741 1300 885 1332 Natalis
910 1305 939 1333 et
961 1300 1128 1333 Canisius
1155 1302 1175 1341 (
1175 1311 1251 1333 cum
1278 1301 1353 1343 ipso
1372 1300 1546 1340 Elderen)
1574 1300 1770 1343 cupiebant,
1795 1300 1880 1332 haec

116 1353 278 1393 scripsit:
305 1353 386 1395 „Ho
411 1352 544 1386 kanuto
570 1353 686 1386 lettere
711 1354 766 1386 del
791 1353 830 1386 P.
862 1354 1007 1386 Canisio
1034 1354 1117 1386 nelli
1151 1353 1250 1396 quali
1286 1354 1334 1385 mi
1366 1354 1442 1386 dice
1467 1353 1526 1386 che
1552 1354 1587 1386 ἶα
1614 1354 1750 1395 Reyina
1776 1353 1878 1386 Mact-

116 1406 245 1438 dalena
271 1411 428 1439 consensa
453 1406 526 1439 alla
552 1408 685 1439 andata
713 1407 751 1439 dt
777 1408 813 1440 V.
840 1407 883 1440 R.
911 1409 949 1439 in
980 1408 1187 1450 Germania,
1215 1412 1245 1440 et
1271 1407 1330 1439 che
1351 1417 1510 1449 pensano
1536 1408 1621 1440 anzi
1645 1417 1732 1439 sano
1758 1406 1818 1439 che
1842 1407 1877 1439 Za

115 1458 261 1499 siynora
282 1459 488 1502 principes-a
514 1461 552 1492 di
578 1461 757 1493 Fiorenea
782 1471 817 1492 se
843 1471 885 1493 ne
911 1465 1116 1493 contentam
1143 1471 1289 1493 (ancora.
1333 1470 1396 1492 eon
1423 1465 1543 1503 questa
1568 1471 1655 1493 sara
1680 1470 1755 1493 una
1787 1459 1878 1492 della

116 1512 263 1555 Reyina,
291 1517 321 1544 et
345 1524 394 1545 un
421 1513 516 1546 altra
543 1514 597 1546 del
623 1514 741 1546 Padre
770 1514 914 1547 Canisio
938 1525 1004 1556 per
1030 1515 1065 1546 V.
1092 1512 1156 1547 R.“
1204 1514 1297 1554 Quid
1322 1514 1464 1556 quando
1495 1512 1661 1546 Canisius
1690 1513 1878 1545 Guilielmo

118 1564 268 1598 Elderen
296 1567 488 1609 scripserit,
516 1578 558 1599 ex
583 1567 711 1600 litteris
730 1568 911 1610 proximis
938 1569 991 1608 (n.
1020 1568 1131 1608 1767)
1160 1567 1279 1609 colliqi
1301 1571 1420 1609 potest.

117 1668 267 1705 1767.
366 1670 582 1706 CANISIUS
602 1671 663 1707 P.
682 1671 1099 1708 HIERONYMO
1128 1670 1390 1707 NATALI
1416 1672 1551 1706 vicario
1578 1671 1736 1715 generali
1764 1670 1880 1705 Socie-

307 1726 393 1758 tatis
421 1725 511 1759 Iesu.
1190 1725 1389 1770 Oeniponte
1418 1726 1471 1760 17.
1491 1725 1700 1759 Decembris
1728 1724 1830 1759 1571.

237 1783 289 1816 Ex
308 1784 530 1828 autographo
552 1785 621 1828 (2⁰;
653 1785 718 1828 1¹12,
738 1797 812 1830 pp.;
840 1786 875 1819 in
894 1797 927 1830 p.
947 1786 968 1819 4
994 1786 1100 1820 111801.
1121 1787 1156 1819 et
1174 1784 1371 1830 particulae
1397 1785 1494 1827 sig.)‚
1522 1784 1642 1819 Germ.
1663 1784 1729 1818 183
1755 1795 1790 1817 n.
1809 1783 1877 1818 253

120 1835 159 1878 (f.
178 1835 221 1870 37
251 1837 303 1870 bis
329 1839 364 1870 et
390 1848 443 1881 sq.
470 1849 538 1871 non
565 1838 688 1880 siga).
740 1838 888 1873 Litteris
915 1850 1001 1872 usus
1028 1841 1083 1872 est
1108 1840 1233 1882 Kro'ss‚
1262 1838 1345 1872 Can.
1369 1839 1446 1872 195.

236 1897 469 1938 Maydalenae
506 1899 649 1941 reqinae
676 1900 879 1941 persuasit,
917 1902 956 1931 ut
980 1898 1141 1932 Ioannae
1174 1899 1293 1932 sorori
1327 1898 1512 1941 scriberet,
1549 1899 1802 1939 confessarium
1838 1898 1876 1929 in

121 1950 352 1982 Germaniam
378 1952 497 1984 redire
521 1954 662 1985 sineret.
708 1953 817 1994 Apud
842 1953 1017 1985 ducissam
1043 1963 1123 1985 vero
1148 1953 1400 1994 ferrariensem
1432 1952 1467 1984 id
1493 1952 1680 1993 difficilius
1705 1952 1782 1984 erit.
1826 1950 1877 1983 Ne

117 2003 240 2035 italum
259 2004 398 2046 quidem
425 2005 498 2037 illis
516 2006 672 2038 Societas
689 2006 744 2038 <let
762 2007 1031 2048 confessarium.
1082 2006 1215 2038 Zottus.
1250 2006 1404 2049 Boryiae
1415 2016 1484 2047 per
1506 2005 1738 2037 Germaniam
1760 2009 1878 2037 traus-

115 2056 196 2089 itus.
240 2057 422 2090 Saoeoniae
448 2058 573 2090 elector
606 2058 777 2101 theoloyos
802 2061 837 2091 vi
871 2060 917 2091 ad
943 2059 1167 2092 concordiam
1194 2059 1348 2102 ccdeyisse
1371 2060 1501 2100 fertur.
1549 2058 1682 2091 Caesar
1707 2061 1875 2101 aeyrotat.

329 2117 356 2168 ’1-
389 2118 482 2159 Pax
513 2118 653 2160 JESV
686 2118 842 2160 Christi
876 2122 920 2161 et
951 2119 1058 2160 felix
1091 2133 1229 2161 annus
1261 2118 1504 2160 Admodum

784 2184 1038 2226 Reuerende
1071 2184 1215 2227 Pater.

233 2246 405 2289 Literas
437 2247 486 2290 R.
517 2248 564 2290 Τ.
601 2250 668 2291 24.
693 2248 955 2291 Nouembris
987 2249 1127 2300 datas,
1163 2252 1206 2291 et
1237 2248 1290 2302 ijs
1323 2249 1431 2291 alias
1468 2249 1509 2290 P.
1536 2246 1767 2290 Guilhelmi
1799 2247 1873 2289 ad-

115 2311 284 2354 iunctas
301 2313 329 2361 5,
369 2311 435 2353 his
468 2312 616 2354 diebus
649 2314 809 2367 accepi.
873 2313 977 2355 Heri
1009 2327 1111 2355 uero
1145 2314 1303 2355 Halani
1336 2313 1570 2368 profectus,
1612 2326 1711 2354 nam
1745 2314 1875 2354 antea

233 2381 261 2412 a)
286 2382 356 2405 Tria
378 2389 418 2406 vv.
438 2390 495 2413 sqq.
517 2382 547 2406 in
567 2390 613 2414 ap.
634 2390 727 2414 supra
749 2390 863 2407 versum
883 2384 993 2415 scripta
1014 2386 1090 2407 sunt,
1206 2381 1236 2414 1))
1260 2384 1336 2413 Quae
1356 2385 1527 2414 sequuntur,
1547 2390 1635 2414 usque
1655 2382 1693 2406 ad
1713 2380 1874 2406 emendare

116 2421 191 2452 incl„
210 2422 241 2446 in
262 2423 393 2454 maryine
414 2423 517 2448 addita
536 2427 612 2448 sunt.
723 2424 749 2452 c)
770 2425 937 2455 Sequuntur
956 2432 998 2449 vv.
1019 2423 1162 2449 etiamdio
1183 2423 1213 2448 in
1234 2423 1380 2456 volgare;
1400 2431 1473 2455 quae
1490 2427 1592 2455 postea
1612 2423 1778 2448 oblitterata
1797 2426 1874 2447 sunt.

116 2461 145 2492 d)
167 2464 334 2495 Sequuntur
355 2472 395 2489 cr.
415 2464 550 2496 posteasi
570 2465 684 2494 tenere,
705 2466 794 2490 oblite,
845 2468 872 2497 e)
896 2466 965 2490 Tria
988 2474 1030 2491 vv.
1044 2474 1102 2497 sqq.
1119 2467 1147 2490 in
1168 2466 1301 2497 maraine
1321 2466 1423 2490 addita
1444 2468 1520 2489 sunt.
1577 2464 1600 2495 f)
1621 2465 1677 2494 Ita,
1699 2467 1729 2488 ut
1750 2465 1874 2495 videtur,

116 2508 273 2529 correctum
293 2508 334 2530 est
354 2513 389 2530 ez
409 2505 550 2531 indicium
572 2507 615 2531 rel
635 2505 785 2537 iudicium,
806 2508 879 2539 quod
895 2508 1027 2538 primum
1046 2508 1188 2539 scriptum
1209 2510 1281 2532 erat.
1373 2510 1403 2538 g)
1423 2508 1466 2531 Ita
1489 2507 1518 2530 in
1539 2514 1585 2537 ap.
1600 2509 1756 2530 correctum
1778 2509 1819 2530 est
1838 2513 1874 2530 ex

116 2544 225 2570 Tamen
246 2545 295 2572 sit.

239 2619 245 2636 ¹
273 2617 324 2651 De
350 2618 417 2652 hac
445 2618 479 2652 S.
498 2618 553 2652 Pii
571 2618 614 2652 V.
641 2619 740 2654 bulla
768 2632 799 2654 V.
827 2631 935 2665 supra
961 2632 994 2665 p.
1021 2620 1102 2654 485.

234 2671 246 2690 ²
273 2670 503 2705 Potissimum
541 2672 746 2715 significare
784 2674 927 2707 videtur
964 2673 1109 2717 regulas
1146 2672 1277 2707 Indicis
1315 2672 1499 2706 tridentini
1526 2671 1586 2707 VI.
1614 2674 1649 2706 et
1674 2671 1716 2706 X.
1746 2672 1875 2715 (Index

116 2722 285 2757 librorum
312 2724 580 2767 prohibitorum,
608 2725 774 2760 Coloniae
804 2727 904 2768 1568,
932 2727 956 2761 f.
976 2729 1007 2760 A
1027 2727 1141 2760 7²—A
1162 2725 1230 2770 Sb).

235 2778 247 2795 ³
275 2776 365 2817 Quid
392 2778 433 2811 de
460 2778 516 2812 his
541 2778 577 2812 in
604 2779 707 2813 Bulla
734 2779 795 2813 illa
821 2780 1055 2814 constitutum
1082 2780 1140 2820 sit,
1167 2792 1200 2813 v.
1228 2790 1336 2823 supra
1362 2790 1395 2823 p.
1421 2779 1501 2812 485,

237 2831 249 2848 4
276 2828 365 2870 Quid
393 2830 427 2864 S.
454 2831 617 2874 Ignatius
643 2833 686 2866 de
713 2832 841 2867 Officio
868 2833 1001 2867 Beatae
1027 2833 1164 2866 Mariae
1190 2831 1351 2875 Virginis
1386 2834 1420 2865 et
1446 2832 1489 2865 de
1515 2831 1689 2866 facultate
1715 2831 1871 2865 eiusdem

118 2881 151 2914 in
179 2881 268 2914 alias
295 2894 418 2925 preces
444 2895 566 2918 sacras
592 2886 834 2920 commutandi
860 2886 1038 2926 statuerit,
1065 2897 1099 2919 v.
1130 2886 1216 2920 Can.
1244 2885 1277 2919 V
1304 2885 1390 2925 2963
1419 2886 1463 2919 cf.
1490 2885 1535 2919 ib.
1563 2885 1644 2919 846.

237 2935 248 2953 ⁵
275 2934 340 2968 His
375 2935 506 2970 litteris
532 2938 572 2971 Ρ.
601 2938 815 2972 Guilielmus
851 2939 1001 2973 Elderen
1037 2938 1274 2982 Magdalenae
1308 2938 1453 2981 reginae
1489 2937 1730 2980 significabat,
1764 2949 1827 2971 0111
1852 2949 1871 2971 3

71 2999 73 3002 ·
118 2987 330 3031 praepositis
357 3000 400 3021 ex
428 2989 507 3022 aula
533 2990 733 3030 florentina,
761 2993 819 3025 ubi
847 2992 999 3026 loannae
1026 2994 1171 3035 reginae
1189 2992 1378 3026 Francisco
1405 2991 1447 3025 de
1473 2991 1622 3025 Medicis
1648 2991 1871 3025 matrimonio

118 3042 258 3074 iunctae
285 3040 541 3075 confessarium
569 3047 702 3085 egerat,
729 3045 764 3078 in
784 3045 1012 3079 Germaniam
1038 3045 1154 3079 redire
1182 3045 1300 3079 iussus
1326 3047 1431 3086 esset,
1459 3047 1494 3078 et
1519 3043 1625 3078 simul
1650 3044 1805 3088 petebat,
1832 3047 1871 3078 ut

118 3093 194 3137 ipsa
221 3093 314 3137 apud
340 3104 495 3126 sororem
522 3106 561 3128 88
587 3096 867 3141 societatemque
894 3110 935 3132 ea
962 3099 1004 3132 de
1030 3110 1067 3132 re
1093 3101 1283 3142 purgaret3
1312 3110 1345 3132 V.
1371 3109 1480 3143 supra
1506 3109 1539 3142 p.
1558 3097 1637 3139 492,
1663 3098 1742 3132 495.
