2044 3335
652 126 876 170 Ingolstadio
906 127 958 162 18.
978 126 1199 172 Septembris
1228 127 1329 162 1567.
1821 132 1874 173 47

103 245 458 300 impedimentum
499 245 649 287 uidere
690 245 853 296 uideor,
898 246 1011 299 quod
1043 245 1287 288 huiusmodi
1319 246 1473 288 Bullae
1506 248 1550 288 et
1583 249 1877 289 excommuni-

104 311 298 353 cationes
320 311 434 365 apud
457 311 714 364 praecipuos
737 311 945 362 dominos,
979 325 1160 364 quorum
1182 310 1226 352 in
1249 311 1509 365 publicando
1533 313 1578 354 et
1601 313 1879 365 exequendoa

103 376 372 418 authoritate
405 389 512 429 opus
545 379 675 427 esset,
709 390 796 417 non
827 378 998 418 tantum
1032 377 1223 426 ualeant,
1258 379 1468 429 quantum
1501 390 1606 418 sane
1633 377 1780 419 ualere
1804 378 1877 419 de-

103 441 269 492 berent,
313 440 413 494 quia
445 455 531 482 non
564 444 666 483 sunt
698 441 923 484 fundati
965 455 1133 495 supra
1173 443 1389 495 petram
1406 443 1432 484 1.
1497 441 1707 483 Dominus
1739 442 1878 485 nostri

101 504 374 548 misereatur.

221 570 306 624 Egi
338 573 568 624 praeterea
601 585 698 613 cum
727 571 943 626 Episcopo
977 571 1030 613 de
1056 572 1184 613 Bulla
1207 571 1377 613 Caenae
1410 571 1570 613 domini
1602 571 1875 624 publicanda,

102 636 241 689 deque
282 636 587 678 confirmandis
627 636 790 679 nostris
823 637 1114 690 confessarijs.
1181 636 1264 678 Sed
1298 651 1450 690 parum
1485 636 1635 678 uideor
1666 638 1873 689 effecisse,

102 715 181 742 nec
212 704 317 755 puto
351 702 592 754 urgendum
626 702 888 756 Episcopum
922 716 1017 743 esse
1050 701 1249 756 ampliUS,
1292 701 1329 743 si
1363 701 1582 743 difficilem
1616 715 1662 743 se
1693 703 1877 756 praebet

100 765 144 807 in
178 766 462 808 concedendis
493 766 593 817 illis,
628 781 739 820 quae
771 767 1007 808 secundum
1030 766 1266 808 Concilium
1290 766 1590 810 Tridentinum
1617 767 1740 809 nobis
1773 782 1875 810 con-

101 831 255 873 cedere
286 835 446 885 potest,
479 830 783 886 praesert[im]
818 832 1007 885 quandiu
1040 831 1153 874 idem
1177 831 1412 874 Concilium
1445 846 1531 874 non
1562 832 1803 886 publicauit
1831 833 1875 874 in

100 896 182 939 hac
214 897 452 939 Ecclesia2.

220 963 519 1017 Expectamus
551 965 620 1005 tot
651 962 871 1004 mensibus
905 963 1202 1005 Professorem
1248 962 1562 1017 philosophiae,
1606 962 1678 1016 qui
1711 963 1757 1005 P.
1791 962 1874 1004 Ar-

100 1027 230 1070 boreo
271 1028 315 1070 in
356 1027 542 1070 lectione
584 1028 804 1079 succedat,
849 1028 971 1070 cumb
1011 1028 1048 1069 is
1089 1027 1275 1082 amplius
1317 1028 1472 1069 docere
1514 1042 1599 1069 non
1631 1028 1782 1082 possit,
1826 1029 1876 1070 ut

98 1092 412 1146 intelligatur3.
476 1093 602 1135 Vnde
643 1094 701 1136 M.
736 1094 916 1135 Carolus
948 1093 1162 1135 Vrsinus4
1203 1093 1318 1134 illius
1361 1096 1405 1135 et
1445 1107 1523 1135 suo
1565 1093 1736 1135 nomine
1774 1107 1874 1147 pro-

97 1160 260 1210 fitetur,
294 1162 338 1201 et
370 1161 586 1212 utranque
619 1157 895 1214 lecti0[nem]
930 1159 1038 1201 satis
1070 1173 1249 1212 grauem
1284 1158 1484 1209 sustinet,
1526 1159 1699 1211 iamque
1732 1159 1876 1213 coepit

97 1223 290 1265 nonnihil
333 1238 512 1278 corpore
553 1224 768 1266 laborare.
832 1224 918 1266 Per
949 1224 1166 1266 Christum
1209 1238 1330 1277 rogo,
1373 1238 1427 1265 ne
1463 1238 1669 1277 cogamur
1701 1227 1874 1267 nostros

97 1291 188 1331 tam
221 1290 419 1342 grauiter
450 1285 668 1332 exercere.
712 1289 769 1332 M.
801 1290 993 1332 Paulus5
1026 1290 1228 1343 Dilingae
1260 1289 1401 1342 magis
1434 1303 1484 1330 ac
1517 1289 1658 1343 magis
1691 1289 1874 1331 deficere

218 1388 245 1417 a)
266 1388 302 1412 In
322 1388 400 1412 arch.
422 1396 496 1412 corr.
517 1396 553 1412 ez·
573 1386 785 1419 exequendum
795 1397 804 1418 ‚⁴
825 1390 841 1411 ὁ)
858 1396 897 1412 rr.
913 1396 970 1419 sqq.
986 1388 1021 1412 ab
1038 1388 1099 1419 Ipso
1115 1389 1142 1412 C.
1157 1395 1251 1419 supra
1272 1395 1389 1412 vei-snm
1408 1387 1519 1418 scripta
1540 1390 1617 1411 Sient.
1684 1386 1713 1417 b)
1734 1388 1875 1419 Sequitur

97 1427 156 1460 hic,
175 1429 264 1454 oblite.

97 1554 165 1588 sub
198 1554 266 1588 hoc
300 1556 492 1598 praetextu
527 1565 793 1598 quamcumque
830 1554 1066 1588 conditionem
1104 1554 1327 1588 nanciscitur
1361 1553 1454 1598 apud
1483 1553 1708 1596 Catholicos,
1748 1556 1784 1588 et
1821 1554 1873 1588 ita

98 1608 239 1642 occulte
265 1607 481 1647 subintrant,
509 1610 545 1642 et
571 1608 713 1651 integra
741 1608 871 1652 oppida
898 1610 1120 1653 pei-uertunt,
1152 1609 1193 1642 vt
1218 1607 1442 1652 experientia
1468 1608 1589 1642 docet“
1623 1606 1684 1649 (ex
1710 1610 1871 1652 autogr.;

99 1661 141 1696 G.
162 1661 224 1706 Ep.
243 1661 329 1695 VIII
356 1662 381 1696 f.
400 1660 517 1705 209b).

222 1722 230 1741 ¹
258 1722 312 1755 Mt
338 1722 368 1762 7,
396 1722 451 1756 25.
488 1721 537 1755 Lc
564 1722 595 1763 6,
621 1721 687 1761 48;
715 1722 760 1755 cf.
788 1721 842 1755 Mt
871 1722 923 1762 16,
952 1722 1008 1756 18.

218 1781 231 1800 ²
265 1780 321 1814 Ex
357 1781 501 1815 decreto
528 1780 677 1814 Concilii
714 1780 917 1815 Tridentini
957 1780 1062 1824 (sess.
1089 1780 1153 1821 23,
1190 1780 1233 1814 de
1266 1780 1331 1814 ref.
1359 1792 1389 1814 c.
1418 1780 1476 1823 15)
1516 1791 1663 1814 necesse
1703 1781 1796 1820 erat,
1832 1782 1873 1814 ut

99 1834 203 1876 Socii,
229 1835 259 1868 si
286 1834 467 1868 hominum
495 1833 735 1868 saecularium
764 1834 1008 1868 confessiones
1035 1834 1202 1879 excipere
1228 1834 1376 1874 vellent,
1407 1835 1552 1878 praeter
1577 1832 1872 1875 iurisdictionem,

98 1900 204 1932 quam
231 1888 361 1922 summi
388 1887 577 1932 pontifices
604 1888 648 1922 iis
674 1888 936 1932 delegaverant
961 1889 1052 1922 satis
1079 1887 1246 1932 amplam,
1280 1888 1325 1921 ab
1352 1886 1531 1932 episcopis
1559 1886 1872 1931 „approbationem

97 1941 343 1982 obtinerent“;
376 1942 427 1975 ita
453 1942 558 1983 enim,
594 1941 797 1986 privilegiis
825 1942 1109 1986 quibuscumque
1136 1941 1301 1982 sublatis,
1329 1941 1527 1975 Concilium
1555 1941 1597 1974 de
1624 1940 1872 1974 sacerdotibus

99 1996 273 2037 omnibus,
309 1995 417 2029 etiam
444 1995 684 2038 regularibus,
720 1998 911 2030 statuerat.
963 1996 1045 2029 ldeo
1072 1995 1223 2029 Iacobus
1250 1995 1399 2029 Lainius
1435 1994 1661 2039 praepositus
1691 1993 1873 2036 generalis

99 2049 223 2084 Socios
255 2049 548 2094 approbationem
577 2048 673 2083 illam
709 2051 833 2094 petere
860 2049 1035 2089 iusserat3
1073 2049 1181 2083 simul
1211 2051 1331 2082 tamen
1359 2048 1650 2091 significaverat:
1686 2046 1756 2080 Ubi
1785 2046 1872 2081 Con-

98 2103 221 2137 cilium
246 2102 514 2147 promulgatum
550 2114 620 2136 non
656 2105 763 2143 esset,
801 2103 876 2137 eius
912 2103 1067 2137 decretis
1098 2103 1308 2136 oboediendi
1335 2114 1404 2136 non
1431 2113 1511 2135 esse
1537 2100 1707 2135 officium.
1758 2099 1873 2141 Quam

98 2156 316 2191 sententiam
354 2156 425 2190 iam
464 2156 606 2189 admitti
646 2168 716 2190 non
751 2168 856 2201 posse
892 2156 1013 2190 monui
1052 2158 1138 2190 Can.
1165 2156 1216 2190 IV
1242 2157 1333 2197 475;
1372 2155 1432 2189 ubi
1471 2155 1513 2189 de
1549 2156 1625 2188 tota
1661 2154 1728 2187 hac
1763 2165 1873 2187 causa

98 2210 240 2256 plenius
278 2209 442 2243 disserui.
493 2209 571 2243 Hoc
607 2212 749 2244 tantum
785 2210 895 2244 addo:
936 2210 969 2244 S.
998 2210 1085 2244 Pius
1112 2210 1154 2244 V.
1190 2221 1236 2243 m.
1264 2209 1396 2243 Martio
1435 2220 1465 2243 a.
1497 2209 1585 2242 1567
1622 2207 1873 2241 Franciscanis

96 2264 274 2308 regularis
292 2263 544 2297 observantiae
564 2266 803 2305 concesserat,
829 2266 870 2297 ut
887 2264 922 2297 in
942 2264 1018 2298 foro
1037 2263 1290 2303 conscientiae,
1310 2263 1402 2307 quod
1422 2273 1605 2303 vocamus,
1632 2261 1668 2294 in
1687 2264 1872 2305 posterum

98 2329 239 2362 quoque
274 2317 438 2351 omnibus
474 2317 676 2361 privilegiis
710 2329 775 2361 per
809 2329 970 2351 summos
1004 2317 1192 2362 pontifices
1227 2317 1296 2351 sibi
1327 2316 1474 2350 tributis
1500 2316 1551 2349 uti
1578 2317 1736 2359 possent,
1764 2314 1872 2347 etiam

97 2372 179 2413 illis,
207 2371 336 2415 quibus
362 2382 425 2415 per
444 2369 642 2404 Concilium
662 2371 910 2404 Tridentinum
937 2374 1033 2405 esset
1052 2371 1263 2415 derogatura
1285 2372 1414 2408 (Emm.
1430 2370 1627 2403 leodericus
1646 2368 1687 2402 O.
1702 2368 1759 2401 Fr.
1774 2367 1873 2408 Min„

97 2425 200 2460 Nova
237 2424 408 2459 Collectio
444 2423 724 2467 Privilegiorum
761 2424 1016 2468 Regularium,
1056 2425 1217 2459 Venetiis
1248 2425 1348 2463 1611,
1380 2424 1478 2466 428).
1530 2422 1607 2464 Qua
1643 2422 1873 2455 concessione

101 2479 181 2524 (per
207 2478 566 2512 communicationem
593 2478 884 2522 privilegiorum)
914 2479 1023 2512 etiam
1051 2477 1243 2512 Societatis
1279 2477 1440 2511 homines
1473 2475 1726 2520 comprehendi
1753 2486 1872 2509 cense-

98 2533 196 2574 bant,
232 2532 293 2576 qui
320 2532 356 2565 in
382 2531 481 2565 curia
507 2543 654 2565 romana
682 2543 857 2565 canonum
895 2533 1003 2577 periti
1030 2534 1133 2566 erant
1159 2531 1265 2576 (Epp.
1293 2531 1416 2565 Nadal
1441 2531 1491 2564 III
1526 2530 1626 2572 414).
1678 2529 1874 2562 Praeterea

98 2587 185 2621 Pius
210 2585 253 2620 V.
282 2585 386 2619 Bulla
423 2585 536 2619 Roma
573 2585 627 2619 16.
654 2585 741 2619 Maii
771 2586 859 2619 1567
898 2586 983 2619 data
1018 2586 1061 2619 de
1097 2585 1292 2619 Ordinibus
1328 2584 1612 2618 Mendicantium
1653 2583 1686 2625 (e
1722 2594 1873 2626 quorum

97 2651 245 2674 numero
272 2639 489 2673 Societatem
516 2641 552 2672 et
578 2639 692 2672 fuisse
728 2641 764 2672 et
800 2650 880 2673 esse
906 2639 1000 2673 idem
1029 2639 1115 2673 Pius
1142 2639 1184 2673 V.
1213 2638 1346 2672 litteris
1371 2637 1581 2683 apostolicis
1613 2637 1643 2671 7.
1672 2636 1753 2670 Iulii
1783 2636 1871 2670 1571

98 2694 192 2727 datis
218 2693 434 2736 declaravit)
463 2692 690 2726 decreverat:
719 2692 930 2726 Tridentina
958 2693 1019 2726 illa
1046 2693 1088 2726 de
1115 2692 1374 2737 approbatione
1401 2691 1595 2736 episcopali
1620 2690 1774 2734 petenda
1792 2690 1873 2732 lege

99 2747 346 2781 Mendicantes
381 2758 402 2780 a
437 2747 513 2780 suis
549 2746 835 2780 moderatoribus
871 2747 1101 2789 generalibus
1138 2746 1197 2780 vel
1228 2745 1510 2790 provincialibus
1537 2745 1581 2778 ad
1608 2744 1766 2778 fidelium
1794 2755 1874 2777 con-

97 2800 274 2834 fessiones
300 2800 532 2844 excipiendas
558 2800 777 2844 approbatos
804 2812 873 2834 non
901 2800 1155 2844 comprehendi
1178 2799 1368 2843 (Magnum
1392 2798 1592 2832 Bullarium
1612 2797 1811 2831 Romanum
1830 2797 1874 2838 II,

99 2854 343 2897 Luxemburgi
382 2854 482 2894 1727,
519 2854 587 2888 245
625 2854 733 2897 366);
768 2865 987 2898 quamquam
1023 2856 1150 2898 postea
1190 2854 1237 2896 (6.
1265 2854 1423 2896 Augusti
1453 2853 1559 2896 1571)
1596 2851 1663 2886 hoc
1690 2852 1873 2885 decretum

99 2908 286 2942 revocavit
316 2907 352 2949 (l.
381 2919 410 2942 c.
439 2908 535 2950 368).

220 2968 232 2987 ³
259 2967 297 3001 P.
317 2966 495 3001 Henricus
520 2967 702 3001 Arboreus
729 2966 865 3010 logices
891 2967 925 3000 in
954 2967 1193 3001 universitate
1220 2966 1404 3012 professor
1433 2965 1687 3011 (pulmonibus,
1715 2967 1755 2999 ut
1778 2964 1873 2998 vide-

99 3021 173 3064 tur)
203 3032 312 3064 aeger
338 3023 416 3054 erat
444 3021 550 3064 (Can.
570 3021 602 3055 V
630 3020 728 3064 363).

219 3082 232 3101 ⁴
258 3080 446 3114 Professor
471 3081 643 3126 physices
669 3080 912 3114 aristotelicae
943 3080 1049 3123 (Can.
1069 3080 1101 3114 V
1128 3080 1213 3114 306⁷
1241 3080 1340 3124 724).

220 3140 232 3158 5
259 3138 417 3174 Vizanus
443 3141 626 3185 professor
651 3139 900 3184 philosophiae
930 3140 1036 3183 (Can.
1056 3139 1087 3174 V
1113 3140 1212 3184 462),
