2044 3335
75 117 170 151 Mon.
197 115 382 150 955-956
408 115 486 149 sive
512 114 550 148 it.
573 114 746 157 (8)—(9).
790 113 893 148 Circa
918 112 1058 146 initium
1084 123 1130 146 m.
1149 111 1228 145 Iulii
1249 110 1339 146 1568
1358 130 1401 136 —
1421 109 1477 144 23.
1495 108 1575 143 Iulii
1595 107 1697 142 1568.
1745 110 1828 150 581

105 265 114 270 ,
192 231 278 265 Post
304 230 493 272 collegium
521 229 763 274 germanicum
791 228 995 262 institutum
1023 227 1187 262 Canisius
1214 227 1348 261 Romae
1375 226 1444 260 fuit
1469 225 1571 260 annis
1599 224 1700 266 1557,
1729 223 1833 265 1558,

75 285 177 325 1565,
206 284 305 324 1568,
336 283 435 317 1573.
486 283 706 317 Beretarium
734 284 851 316 autem
880 293 1008 321 rerum,
1036 292 1125 324 quas
1151 281 1194 314 ab
1221 292 1261 314 eo
1285 280 1418 314 Romae
1446 281 1568 322 gestas
1594 289 1672 312 esse
1698 278 1833 317 narrat,

78 340 335 382 „spectatorem
371 336 548 371 adfuisse“
587 337 751 370 Raderus
791 335 949 368 affirmat
982 333 1020 377 (l.
1048 345 1077 367 c.
1107 333 1210 375 138);
1246 344 1361 377 neque
1397 335 1517 366 tamen
1551 330 1746 365 verisimile
1778 331 1834 363 est

75 390 308 429 Beretarium,
334 388 514 422 Florentia
533 400 563 422 a.
583 388 725 422 circiter
745 387 835 421 1540
854 389 981 427 ortum,
1007 386 1058 420 ita
1084 385 1242 419 adfuisse
1267 387 1348 418 ante
1375 396 1405 418 a.
1428 385 1527 425 1565,
1555 395 1623 427 quo
1645 382 1716 426 (16.
1735 382 1835 422 Maii,

75 446 115 477 ut
140 443 273 481 ferunt)
303 442 432 476 Romae
459 441 673 475 Societatem
701 440 887 483 ingressus
918 442 972 473 est
1002 438 1283 482 (Sommervoyel,
1311 437 1399 471 Bibl.
1428 437 1441 470 I
1471 436 1721 477 1325—1326;
1748 434 1834 468 VIII

78 496 196 538 1820).
246 495 403 529 Maxime
441 507 526 528 vero
565 495 608 528 ab
644 506 684 527 eo
719 488 914 536 significari
952 494 1037 536 puto
1073 502 1184 524 annos
1222 490 1312 524 1568
1347 493 1383 523 et
1421 490 1521 524 1573.
1571 489 1703 523 Narrat
1738 492 1837 523 certe

76 551 256 583 Antonius
285 550 475 582 Gallonius
506 547 661 581 Oratorii
696 546 862 580 sacerdos
897 546 931 579 in
960 545 1042 578 Vita
1069 543 1102 578 S.
1131 543 1288 588 Philippi
1313 543 1423 585 Nerii,
1460 543 1583 586 quinto
1615 545 1697 587 post
1722 542 1838 587 ipsius

77 604 224 637 mortem
243 613 334 635 anno
353 603 504 646 primum
523 600 628 639 edita,
648 612 678 634 a.
693 600 782 634 1568
802 600 981 643 copiosam
999 598 1181 631 hominum
1200 596 1465 630 multitudinem
1485 595 1688 629 Oratorium
1705 594 1738 629 S.
1754 595 1837 628 Hie-

76 655 215 699 ronymi
242 654 412 688 Caritatis
438 654 705 697 frequentasse3
734 655 769 686 et
796 654 949 686 Ioannes
971 651 1120 691 Rubeus,
1146 652 1185 683 ut
1211 649 1304 682 idem
1324 648 1511 683 Gallonius
1537 649 1658 688 refert,
1686 649 1721 682 in
1747 648 1838 681 libro

78 708 198 742 italico
228 707 433 749 „Esamine“
464 708 542 748 etc„
569 717 674 750 quem
701 717 732 740 a.
761 705 851 739 1569
878 704 1044 748 Philippo
1071 702 1268 741 dedicabat,
1302 704 1467 742 testatur,
1504 713 1542 735 se
1568 713 1600 735 a.
1629 701 1719 735 1568
1750 702 1838 743 „fre-

77 763 244 804 quentem
270 760 546 794 clarissimorum
566 759 735 799 virorum,
762 760 869 801 atque
895 758 1049 791 omnium
1070 756 1251 799 gentium“
1273 755 1316 788 ad
1336 755 1538 799 Philippum
1564 754 1839 796 „confluentium

78 815 308 848 concursum⁴⁴
330 814 544 847 admiratum
563 824 641 846 esse
663 811 763 854 (Vita
782 811 883 845 Beati
904 811 942 844 P.
961 809 1118 854 Philippi
1136 808 1246 849 Nerii,
1273 808 1482 851 Moguntiae
1502 808 1603 847 1602,
1622 807 1839 848 216—218).

78 868 130 901 Ac
148 867 322 906 Canisius,
349 878 427 900 cum
446 866 590 899 ineunte
609 867 746 898 aestate
765 876 795 898 a.
817 864 907 898 1568
925 863 1073 897 Romam
1092 863 1242 903 veniret,
1269 861 1345 901 hoc,
1372 863 1514 906 praeter
1536 861 1616 900 alia,
1643 860 1841 905 spectabat,

78 924 118 954 ut
143 921 185 953 ad
212 920 351 960 librum,
379 931 448 963 quo
474 919 661 952 historiam
680 917 963 952 ecclesiasticam
983 916 1271 950 centuriatorum
1290 914 1654 958 Magdeburgensium
1682 913 1841 947 refutare

79 985 98 1007 a
126 973 159 1007 S.
187 973 250 1006 Pio
276 972 320 1006 V.
346 972 466 1006 iussus
491 973 579 1010 erat,
606 970 900 1005 conscribendum
927 969 1086 1003 subsidia
1113 970 1353 1012 compararem
1389 967 1581 1001 eorundem
1607 969 1726 1000 autem
1754 966 1842 1000 Cen-

77 1027 288 1061 turiatorum
323 1025 592 1059 refutandorum
628 1024 747 1067 gratia
782 1023 816 1058 S.
843 1022 1033 1068 Philippus
1067 1021 1197 1056 Nerius
1232 1021 1388 1055 iusserat
1423 1021 1613 1055 Caesarem
1650 1019 1841 1053 Baronium

83 1080 159 1124 (qui
195 1079 238 1113 ad
276 1078 309 1113 S.
337 1077 478 1111 Ioannis
514 1077 702 1122 Baptistae
736 1077 1022 1110 Florentinorum
1058 1074 1261 1117 habitabat)
1299 1075 1333 1108 in
1371 1073 1535 1108 Oratorio
1570 1073 1604 1108 S.
1632 1073 1845 1117 Hieronymi

78 1132 263 1166 historiam
298 1131 577 1165 ecclesiasticam
606 1130 828 1164 auditoribus
863 1141 1040 1174 exponere
1069 1128 1313 1172 (Bernabaeus
1338 1127 1361 1161 l.
1389 1140 1418 1161 o.
1446 1139 1474 1161 c.
1503 1129 1534 1169 6,
1561 1139 1594 1161 11.
1623 1127 1771 1167 61—63,
1807 1127 1844 1159 in

80 1188 179 1220 Actis
205 1185 416 1219 Sanctorum
442 1184 465 1218 1.
493 1196 522 1218 c.
550 1184 748 1218 535—536.
804 1185 929 1217 Gener.
962 1184 1125 1216 Calenzio
1153 1181 1280 1225 Congr.
1309 1180 1379 1220 Or„
1416 1180 1466 1214 La
1493 1181 1570 1215 vita
1596 1192 1614 1214 e
1640 1180 1690 1223 gli
1726 1179 1845 1214 scritti

79 1239 135 1273 del
162 1238 351 1272 Cardinale
378 1237 508 1271 Cesare
528 1237 690 1278 Barouio,
718 1237 830 1270 Roma
859 1237 960 1277 1907,
987 1236 1155 1279 31—37).
1208 1234 1396 1268 Bordinius
1423 1246 1563 1278 quoque
1590 1233 1843 1277 antiquitatem

79 1292 360 1327 ecclesiasticam
387 1291 583 1333 indagabat
610 1293 645 1324 et
664 1290 800 1324 calamo
826 1289 1032 1323 illustrabat
1051 1288 1254 1333 (Marchese
1281 1288 1314 1322 di
1333 1289 1524 1331 Villarosa,
1552 1286 1724 1321 Memor-ie
1748 1286 1844 1330 degli

81 1345 244 1380 Scrittori
270 1344 449 1389 Filippini,
475 1344 603 1389 Napoli
633 1344 733 1383 1837,
761 1343 929 1386 72—73).

198 1398 347 1432 Constat
373 1397 623 1432 Sebastianum
652 1397 875 1431 Beretarium
904 1397 940 1439 (†
968 1395 1073 1438 1622)
1104 1395 1163 1429 diu
1195 1395 1335 1429 litteras
1371 1397 1407 1428 et
1441 1394 1700 1428 humanitatem
1736 1392 1846 1427 tradi-

82 1452 196 1492 disse;
234 1463 276 1485 ac
302 1463 381 1485 cum
418 1463 509 1491 eum,
546 1451 630 1494 quid
658 1450 824 1484 Canisius
859 1449 1001 1492 collegii
1040 1448 1236 1491 germanici
1271 1447 1563 1482 adulescentibus
1599 1446 1847 1481 commendare

79 1506 205 1540 solitus
231 1505 288 1546 sit,
323 1508 397 1538 tam
431 1504 572 1549 copiose
607 1504 765 1547 adeoque
793 1503 1006 1546 singillatim
1040 1505 1245 1536 narrantem
1279 1504 1314 1535 et
1349 1501 1385 1534 in
1412 1501 1589 1535 narrando
1624 1500 1776 1544 denique
1802 1491 1847 1533 ad

81 1559 125 1600 id,
153 1560 193 1592 ut
218 1558 253 1592 in
279 1558 394 1603 prima
413 1569 564 1602 persona
589 1556 756 1601 loquatur
778 1556 899 1600 („quid
921 1555 1141 1593 deberemus,
1169 1555 1435 1597 docebamur“),
1463 1554 1712 1588 devenientem
1731 1552 1846 1595 video,

80 1613 145 1646 hoc
172 1612 256 1645 mihi
284 1611 406 1645 videor
432 1612 592 1645 conicere
619 1622 743 1656 posse:
779 1610 1002 1643 b'eretarium
1029 1621 1069 1642 eo
1104 1611 1263 1653 tempore
1290 1607 1347 1641 vel
1382 1607 1418 1641 in
1453 1607 1603 1650 collegio
1639 1605 1843 1650 germanico

80 1677 208 1699 munus
234 1665 376 1709 aliquod
395 1665 675 1704 administrasse,
702 1663 760 1697 vel
786 1663 916 1697 saltem
934 1662 1014 1696 aliis
1033 1662 1075 1696 de
1094 1662 1212 1696 causis
1238 1662 1271 1695 10
1295 1661 1381 1694 illud
1408 1661 1615 1704 frequenter
1634 1660 1845 1694 ventitasse.

79 1720 121 1753 In
151 1720 339 1762 „Cutaloyo
380 1718 536 1752 omnium
571 1717 630 1761 qui
666 1718 701 1751 in
727 1716 886 1750 Romano
914 1716 1072 1758 Collegio
1108 1716 1243 1758 degunt
1277 1715 1344 1749 hoc
1378 1726 1469 1749 anno
1502 1715 1612 1748 1568“
1642 1714 1845 1748 nominatur

86 1773 152 1816 „M.
180 1772 412 1807 Sebastianus
442 1771 669 1805 Florentinus
705 1771 885 1815 professor
911 1771 962 1804 2⁵*e
997 1769 1125 1803 classis
1161 1769 1437 1812 grammatica&
1471 1767 1585 1811 (Rom.
1614 1767 1676 1801 78¹³
1702 1766 1726 1802 f.
1755 1766 1846 1810 63¹³).

86 1900 189 1937 955
217 1900 293 1935 sive
320 1898 382 1935 it.
404 1897 507 1944 (8).
582 1897 686 1934 Circa
711 1896 859 1933 initium
885 1907 930 1932 ln.
950 1896 1035 1932 Iulii
1061 1895 1156 1932 1568.

200 1960 254 1994 Ex
281 1959 498 2005 apographis
524 1959 636 1993 eiusd.
663 1961 771 2003 temp.
820 1957 940 1992 Germ.
960 1959 1004 1992 67
1031 1957 1056 1991 f.
1078 1957 1305 1992 1602-1612.

204 2021 371 2054 Canisius
396 2021 528 2053 Romae
547 2020 752 2062 praeposito
776 2019 936 2061 yenerali
961 2020 1080 2058 instat,
1113 2021 1151 2050 ut
1175 2017 1313 2050 sodales
1338 2017 1378 2048 in
1408 2015 1641 2049 Germaniam
1676 2015 1791 2047 mittat
1817 2017 1847 2046 et

85 2075 204 2108 Socios
230 2074 364 2117 aliquot
390 2074 437 2106 ad
461 2073 695 2106 sacerdotium
718 2073 949 2116 promovendi
972 2072 1178 2114 facultatem
1204 2071 1379 2104 concedat.

203 2134 239 2167 S.
266 2133 484 2166 Franciseus
518 2133 671 2174 Boryias
702 2134 929 2175 praepositus
959 2131 1137 2175 qemi-alis
1173 2131 1285 2164 Roma
1322 2132 1353 2163 6.
1381 2130 1470 2163 Iulii
1497 2131 1588 2162 1568
1622 2129 1765 2170 scripsit
1800 2127 1848 2159 ad

85 2189 123 2222 Ρ.
148 2187 334 2220 Nicolaum
362 2187 541 2219 Lanoium
568 2190 734 2218 rectorem
762 2186 898 2227 colleyii·
924 2185 1175 2228 oenipontani:
1201 2183 1341 2225 Quanto
1368 2183 1402 2216 al
1428 2193 1575 2216 numero
1602 2181 1644 2214 de
1669 2178 1848 2214 sacerdoti

84 2240 148 2275 che
167 2240 210 2274 V.
229 2240 269 2274 R.
289 2243 401 2280 sente,
427 2250 525 2272 esser
544 2238 678 2271 minore
697 2238 731 2271 di
757 2238 840 2282 quel
858 2238 923 2272 che
942 2237 1193 2278 conuerrebbe,
1220 2236 1381 2282 supplira
1399 2247 1498 2270 come
1516 2237 1619 2280 potra
1644 2233 1669 2267 il
1688 2233 1726 2267 P.
1746 2232 1848 2266 Vice-

82 2293 302 2339 prouinciale
338 2295 372 2326 et
399 2294 460 2336 qui
485 2291 510 2325 il
538 2291 576 2325 P.
605 2291 829 2325 Prouinciale
856 2291 1009 2332 Canisio,
1044 2291 1139 2324 tiene
1175 2290 1289 2324 anche
1325 2300 1409 2324 cura
1445 2288 1510 2323 che
1545 2289 1575 2322 si
1611 2299 1763 2333 possano
1793 2286 1850 2319 far

84 2346 203 2381 alcuni
229 2346 406 2380 sacerdoti
434 2345 467 2379 di
503 2345 574 2390 piu,
610 2346 646 2378 et
680 2345 740 2388 gia
769 2356 832 2388 per
864 2347 990 2388 questo
1025 2344 1072 2377 ha
1106 2344 1240 2377 hauuto
1275 2343 1432 2377 licentia.
1484 2343 1531 2375 Et
1557 2343 1604 2375 ad
1630 2342 1668 2375 P.
1698 2341 1851 2374 Paulum

84 2402 274 2443 Hoffaeum
296 2401 510 2434 Germaniae
527 2400 725 2442 superioris
742 2399 1089 2441 vieeprovineialem:
1114 2397 1217 2431 Della
1235 2396 1437 2442 prouisione
1457 2395 1489 2429 di
1509 2394 1661 2439 qualche
1679 2395 1849 2437 suggetto

84 2465 147 2499 per
172 2453 206 2487 la
226 2453 417 2488 Germania
443 2452 468 2486 il
486 2452 525 2486 P.
547 2451 770 2486 Prouinciale
797 2463 840 2485 ne
866 2452 912 2486 ha
940 2462 1026 2485 cura
1052 2451 1147 2485 assai
1176 2451 1210 2484 di
1237 2449 1442 2489 ricordaflo,
1470 2451 1506 2482 et
1531 2449 1562 2482 si
1588 2447 1719 2482 uedera
1745 2457 1850 2480 uerso

84 2507 110 2541 il
135 2508 329 2541 settembre
356 2506 439 2551 quel
475 2506 540 2540 che
575 2505 605 2539 si
640 2507 743 2550 potra
777 2505 865 2545 fare,
901 2516 1000 2538 come
1035 2504 1148 2538 anche
1187 2503 1269 2538 delli
1297 2502 1480 2537 Sacerdoti
1506 2501 1571 2536 che
1607 2501 1641 2535 di
1676 2512 1792 2534 nuouo
1819 2499 1850 2534 si

85 2561 278 2595 haueriano
305 2563 325 2595 a
350 2571 558 2605 promouere
584 2558 665 2592 nela
691 2558 878 2603 Superior-e
906 2557 1109 2592 Germania.

204 2615 295 2657 Quid
322 2614 487 2648 Canisius
513 2612 681 2652 effecerit,
708 2624 742 2646 v.
769 2623 877 2656 supra
904 2623 938 2656 p.
962 2611 1148 2645 208—211
1177 2610 1257 2644 213.

91 2735 196 2773 956
223 2738 302 2772 sive
328 2735 390 2771 it.
412 2734 513 2781 (9).
588 2733 644 2769 23.
663 2731 749 2768 111111
775 2732 870 2768 1568.

204 2796 260 2830 Ex
287 2796 471 2839 Sacehino,
500 2794 585 2828 Can.
613 2793 811 2831 256—259,
839 2794 875 2826 et
901 2792 995 2826 Hist.
1022 2791 1056 2826 S.
1077 2791 1109 2825 J.
1137 2791 1199 2832 ΙΙΙ,
1224 2791 1248 2825 l.
1266 2791 1299 2832 4,
1325 2802 1358 2825 n.
1380 2791 1448 2825 128
1476 2791 1554 2825 129.

208 2857 243 2890 S.
270 2857 358 2889 Pius
383 2856 420 2889 V.
448 2855 747 2898 conyreyationem
783 2852 1027 2885 cardinalium
1065 2852 1240 2895 instituit,
1279 2852 1341 2895 qui
1377 2850 1570 2883 haereticos
1607 2854 1636 2882 et
1673 2849 1853 2892 imprimis

82 2914 315 2953 protestantes
339 2910 386 2942 ad
412 2909 590 2941 eeclesiam
616 2907 833 2940 reducendos
868 2910 1001 2939 curent.
1055 2905 1223 2938 Canisius
1255 2916 1297 2938 ex
1327 2905 1537 2948 praecipuis
1570 2904 1677 2937 huius
1712 2903 1854 2936 consilii

87 2963 291 2997 auctoribus
317 2967 373 2996 est.

207 3024 465 3065 Franciseus
476 3022 710 3064 Sacclzinus
728 3022 772 3061 in
791 3021 874 3060 vita
892 3020 1055 3061 Canisii
1074 3034 1112 3061 a.
1128 3021 1243 3061 1616
1260 3019 1428 3074 vulqata
1443 3022 1610 3070 narrat,
1633 3017 1853 3059 Canisium

89 3103 129 3131 α.
164 3090 279 3131 1568
312 3103 336 3129 a
370 3088 629 3128 Germaniae
661 3086 893 3139 superioris
925 3085 1239 3139 conyreyatione
1268 3084 1522 3138 provinciali
1544 3084 1721 3125 Romam
1754 3083 1853 3123 mis-
