2044 3335
158 86 242 126 656
308 84 404 117 Mon.
435 83 523 117 1006
550 83 627 115 sive
654 81 724 115 litt.
746 81 814 125 (1).
857 81 888 114 A
914 92 960 115 m.
981 79 1167 114 Decembri
1198 80 1287 114 1566
1315 80 1358 114 ad
1385 80 1632 125 Septembrem
1663 81 1765 116 1567.

155 199 323 242 facemo
345 200 587 252 stampare“
613 197 979 249 (.‚Oateohismum
997 197 1263 239 Romanuni“
1289 197 1405 248 dicit,
1429 197 1472 239 in
1491 212 1614 240 usum
1637 198 1921 252 parochorum

156 279 182 306 a
216 265 255 308 S.
290 264 364 305 Pio
398 264 449 306 V.
483 263 617 305 latine
650 262 813 305 editum
847 264 892 304 et
924 262 1114 303 eiusdem
1147 262 1266 304 iussu
1299 276 1325 304 a
1357 263 1402 305 P.
1432 263 1566 305 Paulo
1600 264 1781 305 Hoffaeo
1815 263 1857 307 S.
1880 264 1920 306 J.

155 329 403 382 germanice
436 342 632 376 versum;
667 342 707 370 v.
742 341 874 381 supra
906 341 946 380 p.
972 328 1026 368 26
1057 327 1153 379 59);
1189 327 1341 368 deinde
1364 327 1662 381 Epistularum
1696 342 1851 382 corpus
1884 328 1923 370 ei

156 393 451 434 excudendum
486 392 589 439 erit;
633 392 676 433 in
718 406 802 445 qua
836 406 882 433 re
915 405 1087 434 menses
1119 391 1285 444 aliquot
1325 391 1609 435 insumentur.
1675 393 1793 443 Quae
1827 407 1920 435 oum

155 459 217 500 ita
249 458 348 507 sint,
392 457 636 508 cardinalis,
681 471 956 511 quamquam,
999 459 1048 499 ut
1088 457 1196 499 liber
1230 471 1398 510 quoque
1431 457 1483 499 de
1515 458 1704 512 primatu
1736 458 1923 512 scriptus

155 523 354 576 Dilingae
388 523 642 573 excudatur,
683 523 914 571 desiderat,
950 522 1147 564 Panvinii
1182 522 1362 565 arbitrio
1395 523 1622 577 permittit,
1657 525 1705 565 ut
1738 525 1814 565 aut
1846 537 1922 565 ex-

155 590 338 641 spectet,
363 590 440 630 aut
462 588 617 629 librum
641 587 837 631 Venetiis
861 588 1072 629 edendum
1097 589 1231 629 curet.
1280 587 1339 638 „Il
1362 587 1502 629 Padre
1525 588 1695 630 Canisio
1718 588 1774 630 ha
1795 591 1922 631 usato

155 652 277 694 anch'
298 652 385 705 egli
418 653 643 706 diligentia
675 653 902 694 scriuendo
935 653 978 694 in
1001 652 1124 695 molti
1156 653 1268 694 lochi
1302 666 1379 706 per
1410 653 1558 694 hauer’
1578 653 1673 695 luce
1707 654 1747 695 di
1781 654 1922 707 quelle

155 731 284 771 opere
318 717 396 759 che
424 718 475 761 V.
500 718 727 761 Paternita
761 718 973 768 desidera,
1009 721 1052 760 et
1084 718 1128 759 in
1162 719 1311 760 effetto
1346 717 1384 759 ci
1415 718 1470 760 ha
1503 719 1694 760 resoluto
1728 719 1805 760 che
1837 733 1920 760 non

155 783 189 824 si
223 785 446 826 trouan0.“

274 854 391 895 Idem
424 854 564 896 eidem
597 854 772 908 Dilinga
807 856 876 897 22.
910 854 1014 896 Maii
1051 856 1185 895 1567:
1229 853 1430 908 Corporis
1463 854 1772 908 Epistularum,
1809 855 1921 908 quod

156 918 392 961 Panvinius
414 919 616 972 Dilingae
640 919 796 962 excudi
819 919 949 974 cupit,
973 922 1065 962 tum
1095 919 1305 973 „epistola
1328 919 1620 961 dedicatoria“
1642 921 1655 947 1
1676 922 1770 962 tum
1791 919 1922 961 index

156 983 305 1026 eodem
338 985 508 1039 perlata
541 988 663 1031 sunt:
698 985 769 1026 ubi
803 988 949 1027 autem
981 984 1073 1038 ipse
1106 984 1214 1026 liber
1247 984 1407 1027 allatus
1441 984 1537 1035 erit,
1571 985 1755 1035 Canisio,
1795 999 1921 1038 quem

156 1052 254 1102 post
277 1063 437 1103 paucos
461 1050 551 1091 dies
570 1050 787 1104 Dilingam
812 1064 1089 1092 reversurum
1113 1064 1213 1103 spes
1231 1053 1310 1099 est,
1330 1050 1530 1092 tradetur
1547 1050 1922 1103 recognoscendus

156 1114 230 1167 („a
252 1114 520 1168 riuedere“);
546 1119 765 1158 caeterum
790 1115 999 1157 Panvinio
1023 1115 1127 1156 nihil
1151 1118 1217 1157 est
1244 1115 1538 1162 dubitandum,
1564 1115 1664 1168 quin
1689 1115 1920 1157 cardinalis

154 1179 309 1221 librum
355 1194 483 1233 quam
528 1180 859 1233 diligentissime
901 1180 1199 1222 excudendum
1243 1182 1472 1222 curaturus
1514 1181 1584 1223 sit.
1647 1181 1706 1222 Et
1747 1180 1921 1234 Dilinga

160 1247 225 1287 19.
250 1245 359 1286 Iunii
389 1247 521 1287 1567:
556 1246 783 1300 Epistulae
805 1246 1056 1300 pontificum
1079 1246 1268 1287 nondum
1292 1248 1393 1288 sunt
1415 1246 1596 1295 allatae;
1623 1260 1746 1298 quae,
1771 1260 1922 1298 quam·

155 1310 339 1364 primum
362 1311 453 1352 fieri
476 1312 651 1365 poterit,
686 1311 856 1354 Canisio
879 1311 1256 1364 recognoscendae
1279 1311 1509 1353 tradentur
1531 1313 1575 1353 et
1598 1311 1750 1352 deinde
1773 1310 1920 1353 statim

156 1375 274 1428 prelo
309 1375 594 1426 subicientur;
639 1377 850 1418 Panvinio
883 1376 1106 1425 scribetur,
1150 1375 1252 1429 quid
1290 1376 1341 1417 de
1376 1375 1484 1417 libro
1517 1375 1679 1417 sentiat
1712 1375 1920 1425 Canisius‚

161 1440 215 1490 „il
256 1442 384 1493 quale
427 1441 519 1483 dice
553 1442 606 1484 da
648 1442 755 1484 hora
786 1441 980 1484 rendersi
1015 1443 1147 1491 certo,
1192 1441 1270 1482 che
1303 1455 1387 1482 non
1420 1443 1547 1494 potra
1581 1454 1724 1482 essere
1757 1454 1803 1482 se
1837 1455 1921 1482 non

157 1519 257 1547 cosa
299 1507 440 1560 degna
482 1507 594 1548 delle
636 1507 752 1549 uirtu
793 1509 911 1549 sue“.
975 1507 1032 1549 Et
1066 1506 1241 1559 Dilinga
1283 1508 1352 1548 24.
1386 1506 1481 1547 Iulii
1518 1508 1653 1547 1567:
1696 1506 1921 1560 Epistulae

156 1571 374 1624 Dilingam
407 1573 604 1626 perlatae
638 1576 681 1615 et
711 1573 880 1614 Canisio
913 1572 1103 1615 traditae
1136 1574 1238 1614 sunt
1269 1572 1667 1625 recognoscendae;
1703 1572 1754 1613 de
1785 1571 1922 1625 ipsius

154 1637 373 1679 sententia
396 1637 630 1679 Panvinius
660 1639 818 1680 certior
851 1637 1086 1686 efficietur;
1121 1638 1197 1679 sed
1229 1637 1530 1691 typographus
1565 1651 1672 1690 opus
1705 1637 1920 1679 excudere

155 1705 367 1755 gravatus
401 1706 480 1754 est,
515 1703 615 1756 quia
647 1704 774 1745 nimis
807 1704 997 1758 amplum
1021 1706 1064 1746 et
1096 1717 1250 1756 parum
1283 1706 1591 1756 quaestuosum
1616 1704 1752 1752 esset;
1786 1716 1920 1755 quare

155 1767 386 1809 cardinalis
408 1768 563 1810 librum
588 1769 807 1811 Coloniam
832 1769 886 1811 ad
908 1768 1229 1822 typographum
1253 1766 1523 1820 (Calenium),
1549 1767 1618 1820 qui
1643 1767 1920 1809 conciliorum

155 1832 386 1875 editionem
429 1834 612 1883 curavit,
659 1834 833 1877 mittere
876 1838 920 1877 et
962 1834 1143 1875 eundem
1186 1833 1240 1875 ad
1281 1833 1470 1886 reliquos
1511 1847 1680 1886 quoque
1721 1833 1920 1875 Panvinii

154 1898 286 1939 libros
320 1899 596 1940 excudendos
630 1913 885 1953 permovere
917 1899 1095 1947 statuit;
1139 1899 1213 1940 sed
1257 1898 1559 1940 difficultatem
1593 1901 1764 1952 parant,
1809 1912 1919 1952 quae

154 1963 390 2005 Panvinius
424 1965 475 2006 de
508 1964 715 2006 librorum
749 1965 889 2019 pretio
922 1965 1002 2006 sibi
1035 1964 1242 2006 solvendo
1275 1963 1512 2017 proposuit.

273 2035 467 2088 Denique
500 2036 675 2088 Dilinga
709 2037 778 2078 28.
815 2036 1003 2089 Augusti
1038 2037 1147 2077 1567
1184 2034 1417 2076 cardinalis
1450 2035 1677 2076 Truclzssess
1708 2034 1918 2076 Panvinio

153 2099 341 2141 scribere
385 2100 551 2154 potuit:
601 2101 738 2150 „Sono
781 2103 898 2143 state
940 2102 1063 2142 tante
1105 2101 1145 2141 le
1187 2100 1460 2154 occupationi
1503 2100 1580 2141 che
1621 2101 1692 2141 fin'
1715 2100 1822 2142 hora
1863 2099 1919 2141 ha

152 2165 313 2207 hauute
345 2165 373 2206 il
400 2166 540 2207 Padre
563 2166 746 2216 Canisio⁷
782 2166 859 2208 che
882 2180 964 2207 non
999 2166 1055 2207 ha
1087 2179 1247 2207 ancora
1280 2168 1458 2219 possuto
1491 2164 1615 2206 finire
1648 2164 1689 2206 di
1721 2165 1918 2207 riuedere

152 2230 181 2271 il
213 2230 322 2272 libro
356 2231 398 2271 di
423 2231 474 2274 V.
500 2231 725 2273 Paternita
759 2231 871 2273 delle
895 2231 1091 2285 Epistole
1115 2231 1166 2272 de
1192 2230 1413 2279 Pontefici,
1448 2232 1492 2272 et
1513 2230 1634 2272 finito
1659 2231 1736 2272 che
1764 2231 1791 2271 l’
1811 2230 1917 2271 hara

152 2309 405 2349 operaremo
436 2297 514 2338 che
548 2296 585 2337 le
618 2296 729 2338 facci
762 2296 907 2350 quella
938 2296 1036 2338 fede
1060 2296 1137 2337 che
1171 2295 1225 2336 lei
1260 2298 1424 2337 mostra
1458 2295 1707 2337 desiderare
1740 2309 1817 2349 per
1838 2309 1917 2337 sua

150 2360 471 2409 iustificatione,
507 2362 583 2403 che
616 2361 658 2403 in
693 2362 812 2404 detto
845 2362 954 2403 libro
977 2375 1061 2403 non
1085 2361 1149 2403 sia
1173 2375 1275 2402 cosa
1298 2362 1536 2415 suspetta.“
1590 2360 1754 2402 Deinde
1778 2360 1917 2402 cardi-

151 2426 274 2475 nalis,
319 2426 418 2479 quia
451 2426 661 2468 Panvinio
700 2427 763 2469 ita
795 2428 953 2480 placet,
996 2427 1150 2468 librum
1186 2426 1405 2468 Coloniam
1438 2426 1584 2468 mittet
1617 2426 1915 2467 excudendum

151 2493 196 2532 et
227 2491 503 2545 typographo
538 2506 627 2533 rem
660 2506 925 2546 magnopere
958 2491 1290 2533 commendabit.

269 2583 323 2617 Ex
350 2586 530 2628 postrema
556 2585 623 2619 hac
654 2585 807 2630 epistula
835 2584 1068 2627 intellegitur,
1096 2584 1279 2618 Canisium
1306 2583 1371 2618 hoc
1398 2583 1565 2617 Panvinii
1592 2595 1680 2628 opus
1706 2595 1774 2617 non
1800 2583 1914 2617 solum

150 2635 318 2679 privatim
346 2649 408 2681 pro
435 2649 500 2671 sua
526 2638 561 2671 in
588 2641 771 2672 auctorem
797 2638 1047 2672 benevolentia
1074 2637 1131 2671 vel
1169 2649 1231 2682 pro
1258 2649 1321 2671 suo
1357 2636 1558 2670 litterarum
1589 2648 1773 2671 sacrarum
1798 2637 1916 2671 studio

150 2690 412 2731 recognovisse,
439 2691 501 2724 sed
528 2692 561 2724 in
589 2703 629 2725 eo
655 2691 942 2735 recognoscendo
970 2702 1151 2725 censorem
1180 2690 1465 2725 ecclesiasticum
1499 2690 1635 2733 egisse:
1672 2701 1837 2724 censores
1863 2702 1915 2724 ro-

150 2743 244 2774 mani
271 2742 410 2784 librum,
446 2747 486 2777 ut
512 2745 687 2786 videntur,
721 2745 918 2790 approbare
943 2745 1216 2779 cunctabantur.
1268 2742 1359 2784 Quid
1385 2743 1529 2777 tandem
1560 2743 1602 2777 de
1629 2755 1669 2777 eo
1696 2744 1831 2778 factum
1857 2744 1914 2785 sit,

150 2805 183 2827 v.
210 2806 318 2838 supra
345 2807 376 2839 p.
405 2797 476 2831 71¹.

274 2969 282 2988 ¹
310 2969 471 3013 Epistula
498 2971 596 3011 haec,
623 2984 642 3006 a
662 2972 836 3007 Panvinio
862 2972 975 3007 Roma
996 2973 1025 3007 1.
1045 2971 1130 3006 Maii
1152 2972 1241 3006 1567
1266 2971 1310 3005 ad
1337 2971 1453 3016 ipsum
1481 2970 1696 3005 cardinalem
1715 2970 1912 3005 Truchsess

151 3021 244 3108 ἱῑὲζι,
272 3022 395 3108 laliilhuc
431 3026 552 3057 exstat
587 3027 621 3058 et
658 3025 777 3059 italice
812 3028 848 3059 et
882 3025 992 3059 latine
1027 3025 1182 3070 scripta;
1223 3025 1334 3058 verba
1367 3024 1489 3058 italica
1525 3025 1643 3069 posuit
1678 3025 1808 3058 Perz‘mv
1833 3023 1854 3059 l.
1882 3035 1911 3057 0.
