2044 3335
181 118 236 160 50
477 116 577 150 1495.
607 115 640 150 S.
661 115 876 150 Franciscus
903 114 1055 158 Borgias
1082 114 1166 149 Can.
1216 114 1330 149 Roma
1356 114 1412 150 20.
1433 115 1529 160 Sept.
1552 115 1654 150 1567.

181 234 382 277 nissimas
405 234 597 288 Reginas
620 237 772 276 contra
794 234 1042 276 institutum
1065 236 1261 276 nostrum
1295 248 1321 275 a
1352 234 1476 276 nobis
1508 234 1697 288 exigere,
1727 248 1952 288 speramus

181 300 295 353 quod
336 314 474 353 aequo
516 300 660 341 animo
702 300 790 341 sint
830 301 1105 353 accepturae,
1149 298 1186 340 si
1228 312 1376 340 curam
1418 299 1530 342 hanc
1571 302 1720 342 nostro
1752 299 1953 342 instituto

180 379 359 419 prorsus
399 368 716 418 repugnantem
758 378 1020 406 recusemus.
1085 363 1241 406 Posset
1285 363 1444 417 alioqui
1487 364 1537 407 R.
1572 364 1624 407 V.
1659 364 1834 415 eisdem,
1879 362 1953 418 [de

179 427 388 484 nostris]³
429 428 811 472 constitutionibus
854 428 1069 471 rationem
1111 428 1294 470 reddere
1327 429 1364 470 si
1396 443 1503 483 opus
1537 432 1675 478 esset;
1721 443 1805 470 non
1839 429 1952 470 enim

181 494 273 536 sine
306 495 452 547 magni
477 494 683 536 momenti
707 494 849 536 causis
871 508 949 548 per
971 494 1122 536 literas
1146 493 1424 547 Apostolicas
1447 494 1569 535 nobis
1595 493 1952 548 supplicantibus,

182 561 355 601 cautum
389 559 485 608 fuit,
519 573 573 600 ne
606 573 795 611 unquam
825 558 1110 600 foeminarum
1135 558 1397 612 peculiarem
1423 573 1571 601 curam
1593 559 1781 601 societas
1803 561 1954 601 nostra

181 624 423 678 susciperet
437 625 464 673 1,
500 623 612 675 quod
645 626 690 665 et
723 623 975 666 constitutio
1008 626 1161 665 nostra
1193 623 1469 677 postmodum
1502 624 1788 666 confirmauit.

300 689 421 738 Quod
465 689 519 730 ad
561 702 719 730 nouum
754 689 965 742 templum
1000 689 1181 738 attinet,
1226 689 1339 741 quod
1382 702 1477 730 cum
1511 702 1639 730 sacra
1671 688 1954 742 suppelectile

183 753 270 796 ‚SS.
306 753 383 796 CC.
418 753 662 804 aedificare,
698 756 742 796 et
775 767 930 795 ornare
964 753 1194 807 magnifice
1227 754 1391 804 uolunt,
1433 757 1476 796 et
1508 753 1776 807 incorporari
1809 753 1954 796 Socie-

181 818 265 861 tati
298 818 427 872 (quae
461 819 618 860 Hallae
651 819 894 872 collegium,
938 820 1007 860 uel
1052 819 1224 860 domum
1266 818 1535 873 probationis
1572 819 1616 860 in
1649 819 1835 871 quodam
1868 818 1952 860 alio

181 884 445 926 monasterio
479 884 796 937 aliquantulum
830 885 1027 926 remoto2
1059 884 1117 926 sit
1150 883 1371 937 habitura)
1404 882 1733 938 imperentb[‘?],
1773 883 1815 924 id
1848 897 1953 925 sane

182 949 387 1002 expedire
420 963 505 990 non
537 949 721 991 uidetur.
785 949 931 990 Primo
965 949 1066 1002 quia
1099 948 1329 1002 collegium
1362 949 1432 990 uel
1465 949 1629 998 domus,
1673 949 1788 991 haud
1827 948 1953 990 dubie

181 1027 304 1055 suum
347 1015 556 1067 templum
599 1013 875 1056 coniunctum
918 1014 1116 1064 habebit,
1160 1014 1273 1067 quod
1315 1013 1398 1068 ipsi
1438 1014 1547 1056 satis
1589 1014 1685 1056 erit.
1756 1014 1952 1056 Secundo

182 1078 282 1131 quia
327 1093 421 1120 cum
466 1093 624 1120 nouum
667 1079 877 1133 templum
920 1079 1197 1121 coniunctum
1240 1079 1383 1120 domui
1416 1079 1683 1132 Reginarum
1727 1093 1822 1120 cum
1864 1079 1953 1120 suis

183 1144 393 1185 matronis
425 1158 477 1185 ac
508 1144 749 1196 uirginibus
782 1144 839 1187 sit
871 1144 1066 1187 futurum
1108 1147 1256 1198 preter
1298 1144 1498 1186 decorum
1533 1147 1710 1186 nostrae
1745 1143 1953 1186 Societati

182 1209 488 1262 applicaretur.
536 1211 577 1250 3⁰
599 1209 701 1262 quia
724 1212 877 1252 contra
900 1224 1062 1251 morem
1087 1209 1327 1260 societatis,
1361 1224 1412 1251 ac
1444 1209 1706 1263 procedendi
1738 1209 1952 1251 rationem

182 1276 310 1323 esset,
357 1277 405 1316 ut
448 1274 587 1316 nostri
628 1275 758 1316 aliam
802 1275 1059 1325 Ecclesiam,
1106 1276 1159 1316 ab
1204 1274 1475 1317 habitatione
1520 1289 1598 1316 sua
1643 1276 1854 1316 remotam
1898 1274 1952 1315 ad

183 1339 426 1381 exercenda
459 1353 539 1381 sua
572 1340 812 1382 ministeria
846 1340 1038 1394 quotidie
1071 1341 1243 1391 adeant,
1283 1353 1362 1381 nec
1393 1340 1435 1381 id
1468 1339 1638 1392 magnis
1669 1339 1953 1381 incommodis

182 1407 373 1447 uacaret.

300 1470 403 1511 Cum
458 1484 562 1523 ergo
614 1470 726 1512 hanc
780 1484 875 1512 esse
920 1470 1304 1513 Serenissimarum
1354 1469 1619 1523 Reginarum
1666 1469 1951 1511 intentionem

182 1534 421 1585 uideamus,
454 1535 497 1576 in
531 1535 680 1577 domo⁰
711 1535 981 1589 probationis
1014 1536 1172 1577 Hallae
1205 1535 1522 1586 constituenda,
1558 1538 1602 1577 et
1628 1535 1790 1588 templo
1813 1533 1951 1588 appli-

183 1600 334 1650 cando,
368 1603 417 1642 ut
450 1600 662 1642 haberent
695 1601 864 1654 aliquos
897 1615 952 1642 ex
985 1603 1136 1643 nostra
1168 1601 1380 1643 societate
1422 1600 1493 1653 qui
1526 1603 1617 1642 tum
1651 1599 1693 1641 in
1727 1599 1951 1641 audiendis

182 1665 538 1715 confessionibus,
573 1666 926 1719 congregationis
957 1666 1073 1707 illius
1105 1665 1322 1719 uirginum
1356 1680 1407 1707 ao
1438 1669 1751 1723 matronarum,
1785 1668 1877 1707 tum
1907 1664 1950 1705 in

182 1729 324 1772 missis
372 1744 423 1772 ac
471 1730 627 1772 diuinis
675 1730 830 1784 officijs
878 1731 1129 1782 cantandis,
1178 1731 1222 1772 in
1269 1745 1346 1772 suo
1394 1731 1556 1784 templo
1606 1744 1783 1784 operam
1827 1743 1949 1771 suam

183 1796 452 1849 praestentss,
499 1809 681 1849 cumque
723 1799 924 1838 neutrum
958 1796 1159 1838 instituto
1205 1799 1353 1838 nostro
1397 1798 1615 1846 consonet,
1662 1795 1764 1848 quin
1807 1794 1952 1849 potius

183 1874 389 1914 expresse
430 1864 667 1914 repugnet,
711 1875 793 1903 non
838 1861 958 1904 uenit
998 1862 1042 1902 in
1083 1864 1274 1903 mentem
1316 1861 1417 1913 quid
1459 1861 1510 1902 de
1554 1860 1809 1902 fundatione
1850 1859 1949 1909 ista,

184 1925 335 1967 domus
367 1925 635 1979 probationis
668 1926 810 1968 dicere
842 1927 1071 1981 possimus,
1106 1926 1188 1968 nisi
1221 1926 1334 1979 quod
1366 1926 1545 1979 Reginis
1578 1926 1630 1966 de
1661 1927 1788 1967 tanta
1819 1925 1950 1966 bene-

184 1989 375 2032 uolentia
419 1993 463 2032 et
508 2004 613 2044 erga
658 2006 736 2033 nos
782 1991 997 2034 charitate
1043 2006 1098 2033 ex
1143 1991 1286 2034 animo
1327 1991 1495 2044 gratias
1538 1991 1706 2043 agimus
1751 1990 1950 2043 quodque

182 2056 463 2097 uehementer
492 2059 692 2109 optamus
715 2060 763 2098 ut
785 2057 882 2098 iniri
905 2057 1051 2110 aliqua
1074 2057 1186 2099 ratio
1210 2056 1360 2110 possit,
1396 2056 1504 2109 quod
1522 2054 1582 2110 [Ρ]
1607 2055 1732 2097 iuxta
1753 2057 1948 2097 nostrum

302 2131 330 2161 a)
357 2132 437 2155 Haec·
462 2132 505 2155 zie(
532 2139 574 2156 rr.
596 2130 632 2156 de
654 2130 815 2156 Societatis
835 2132 1000 2163 supplenda
1021 2139 1081 2156 esse
1101 2132 1256 2156 ostendunt
1276 2139 1309 2156 ea
1332 2139 1404 2163 quae
1424 2134 1595 2162 sequuntur.
1687 2129 1717 2160 b)
1740 2129 1950 2161 Corriyendum

182 2179 243 2196 esse
262 2172 389 2197 diii-erim
412 2172 566 2204 cuperent.
640 2174 666 2204 c)
688 2172 809 2197 domino
831 2181 878 2204 ap.
954 2172 984 2204 d)
1006 2174 1071 2205 Sic;
1091 2174 1332 2204 corrigendnmne
1354 2173 1434 2204 qua?

184 2255 260 2289 uita
285 2255 467 2299 spirituali
495 2267 556 2289 eas
584 2256 763 2297 instituat,
794 2256 928 2290 nullius
955 2259 1076 2290 tamen
1104 2256 1342 2290 obedientiam
1370 2256 1582 2289 admittat“:
1621 2254 1801 2298 „Regulae
1828 2253 1950 2288 Sacer-

183 2309 326 2342 dotum“
357 2320 431 2351 reg.
461 2309 515 2349 15,
554 2310 588 2342 in
624 2309 746 2343 libello
787 2311 956 2353 ,Reqvlae
991 2321 1207 2344 communes.
1260 2309 1393 2343 Romae
1432 2310 1467 2342 in
1505 2308 1593 2342 Coll.
1630 2307 1821 2342 Societatis
1856 2307 1951 2340 Iesv.

183 2363 286 2395 Anno
321 2361 587 2396 M.D.LXVII“
627 2364 651 2396 f.
681 2363 740 2397 102
774 2374 844 2396 non
880 2362 972 2405 sign.
1029 2362 1163 2396 Postea
1197 2362 1279 2396 huic
1315 2362 1462 2405 regulae
1496 2373 1592 2396 num.
1623 2362 1664 2395 19
1699 2361 1879 2405 ascriptus
1917 2362 1953 2393 et

183 2415 304 2458 aliqua
323 2415 400 2449 eius
418 2416 538 2457 verba,
565 2415 679 2449 salvis
706 2415 848 2449 omnino
867 2416 985 2457 rebus,
1012 2415 1204 2449 immutata
1224 2417 1309 2449 sunt
1337 2415 1559 2458 (Institutum
1578 2414 1769 2448 Societatis
1787 2414 1869 2447 Iesu
1889 2413 1950 2455 111,

186 2468 386 2502 Florentiae
416 2468 516 2509 1893,
547 2469 618 2512 15).

307 2523 316 2541 ¹
347 2521 466 2563 „Quod
493 2522 581 2555 nulli
608 2522 766 2566 ipsorum
863 2533 984 2555 curam
1004 2522 1225 2563 Monialium,
1253 2533 1316 2556 seu
1335 2521 1585 2565 religiosarum
1605 2520 1848 2564 quarumlibet
1872 2531 1950 2564 per·

183 2586 351 2608 sonarum
386 2574 545 2619 recipere
571 2578 773 2616 teneantur,
810 2587 873 2619 per
907 2575 1049 2609 litteras
1076 2575 1306 2620 Apostolicas
1343 2576 1568 2619 impetratas,
1603 2573 1663 2607 vel
1697 2575 1733 2606 in
1765 2575 1948 2618 posterum

184 2628 440 2672 impetrandas,
467 2628 536 2661 nisi
563 2628 605 2661 de
632 2628 698 2661 hoc
725 2628 862 2661 indulto
890 2631 926 2661 et
944 2628 1065 2662 ordine
1085 2627 1269 2662 Sociorum
1296 2628 1509 2668 huiusmodi,
1537 2637 1747 2671 expressam
1774 2626 1950 2660 facientes

184 2680 411 2720 mentionem,
440 2708 445 2713 .
476 2708 481 2713 .
512 2708 518 2714 .
550 2681 593 2714 de
625 2680 774 2725 speciali
801 2681 920 2724 gratia
955 2681 1228 2724 indulgemus“:
1265 2682 1401 2715 Paulus
1428 2682 1496 2714 III.
1524 2680 1559 2713 in
1586 2680 1718 2713 litteris
1744 2679 1950 2723 apostolicis

186 2735 319 2767 Romae
347 2734 400 2767 18.
428 2734 595 2767 Octobris
624 2735 714 2768 1549
742 2734 837 2768 datis
866 2736 1043 2776 (Litterae
1069 2734 1299 2779 apostolicae,
1327 2735 1458 2778 quibus
1484 2733 1679 2773 Institutio,
1708 2732 1950 2772 Confirmatio,

185 2789 220 2820 et
248 2787 348 2820 varia
374 2786 571 2830 Priuilegia
598 2787 827 2821 continentur
853 2788 1046 2822 Societatis
1073 2789 1166 2830 Iesv,
1193 2789 1417 2832 Antverpiae
1447 2787 1547 2829 1635,
1573 2785 1743 2829 44—45).

304 2840 316 2859 ²
342 2840 382 2873 In
409 2840 550 2873 deserto
576 2840 636 2874 illo
665 2841 882 2874 monasterio
910 2840 1132 2881 Salvatoris;
1160 2853 1194 2875 v.
1221 2853 1330 2885 supra
1357 2853 1389 2885 p.
1417 2841 1449 2874 8.

305 2893 317 2912 ³
348 2892 441 2934 „Nec
469 2893 708 2936 obligationes
731 2894 775 2927 ad
793 2893 927 2928 Missas
946 2894 1193 2935 celebrandas,
1221 2905 1336 2938 neque
1355 2893 1447 2928 aliae
1466 2892 1668 2927 huiusmodi
1688 2892 1944 2926 admittantur‘

187 2944 489 2987 (Constitutiones
515 2947 548 2980 S.
568 2947 600 2980 J.
628 2947 668 2980 P.
687 2948 720 2987 4,
747 2959 776 2980 c.
797 2948 829 2988 2,
856 2959 888 2981 n.
908 2949 950 2987 4;
977 2947 1023 2981 cf.
1051 2947 1090 2981 P.
1110 2948 1140 2988 6,
1169 2960 1198 2983 c.
1217 2948 1249 2987 3,
1276 2959 1309 2981 n.
1329 2948 1348 2981 6
1368 2949 1404 2980 et
1423 2946 1478 2990 C).
1518 2947 1636 2989 Atque
1664 2957 1694 2979 a.
1717 2946 1807 2980 1558
1834 2945 1950 2989 prima

190 2999 420 3042 Conyreqatio
446 2999 625 3041 generalis
652 3000 918 3044 pronuntiavit:
960 3000 1056 3042 „Non
1091 3000 1160 3034 nisi
1195 3012 1241 3034 ex
1275 2999 1494 3042 gravissima
1528 3010 1638 3033 causa
1670 2997 1949 3042 dispensandum

186 3062 266 3085 esse
302 3064 322 3085 a
349 3052 560 3095 Praeposito
588 3052 766 3093 Generali,
802 3056 843 3086 ut
869 3053 982 3086 Missa
1008 3055 1192 3093 cantetur;
1231 3055 1266 3086 et
1302 3053 1335 3086 id
1372 3055 1512 3086 tantum
1541 3052 1727 3086 dominicis
1754 3051 1879 3084 diebus
1914 3053 1950 3083 et

186 3104 291 3138 festis
320 3104 429 3147 (decr.
458 3105 502 3139 39
530 3109 611 3149 post
637 3105 679 3139 el.
709 3107 915 3139 [nstitutum
942 3106 975 3140 S.
997 3106 1030 3140 J.
1058 3106 1206 3149 11165).
