2044 3335
453 109 547 143 Mon.
576 108 643 143 926
671 108 749 142 sive
775 119 857 152 aug.
880 107 916 151 (b
928 107 977 151 8).
1022 107 1077 142 15.
1096 108 1133 141 et
1158 106 1214 141 22.
1233 105 1357 141 Martii
1385 105 1486 141 1569.
1767 106 1848 147 531

90 224 367 268 Sathanas
410 226 462 267 in
506 225 742 277 Judam1,
789 226 844 268 ad
888 224 1186 277 exequendam
1226 223 1534 278 perditionem,
1577 221 1678 275 quia
1715 221 1853 264 Judas

87 290 322 332 tentationi
355 290 665 334 consentiebat.
729 291 805 333 Jta
847 290 1027 344 quilibet
1066 303 1251 343 peccans
1291 288 1536 330 mortaliter
1576 287 1796 329 obsidetur
1827 301 1853 328 a

89 354 282 406 demone,
318 356 431 409 quod
464 359 530 399 est
561 356 696 410 peius,
730 370 859 410 quam
892 370 918 398 a
949 354 1065 396 mille
1088 353 1338 395 demonibus
1368 352 1651 407 corporaliter
1682 354 1853 395 tantum

87 419 298 473 possideri
329 422 400 463 vel
432 421 597 464 uexari.
660 421 751 463 Imo
784 421 845 462 sic
882 420 1022 470 homo,
1057 418 1252 460 diabolus
1285 432 1380 460 esse
1413 417 1569 460 dicitur
1601 431 1679 471 per
1709 416 1853 460 imita-

88 483 283 536 tionema,
319 486 530 528 diabolice
551 485 732 537 malicie,
767 486 881 527 vnde
903 485 978 526 deb
999 484 1114 526 Juda
1137 482 1241 525 dicit
1262 482 1471 532 Christus,
1504 482 1716 533 Nonne,
1739 482 1853 536 Ego

90 563 185 590 uos
222 552 273 591 12
309 551 476 605 elegi,
511 553 563 594 et
595 565 731 593 unus
764 565 828 593 ex
860 549 1017 592 vobis
1050 548 1308 590 diabolus
1340 549 1466 598 est2,

210 617 256 656 50
287 615 356 657 Ad
379 616 672 658 defensionem
699 630 801 658 uere
833 615 963 665 fider,
997 616 1041 656 et
1073 614 1127 656 ad
1151 612 1488 662 distinctionem,
1521 626 1623 655 uere
1652 612 1847 664 ecclesie,

88 677 154 720 ind
188 694 273 733 qua
304 685 453 724 manet
484 683 681 736 potestas
714 695 740 723 a
771 680 941 723 Christo
974 679 1091 729 data,
1125 678 1181 720 ad
1213 677 1417 719 demones
1450 677 1787 731 expellendos⁸3.

209 747 256 786 6⁰
290 746 357 787 Ad
388 746 596 789 maiorem
631 746 935 799 purgationem
976 745 1277 798 peccatorum,
1321 744 1366 784 et
1407 741 1708 796 probationem
1741 743 1855 785 elec-

89 810 244 860 torum,
280 815 325 854 et
356 813 410 854 ad
444 814 724 865 augmentum
758 810 1027 852 meritorum.

211 877 257 917 7⁰
289 876 357 918 Ad
390 876 715 925 ostendendam,
748 875 933 918 hominis
966 874 1097 917 etiam
1128 872 1268 915 fidelis
1294 871 1549 923 misseriam,
1584 874 1628 914 et
1651 872 1856 923 demonis,

89 940 327 983 terribilem
359 944 636 996 potestatem,
671 943 720 983 ut
750 941 890 994 magis
919 939 1125 990 homines,
1160 938 1215 981 ad
1237 938 1373 979 Deum
1399 939 1712 980 conuertantur
1744 936 1857 979 eius-

90 1018 172 1058 que
213 1006 401 1060 gratiam
444 1009 650 1061 querant,
693 1008 737 1049 et
777 1005 1037 1060 implorenff,
1084 1004 1205 1047 Sicut
1245 1002 1329 1054 illi,
1373 1002 1445 1056 qui
1486 1002 1761 1045 demoniacos
1802 1003 1857 1045 ad

90 1069 306 1113 Christum
339 1072 624 1122 attulerunt4,
660 1085 715 1113 ex
746 1071 842 1122 fide,
876 1071 1045 1121 timore,
1079 1072 1124 1112 et
1155 1068 1383 1112 charitate.

210 1137 462 1191 Cyprianus,
507 1137 559 1178 de
590 1136 765 1190 Lapsis,
808 1136 930 1190 ponit
972 1135 1268 1177 demoniacam
1310 1133 1476 1176 factam
1518 1132 1618 1186 quia
1661 1135 1859 1187 tempore

90 1202 404 1254 persecutionis
438 1201 618 1253 defecit,
662 1204 707 1244 et
740 1202 917 1243 obsessa
957 1200 1170 1243 lacerauit
1209 1199 1401 1253 linguam
1446 1199 1665 1249 dentibus,
1709 1202 1753 1241 et
1794 1198 1860 1240 sui

90 1266 288 1309 carnifex
321 1281 416 1309 esse
450 1267 604 1322 coepit,
640 1266 858 1308 doloribus
891 1266 1090 1317 ventrisg,
1126 1268 1170 1308 et
1202 1264 1418 1307 viscerum
1452 1263 1685 1307 cruciata5.

210 1336 375 1371 Canisius
400 1336 456 1371 his
482 1336 603 1371 verbis
629 1338 664 1370 et
691 1336 918 1370 confirmavit
943 1338 979 1370 et
1004 1335 1125 1380 aliqua
1150 1334 1288 1369 ratione
1315 1333 1497 1379 supplevit
1524 1345 1575 1374 ea,
1612 1344 1703 1377 quae
1731 1333 1772 1367 de
1799 1333 1857 1367 ob-

89 1390 201 1424 sessis
227 1391 414 1434 Augustae
439 1390 476 1424 in
503 1389 655 1424 ecclesia
681 1389 879 1423 cathedrali
914 1401 944 1423 a.
975 1389 1065 1423 1564
1091 1387 1287 1422 Dominicis
1313 1387 1374 1421 ΙΙΙ.
1403 1390 1438 1421 et
1463 1386 1525 1421 IV.
1553 1386 1858 1430 Quadragesimae

90 1444 168 1479 sive
196 1445 228 1480 5.
255 1447 291 1478 et
319 1444 373 1479 12.
400 1443 524 1478 Martii
550 1443 711 1483 dixerat;
738 1455 771 1477 V.
803 1444 890 1477 Can.
918 1442 968 1477 IV
994 1442 1193 1477 869—886.

92 1566 198 1603 926
226 1567 303 1602 sive
331 1575 454 1610 aug.
475 1564 531 1611 (b
546 1563 623 1610 S).
697 1563 745 1599 15.
764 1564 801 1599 et
828 1564 885 1599 22.
912 1561 1037 1599 Martii
1062 1562 1157 1598 1569.

91 1682 108 1715 f
136 1626 496 1716 ΠΙΞὶῗΙὲἶῃ-ᾒῧιέῧῐῃ
523 1624 789 1659 commentariis
815 1636 835 1658 a
863 1624 1005 1659 Canisio
1031 1623 1177 1657 dictatis
1204 1623 1240 1657 et
1257 1622 1301 1657 ab
1321 1621 1444 1656 eodem
1464 1621 1669 1665 recognitis.
1709 1621 1795 1656 Can.
1815 1622 1857 1656 31

215 1741 383 1775 Canisz'ns
409 1740 591 1782 Auyustae
616 1749 633 1771 e
657 1749 761 1771 sacro
795 1741 957 1781 sayyestu
989 1737 1151 1778 fidelibus
1186 1735 1422 1778 commendat,
1458 1739 1496 1768 nt
1532 1732 1812 1779 „processiones“
1840 1746 1862 1767 a

95 1795 235 1828 Christo
261 1795 301 1827 in
320 1795 487 1837 passione
511 1794 629 1835 factas
649 1794 709 1835 pie
735 1792 956 1824 meditentur.
1007 1790 1334 1833 Pereyre'nationem
1361 1799 1496 1832 qnoque
1521 1793 1639 1821 terrae
1662 1792 1806 1822 sanctae
1831 1792 1862 1821 et

91 1859 223 1882 morem
248 1849 296 1881 acl
323 1850 343 1881 9
369 1848 527 1881 ecclesias
552 1846 603 1879 vel
630 1848 650 1878 9
677 1846 813 1878 altaria
839 1844 997 1877 adeundi
1022 1846 1279 1876 commemorat.

214 1908 401 1951 Canisius,
437 1917 516 1940 cnm
550 1917 583 1939 a.
613 1907 704 1939 1569
740 1906 922 1947 Auynstae
955 1903 1220 1936 Vindelicorum
1256 1903 1294 1934 in
1330 1901 1470 1934 ecclesia
1506 1901 1543 1935 S.
1572 1901 1744 1934 Mauritii
1783 1911 1862 1934 con-

91 1963 202 1995 tiones
237 1960 570 2005 quadrayesimales,
606 1970 696 2003 qaas
729 1969 908 2001 vocamus,
942 1957 1100 1999 haberet,
1136 1956 1319 1989 auditores
1345 1955 1421 1996 (15.
1449 1954 1595 1997 Martii,
1631 1959 1669 1987 ut
1704 1955 1862 1995 videtur)

91 2017 249 2049 monuit:
273 2013 459 2048 Notandae
485 2013 592 2047 sunt¹¹
619 2012 743 2047 tristes
769 2014 805 2046 et
823 2010 1004 2045 dolorosse
1030 2008 1277 2055 processiones
1295 2019 1385 2052 quas
1412 2007 1499 2041 fecit
1518 2006 1684 2042 Christus
1709 2007 1745 2041 in
1768 2007 1860 2052 prin-

92 2068 183 2114 cipio
210 2079 297 2102 suae
322 2066 511 2112 passionis,
546 2066 665 2100 facere
701 2067 848 2099 coactus
883 2065 948 2105 est,
984 2065 1020 2097 et
1055 2073 1146 2107 quas
1180 2072 1304 2095 omnes
1338 2060 1464 2095 fideles
1499 2071 1580 2095 cum
1612 2071 1744 2104 magna
1770 2072 1863 2095 com-

91 2123 268 2167 passione,
300 2121 460 2164 cogitare
487 2119 683 2160 deberenti,
719 2121 755 2153 et
779 2118 970 2164 presertim
1004 2117 1099 2151 inter
1133 2114 1446 2161 peregrinandum,
1483 2116 1519 2149 et
1550 2114 1714 2156 eundum,
1741 2114 1862 2149 Prima

91 2177 170 2218 fuit,
198 2187 219 2210 a
244 2175 320 2210 loco
347 2174 442 2208 circa
467 2173 609 2207 hortum
644 2184 758 2216 usque
793 2172 838 2206 ad
864 2173 1004 2206 Annam
1031 2170 1068 2205 2ίι
1094 2181 1115 2204 a
1142 2169 1245 2204 domo
1271 2169 1374 2203 Anne
1401 2168 1438 2202 3¹²
1464 2179 1485 2202 a
1511 2167 1646 2212 Caiphe
1672 2179 1785 2212 vsque
1816 2167 1861 2202 ad

90 2229 308 2275 praetorium
336 2227 469 2262 Pilatik
494 2227 533 2260 4a
557 2237 579 2260 a
604 2226 782 2272 praetorio
808 2237 922 2270 vsque
949 2225 993 2259 ad
1019 2224 1139 2259 aulam
1166 2222 1331 2264 Herodis,
1365 2222 1403 2256 5³
1429 2221 1472 2256 ab
1500 2221 1640 2255 Herode
1666 2232 1790 2255 rursus
1816 2221 1860 2255 ad

90 2283 261 2323 Pilatum,
287 2282 325 2316 6⁸
350 2293 395 2315 ex
414 2280 591 2326 praetorio
609 2291 723 2324 usque
750 2279 794 2313 ad
812 2281 969 2313 montem
988 2277 1157 2319 caluarie,
1182 2276 1290 2310 Tales
1308 2275 1506 2321 passiones,
1534 2275 1620 2308 dant
1645 2274 1861 2318 intelligenti

91 2337 196 2383 plura
221 2335 422 2379 cogitanda,
449 2345 557 2378 quam
583 2333 719 2378 scripta
744 2335 838 2375 sunt,
865 2332 908 2366 ab
934 2331 1192 2374 Euangelistis,
1228 2329 1320 2364 Nam
1356 2328 1470 2374 primo
1496 2329 1670 2372 quantum
1705 2328 1750 2362 ad
1784 2339 1861 2373 per-

91 2401 216 2426 sonam
243 2388 377 2424 Christi
403 2387 544 2428 attinet,
570 2386 666 2420 haud
693 2386 809 2428 dubie,
837 2384 1000 2420 exhibuit
1034 2396 1073 2419 se
1108 2383 1169 2418 ille
1202 2383 1295 2418 inter
1321 2382 1487 2423 eundum,
1522 2381 1604 2415 mitt
1628 2380 1861 2424 thrauerigen

91 2445 258 2485 Hertzen‚
276 2443 360 2477 mitt
376 2441 478 2475 nider
495 2440 716 2483 geschlagen
735 2450 862 2483 augen,
882 2439 965 2472 mitt
983 2438 1005 2473 J
1009 2436 1300 2472 unckfreulicher
1317 2435 1505 2476 schamm1,
1532 2434 1615 2468 mitt
1632 2434 1861 2478 diemietigen

212 2508 239 2538 a)
260 2505 453 2533 initationem
473 2506 540 2531 libr.
621 2503 652 2536 b)
673 2505 734 2530 Hoc
753 2512 779 2529 v.
799 2512 817 2529 α
837 2504 904 2528 libr.
924 2510 1019 2534 supra
1038 2509 1155 2527 versum
1176 2501 1318 2532 scriptum
1338 2502 1388 2525 est.
1463 2498 1490 2530 c)
1510 2500 1559 2523 Ita
1577 2499 1782 2530 corriyendum
1801 2505 1861 2524 esse

91 2558 127 2575 ea:
146 2549 209 2581 filij,
229 2550 304 2581 quocl
329 2549 395 2573 libr.
411 2548 522 2580 posuit,
542 2555 575 2572 ea
595 2553 668 2578 quae
687 2548 849 2578 sequuntur
868 2544 1031 2570 ostendunt.
1133 2542 1164 2574 d)
1186 2542 1217 2567 ni
1237 2542 1304 2568 libr.
1403 2541 1431 2573 e)
1453 2541 1500 2565 Ita
1520 2541 1586 2565 libr.
1606 2541 1734 2565 correxit
1753 2548 1789 2565 eac
1808 2546 1861 2566 ex-

89 2590 257 2625 pellendas.
312 2590 336 2621 f)
357 2589 523 2622 implorant
543 2588 610 2613 libr.
666 2588 696 2620 g)
717 2586 845 2613 ventres
864 2587 930 2611 libr.
989 2584 1020 2616 h)
1041 2586 1102 2610 Hoc
1122 2593 1147 2610 v.
1167 2592 1261 2615 supra
1281 2590 1397 2608 versum
1416 2582 1559 2614 scriptum
1579 2585 1628 2607 est.
1684 2581 1706 2614 i)
1726 2582 1774 2607 Ita
1793 2582 1860 2607 libr.

91 2634 219 2659 correxit
239 2641 275 2658 ex
295 2630 457 2657 debebunt.
513 2629 544 2662 k)
565 2631 612 2655 Ita
633 2630 698 2654 libr.
719 2629 847 2654 correxit
867 2636 903 2653 ex
922 2625 1064 2653 Pilatum.
1120 2625 1140 2659 l)
1161 2625 1286 2651 schamn
1307 2625 1374 2649 libr.

215 2741 221 2759 ¹
249 2739 286 2773 Io
316 2738 368 2779 13,
395 2738 451 2773 27.
504 2737 556 2772 Cf.
588 2737 675 2771 Can.
703 2735 753 2770 IV
779 2733 979 2769 884—885.
1123 2732 1137 2753 ²
1164 2732 1202 2766 Io
1229 2732 1260 2774 6,
1289 2731 1344 2767 71.

212 2794 224 2813 ³
251 2792 304 2828 Of.
331 2792 386 2825 Mt
414 2792 466 2833 10,
496 2792 511 2826 1
541 2791 580 2831 8;
608 2790 665 2824 Mc
693 2790 748 2828 16.
777 2789 838 2829 17;
865 2788 934 2822 Act
963 2787 1017 2829 16,
1046 2787 1099 2822 18.

211 2849 223 2867 ⁴¹
250 2846 304 2881 Cf.
331 2845 390 2879 Mc
418 2846 448 2885 1,
475 2845 634 2885 32—34;
662 2842 710 2878 Lc
735 2844 768 2884 4,
794 2842 841 2877 40
866 2841 922 2875 41.

210 2901 223 2919 ⁵
253 2899 328 2941 „Ab
354 2898 523 2933 inmundo
541 2897 671 2943 spiritu
697 2895 867 2930 inmunda
886 2895 1049 2939 correpta
1075 2892 1228 2928 laniauit
1246 2891 1413 2926 dentibus
1439 2890 1600 2935 linguam
1624 2900 1716 2934 quae
1741 2889 1861 2923 fuerat

90 2952 150 2988 uel
176 2955 281 2998 pasta
305 2952 401 2997 inpie
427 2951 485 2986 uel
512 2951 631 2986 locuta
651 2977 657 2984 .
678 2976 685 2984 .
708 2977 715 2984 .
734 2950 812 2994 ipsa
838 2947 894 2983 sui
920 2947 1084 2982 carnifex
1102 2946 1224 2981 extitit
1248 2957 1315 2980 nec
1341 2944 1401 2979 diu
1418 2955 1608 2990 superesse
1634 2943 1859 2988 postmodum

91 3007 219 3053 potuit,
256 3005 374 3040 dolore
406 3005 544 3039 uentris
570 3006 606 3039 et
630 3004 811 3038 uiscerum
838 3001 997 3036 cruciata
1022 3000 1195 3035 defecit“:
1232 3000 1269 3034 S.
1299 2999 1517 3043 Cyprianus,
1543 2996 1596 3032 De
1620 2996 1732 3042 lapsis
1759 3008 1788 3031 c.
1814 2996 1861 3031 24

94 3059 239 3105 (Opera,
276 3058 329 3093 ed.
361 3060 458 3093 Guil.
487 3058 616 3092 Har-tel
643 3056 761 3101 [Corp.
791 3055 937 3100 Scriptt.
965 3053 1060 3089 Eccl.
1087 3053 1183 3088 Latt.
1211 3052 1274 3094 ΙΙΙ,
1304 3052 1349 3096 1],
1375 3051 1610 3087 Vindobonae
1639 3050 1730 3085 1868
1747 3078 1754 3092 ‚
1791 3049 1862 3084 254

92 3115 224 3157 Miyne,
253 3112 292 3146 P.
320 3111 382 3146 lat.
408 3111 458 3145 IV
484 3111 583 3155 499).
