2044 3335
400 112 495 146 Mon.
523 111 593 147 980
618 110 696 146 sive
723 122 799 144 oen.
823 110 888 154 (8).
931 109 1030 143 Inter
1058 109 1112 143 17.
1132 110 1168 142 et
1194 107 1250 142 30.
1269 105 1478 141 Decembris
1506 104 1608 140 1567.
1802 105 1887 146 613

120 230 245 271 tanto
279 241 439 282 capace
472 226 508 269 si
539 226 682 281 potria
713 226 808 268 fare
839 240 924 267 non
947 225 1187 268 solamente
1209 238 1296 266 vna
1319 223 1464 266 chiesa
1486 222 1564 265 che
1595 222 1795 264 bastasse
1816 234 1888 262 ma

121 293 259 335 anche
285 292 444 344 scuole⁷
477 294 519 334 et
550 294 668 334 tutto
702 294 856 344 questo
879 304 1009 333 senza
1032 289 1293 332 detrimento
1316 302 1480 330 veruno
1503 286 1598 330 anzi
1621 300 1700 329 con
1723 285 1888 339 grande

121 357 383 400 commodita
423 360 575 399 nostra
608 359 652 399 et
693 358 847 398 ornato
884 354 1109 408 maggiore
1151 354 1220 396 del
1261 354 1403 407 luogo.
1468 352 1636 395 Adesso
1677 350 1708 392 li
1748 349 1888 393 nostri

120 422 348 476 giudicano
382 422 460 464 che
493 422 649 464 saltem
673 435 696 463 0
723 421 763 462 16
795 421 940 476 6611016
974 433 1078 462 ouer
1109 419 1152 461 la
1185 418 1329 461 chiesa
1361 418 1505 472 potria
1536 417 1726 460 ritrouar
1756 416 1887 468 luogo

119 488 323 531 bastante
345 487 417 529 nel
450 487 569 530 detto
593 486 782 537 edifici03
816 485 979 527 benche
1001 498 1087 526 vno
1120 484 1162 526 di
1193 484 1286 525 loro
1316 483 1408 525 dice
1435 483 1512 525 che
1535 496 1561 524 a
1584 484 1736 535 questo
1759 480 1887 522 modo

120 567 206 595 non
246 552 282 594 si
322 552 522 607 potriano
566 551 824 593 essercitare
864 551 906 592 le
939 549 1131 592 comedie
1164 548 1347 591 essendo
1380 549 1532 590 alhora
1562 548 1606 589 la
1638 547 1786 601 piazza
1819 545 1888 587 del

120 617 310 670 Collegio
342 620 498 671 troppo
521 619 695 659 stretta.
744 616 802 658 Et
835 617 990 669 questa
1012 614 1198 657 materia
1229 613 1289 664 fu,
1323 614 1394 655 nel
1425 616 1571 666 tempo
1606 612 1657 653 de
1688 612 1732 654 16
1765 611 1888 653 detta

120 682 452 725 commissionel
484 681 708 736 disputata
738 680 854 722 nella
890 679 1112 734 presentia
1145 679 1214 720 del
1248 679 1295 722 P.
1328 677 1612 720 Prouinciale.

238 748 281 790 ι11
313 747 359 790 P.
394 746 667 788 Prouinciale
700 746 814 788 oltra
847 746 961 787 della
993 759 1073 786 sua
1105 743 1406 787 commissione
1442 743 1538 785 fece
1571 741 1753 784 alchune
1786 754 1886 783 cose

119 812 162 854 in
204 814 358 866 questo
391 811 580 865 Collegio
622 825 701 865 per
733 812 989 853 confirmare
1029 810 1073 851 la
1107 808 1265 863 quiete.
1330 808 1475 850 Prima
1508 822 1534 850 a
1566 821 1646 849 sua
1676 805 1888 848 instantia

118 877 377 931 Merquitius
410 880 455 919 et
485 876 725 918 Klesselius
737 876 766 926 2,
802 875 983 918 essendo
1017 875 1123 918 stati
1155 874 1198 916 in
1221 873 1397 927 Dilinga
1427 873 1472 915 in
1505 871 1687 926 qualche
1721 870 1887 912 dissen-

118 943 250 993 tione,
283 942 319 984 si
350 941 648 984 riconsiliorno
682 941 1012 984 esteriormente
1044 938 1156 994 [etc.,
1189 946 1236 982 ut
1266 954 1400 994 supra
1432 954 1473 994 p.
1509 937 1609 992 99].

235 1006 441 1049 Anchora
463 1006 575 1060 sentj
610 1019 730 1048 come
763 1006 932 1059 giudice
954 1020 1012 1047 vn
1044 1018 1248 1060 processo
1280 1007 1352 1047 tra
1383 1005 1414 1046 il
1435 1004 1617 1046 Rettore
1640 1004 1684 1044 et
1714 1001 1746 1043 il
1774 1014 1888 1043 nouo

117 1072 317 1114 Ministro
344 1071 507 1125 Crispo,
542 1074 586 1113 et
617 1085 703 1112 non
735 1085 809 1113 era
842 1071 956 1113 altro
988 1084 1036 1113 se
1067 1085 1153 1112 non
1185 1070 1389 1112 criminor
1419 1072 1464 1112 te
1497 1070 1542 1111 et
1574 1067 1777 1110 criminor
1809 1065 1889 1108 abs

118 1139 174 1187 te,
209 1137 310 1190 quia
331 1136 481 1180 inter
513 1136 784 1190 superbos
816 1149 1032 1191 semper
1059 1138 1187 1178 sunt
1218 1135 1437 1188 iurgiass
1460 1139 1542 1178 eto.
1591 1133 1649 1176 Et
1670 1147 1728 1174 vn
1751 1145 1887 1186 puoco

118 1202 267 1244 auanti
309 1202 387 1244 che
419 1215 602 1243 venesse
641 1201 685 1242 in
727 1203 881 1254 questa
923 1200 1224 1243 commissione
1255 1200 1285 1242 il
1318 1200 1364 1243 P.
1401 1198 1673 1242 Prouinciale
1707 1232 1715 1241 .
1751 1196 1888 1239 ambi-

118 1267 217 1309 duoi
249 1267 285 1309 si
318 1281 449 1309 erano
473 1266 604 1309 messi
635 1267 679 1308 la
701 1267 891 1309 seconda
913 1267 1035 1309 volta
1065 1266 1109 1308 in
1133 1266 1276 1308 colera
1303 1279 1382 1320 per
1404 1268 1523 1308 certe
1547 1277 1646 1306 cose
1670 1263 1738 1305 del
1760 1262 1887 1304 modo

118 1332 160 1374 di
197 1332 432 1387 procedere
466 1367 475 1375 .
508 1331 863 1386 reprehendendo
897 1332 1169 1375 caldamente
1200 1332 1228 1374 l'
1251 1345 1337 1373 vno
1368 1331 1396 1372 l'
1420 1331 1547 1381 altro,
1591 1344 1662 1371 ma
1692 1342 1780 1370 non
1811 1341 1887 1369 vo-

116 1399 244 1440 lendo
268 1398 346 1440 che
377 1398 421 1440 la
443 1397 720 1440 contentione
743 1397 928 1439 andasse
960 1397 1034 1452 piu
1065 1397 1207 1439 inanzi
1237 1399 1281 1439 et
1314 1397 1357 1439 di
1378 1396 1491 1438 male
1512 1395 1555 1437 in
1578 1393 1749 1449 peggio,
1783 1392 1886 1446 dissj

118 1464 159 1505 al
192 1463 392 1505 Ministro
435 1463 513 1505 che
554 1463 767 1505 scriuesse
807 1465 925 1505 tutto
967 1463 1110 1516 quello
1145 1463 1224 1504 che
1264 1463 1405 1504 hauea
1437 1462 1507 1504 nel
1549 1473 1690 1511 cuore,
1732 1458 1776 1501 Jl
1809 1457 1889 1500 che

117 1529 211 1571 fece
243 1529 491 1583 replicando
525 1528 708 1570 alchune
742 1527 967 1582 obiettionj
1002 1528 1054 1570 de
1086 1528 1114 1569 l'
1138 1542 1251 1570 anno
1284 1530 1477 1582 passam,
1511 1529 1555 1569 et
1588 1525 1732 1579 quella
1765 1526 1890 1566 carta

118 1593 241 1636 diede
281 1594 311 1635 il
352 1594 510 1636 Rettor
550 1594 593 1636 al
634 1594 681 1637 P.
714 1593 1020 1636 Ρ1011111616164
1058 1597 1102 1636 et
1144 1593 1281 1636 anche
1322 1594 1366 1636 16
1406 1607 1485 1635 6116
1527 1590 1728 1646 apologia
1769 1588 1888 1632 accio

117 1662 292 1713 potesse
324 1659 481 1714 meglio
514 1659 737 1713 giudicare
769 1673 848 1713 pro
881 1661 926 1702 et
958 1661 1112 1701 contra
1145 1659 1187 1701 di
1218 1662 1338 1702 tutta
1369 1659 1412 1701 la
1445 1671 1589 1701 causa.

236 1725 366 1767 Nella
398 1725 648 1767 visitatione
681 1725 900 1766 ordinaria
932 1725 1003 1766 nel
1035 1738 1153 1767 mese
1176 1724 1230 1767 Di
1252 1723 1466 1778 Augusto,
1502 1722 1673 1777 quando
1707 1721 1744 1762 si
1774 1722 1888 1762 trat-

117 1792 222 1831 taua
240 1789 282 1831 di
303 1789 495 1832 instituir
512 1804 569 1831 vn
592 1790 703 1832 altro
722 1789 936 1840 Ministro,
963 1789 1144 1831 ricercai
1168 1790 1247 1831 che
1269 1789 1304 1831 si
1328 1789 1606 1831 substituisse
1629 1787 1671 1829 al
1688 1786 1736 1829 P.
1755 1785 1888 1827 Hetz-

117 1869 249 1896 coueo
272 1869 330 1896 vn
362 1855 427 1898 tal
449 1854 649 1897 Ministro
678 1855 712 1908 jl
744 1855 872 1909 quale
894 1855 930 1897 si
952 1855 1124 1897 volesse
1147 1858 1191 1898 et
1223 1857 1397 1909 potesse
1421 1855 1510 1897 dar‘
1531 1868 1557 1896 a
1579 1852 1673 1894 fare
1698 1852 1726 1893 1’
1746 1850 1888 1892 officio

116 1934 194 1962 suo
235 1920 555 1974 integramente
589 1923 632 1963 et
673 1920 752 1962 che
783 1920 896 1962 nelle
930 1934 1029 1962 cose
1062 1920 1260 1963 esteriori
1293 1923 1337 1963 et
1377 1919 1562 1962 facende
1595 1917 1665 1960 del
1697 1915 1888 1969 Collegio

117 1985 403 2028 concordasse
442 1987 506 2028 col
539 1986 735 2029 Rettore.
799 1986 842 2028 Jl
884 1985 1022 2040 primo
1063 1989 1199 2040 punto
1233 1986 1401 2028 vedeuo
1444 1998 1564 2028 esser
1604 1981 1779 2025 difficile
1817 1981 1889 2022 nel

116 2051 161 2094 P.
187 2050 335 2105 Crispo
369 2052 551 2094 essendo
584 2051 658 2106 gia
688 2065 767 2106 per
789 2065 953 2094 vsanza
985 2051 1229 2095 assuefatto
1258 2065 1284 2094 a
1314 2053 1506 2094 trattare
1540 2064 1619 2092 6011
1651 2046 1886 2100 forastierj‚

116 2119 160 2159 et
193 2116 482 2159 delettandosi
514 2116 587 2171 piu
618 2117 662 2158 in
685 2117 846 2159 escorsi
878 2117 1098 2170 frequenti
1131 2117 1208 2159 che
1240 2117 1283 2159 in
1307 2119 1426 2159 stare
1449 2119 1494 2158 et
1527 2113 1753 2169 occuparsi
1774 2112 1889 2154 nelle

116 2195 215 2224 cose
248 2182 317 2224 del
349 2182 553 2236 Collegio.
617 2182 702 2224 Nel
743 2183 930 2225 secondo
971 2182 1089 2225 forse
1121 2197 1207 2225 non
1247 2182 1394 2226 tienne
1435 2182 1496 2236 luj
1540 2181 1630 2223 solo
1671 2180 1716 2222 la
1749 2178 1887 2232 colpa,

116 2247 314 2301 quamuis
348 2248 461 2290 enim
494 2247 536 2290 in
569 2248 623 2302 ijs
656 2262 767 2301 quae
799 2248 909 2291 satis
938 2248 1159 2300 audacter,
1193 2262 1248 2291 ne
1281 2248 1420 2291 dicam
1453 2247 1704 2303 petulanter
1725 2242 1887 2298 obijcit,

115 2327 218 2354 non
251 2313 349 2354 sim
382 2313 513 2355 mihi
544 2313 673 2355 valde
706 2313 1107 2356 conscius⁵non
1129 2317 1278 2357 tamen
1300 2313 1344 2355 in
1365 2314 1448 2356 hoc
1479 2326 1557 2354 me
1588 2311 1705 2353 volo
1737 2308 1888 2351 iusti-

114 2377 338 2421 ficaress.
406 2378 634 2420 Causam
679 2392 848 2421 meam
889 2377 1084 2421 videat
1125 2380 1270 2421 Deus
1315 2381 1368 2421 et
1411 2376 1660 2420 iudicet7
1695 2410 1703 2418 .
1738 2378 1782 2417 et
1824 2373 1888 2415 illi

115 2457 297 2496 quorum
331 2446 398 2486 est
430 2446 529 2497 post
561 2443 701 2485 Deum
733 2443 939 2487 iudicare.

233 2509 278 2551 Jl
311 2509 357 2552 P.
390 2508 662 2550 Prouinciale
695 2509 899 2560 anchora,
932 2523 1156 2564 promesse
1189 2509 1230 2552 al
1263 2509 1310 2553 P.
1335 2508 1540 2552 Saxone8
1575 2506 1653 2549 che
1686 2504 1812 2560 dopoi
1845 2503 1888 2546 di

115 2587 248 2628 pasca
264 2575 280 2601 9
302 2588 402 2616 sara
425 2577 581 2617 cauato
606 2574 646 2616 di
680 2576 834 2627 questo
858 2574 1049 2628 Collegio
1081 2574 1279 2617 hauendo
1302 2574 1362 2616 lui
1393 2573 1554 2616 fornito
1578 2572 1663 2615 alle
1684 2569 1888 2626 prediche

238 2733 247 2752 ¹
273 2731 428 2776 Negotia
454 2732 550 2775 dicit,
577 2744 669 2777 quae
696 2732 862 2767 Canisius
887 2732 1115 2778 praepositus
1150 2732 1383 2778 provincialis
1409 2731 1580 2766 mandatu
1606 2730 1760 2774 Borgiae
1793 2729 1889 2763 inter

115 2785 147 2820 d.
177 2786 231 2820 17.
259 2788 294 2819 et
321 2786 376 2821 30.
404 2786 612 2820 Decembris
639 2798 720 2820 cum
745 2785 964 2829 Magdalena
990 2787 1026 2820 et
1050 2785 1190 2820 Helena
1215 2787 1460 2828 tractaverat;
1487 2797 1522 2820 v.
1549 2795 1658 2830 supra
1684 2795 1716 2829 p.
1737 2783 1818 2818 611.

235 2839 248 2859 ²
275 2838 345 2874 ΡΡ.
372 2839 523 2873 Ioannes
549 2839 765 2884 Merquitius
791 2841 827 2873 et
852 2839 1033 2873 Antonius
1059 2839 1250 2874 Kleselius.

236 2892 249 2912 ³
274 2892 349 2926 Prv
377 2893 430 2933 13,
460 2893 513 2927 10.
660 2894 673 2914 4
699 2892 775 2927 Has
800 2892 942 2927 litteras
968 2904 1003 2927 v.
1031 2904 1142 2937 supra
1166 2905 1200 2938 p.
1222 2892 1420 2928 156—158.

235 2946 248 2965 ⁵
276 2945 293 2979 1
323 2945 391 2979 001·
415 2946 448 2987 4,
475 2947 508 2981 4.
655 2947 669 2966 ⁶
694 2946 755 2980 Iob
782 2947 813 2988 9,
841 2946 896 2981 20.
933 2945 982 2980 Lc
1011 2946 1063 2988 10,
1091 2947 1147 2981 29.

235 2999 248 3019 ⁷
276 3000 293 3032 1
321 2998 378 3042 Rg
404 2999 460 3038 24,
490 2999 551 3039 16;
579 2999 625 3033 cf.
652 2999 701 3034 Ps
728 3000 783 3041 73,
810 3000 875 3040 22;
904 2998 979 3033 Thr
1005 3000 1038 3042 3,
1066 3000 1121 3035 58.

235 3053 248 3072 ⁸
274 3052 312 3086 P.
340 3052 463 3086 Ioanni
489 3052 680 3096 Merquitio
706 3052 845 3094 saxoni,
872 3052 1089 3098 parochialis
1115 3053 1291 3088 ecclesiae
1317 3053 1563 3088 contionatori.

235 3106 248 3126 ⁹
274 3105 352 3140 Hoc
376 3105 538 3140 futurum
565 3108 643 3140 erat
669 3106 700 3140 d.
731 3106 784 3141 18.
813 3106 957 3152 Aprilis.
