2044 3335
204 101 305 137 1725.
333 100 418 135 Can.
447 100 570 134 Ottoni
596 101 632 133 et
658 98 817 134 Gerardo
844 99 986 134 Kaniss.
1029 99 1121 142 Aug.
1141 97 1246 131 Vind.
1267 96 1320 130 25.
1340 93 1548 129 Decembris
1578 93 1678 128 1570.
1737 95 1819 135 421

61 251 210 288 1725.
306 250 523 286 CANISIUS
551 247 812 285 OTTONI
838 252 874 283 et
901 246 1236 285 GERARDO
1264 244 1523 283 KANISS
1550 243 1722 279 fratribus
1749 242 1825 277 suis

249 306 284 338 et
309 304 468 349 ipsorum
495 303 676 337 sororibus
703 302 916 346 Noviomagi
943 301 1200 336 habitantibus.

888 355 1055 398 Augusta
1074 353 1344 389 Vindelicorum
1370 353 1426 387 25.
1445 350 1654 386 Decembris
1676 348 1777 384 1570.

180 430 235 464 Ex
261 429 441 472 „Studien
469 427 682 473 Tijdsohrift
708 439 794 461 voor
813 427 1041 468 Godsdienst,
1060 424 1307 469 Wetenschap
1335 436 1378 458 en
1397 423 1599 457 Letteren“.
1627 422 1749 464 Jaarg.
1769 420 1824 459 40,

60 484 101 518 D.
121 484 176 524 69,
202 482 431 517 Amsterdam
459 481 559 522 1908,
587 481 794 519 373—376;
823 480 882 514 ubi
908 481 953 514 L.
971 491 1041 513 van
1058 480 1167 513 Miert
1192 478 1226 511 in
1259 477 1471 519 „Canisiana
1489 476 1570 509 VI.“
1593 475 1658 509 has
1684 473 1828 507 litteras

59 537 177 582 posuit
204 548 249 570 ex
275 534 508 580 autographO,
545 533 639 578 quod
666 533 863 568 Boscoduei
901 533 945 576 ('s
971 530 1284 574 Hertogenbosch]
1324 531 1358 564 in
1394 529 1532 563 familia
1566 527 1720 572 quadam
1747 525 1826 559 reli-

60 591 159 634 giose
185 591 397 624 asservatur
423 587 714 632 (autographum,
750 589 791 621 ut
817 599 860 621 ex
888 586 1023 620 editore
1050 585 1182 629 accepi,
1219 586 1274 618 est
1309 583 1345 617 in
1371 584 1427 623 2⁰3
1463 583 1531 625 2's‘2
1558 593 1636 626 pp.;
1674 581 1709 613 in
1744 591 1778 624 p.
1804 579 1827 612 4

60 645 167 678 inser.
195 645 231 677 et
267 642 441 686 reliquiae
467 640 579 684 sigilli
605 640 722 676 rubri:
759 639 914 685 epistula
947 651 1015 673 usu
1050 638 1182 672 detrita
1208 639 1263 671 est
1288 637 1349 677 ita,
1385 638 1424 670 ut
1450 635 1587 679 aliquot
1612 634 1710 673 loeis,
1739 643 1828 676 quos

61 697 175 730 editor
201 696 303 730 uncis
330 695 515 740 quadratis
541 694 699 734 inclusit,
726 693 788 727 vix
814 693 873 727 vel
899 705 943 726 ne
969 692 1032 726 vix
1059 691 1203 735 quidem
1228 690 1299 733 legi
1319 688 1464 734 possit).
1512 687 1724 730 „Canisiana
1742 685 1823 719 V1.“

58 750 207 784 seorsim
235 760 376 793 quoque
403 759 536 782 excusa
566 746 863 790 („Overgedrukt
889 745 942 780 uit
968 745 1011 779 de
1038 744 1227 787 Studieffl)
1255 744 1412 777 exstant.

179 822 224 855 Se
249 826 279 854 et
302 821 556 854 leeodoricum
580 820 733 861 fratrem
761 828 927 850 memores
952 828 1020 850 esse
1045 817 1217 859 ipsorum,
1245 816 1308 847 etsi
1333 823 1422 847 raro
1450 813 1494 845 us
1518 811 1687 844 scribant.
1726 810 1829 843 Serta

52 875 262 917 precatoria
287 875 404 915 mittit,
431 884 520 916 quae
544 873 639 905 inter
663 883 698 904 se
723 871 943 904 distribuant
969 873 1000 902 et
1025 870 1147 902 liberis
1172 867 1425 910 heredibusque
1443 865 1640 908 aliquando
1658 864 1807 897 tradant
1819 875 1830 902 ,-

60 930 225 972 „Aqnum
252 925 341 961 Dei“
368 928 413 960 iis
439 926 550 959 addit.
594 925 746 958 Fratres
770 934 977 966 sororesque
1001 923 1190 956 hortatur:
1221 925 1260 954 ut
1285 922 1325 953 ln
1351 919 1526 953 catholiea
1551 918 1620 960 fide
1645 926 1830 951 romanae-

60 992 125 1024 que
160 981 321 1014 ecelesiae
356 979 573 1013 oboedientia
608 981 803 1011 constantes
836 978 908 1010 sint
943 981 972 1009 et
1007 976 1055 1008 ad
1089 976 1207 1009 eadem
1241 974 1368 1007 liberos
1392 973 1616 1015 famulosque
1642 970 1831 1003 instituant

58 1045 140 1067 neve
177 1035 288 1067 ullum
322 1043 431 1066 novae
461 1032 545 1074 fidei
578 1035 781 1064 sectatorem
815 1041 929 1063 secum
964 1029 1127 1062 habitare
1155 1029 1374 1071 patiantm·;
1409 1037 1431 1058 a
1456 1026 1551 1058 vitiis
1576 1024 1775 1057 abstineant
1802 1026 1832 1054 et

61 1089 96 1120 ein
126 1087 299 1130 plurimis
332 1087 416 1129 iuis,
452 1086 579 1129 quibus
613 1084 850 1127 implicentur,
883 1084 1030 1125 neqotiis
1064 1083 1216 1115 terrenis
1249 1091 1385 1123 semper
1411 1080 1478 1113 Dei
1507 1079 1646 1121 yloriae
1679 1086 1833 1119 suaeque

58 1141 169 1173 saluti
202 1144 364 1172 aeternae
397 1139 562 1171 studeant
573 1150 586 1179 ;
618 1148 739 1180 pacem
774 1141 1003 1179 mutuamque
1029 1145 1185 1168 amorem
1219 1137 1354 1167 servent
1363 1145 1376 1175 ‚·
1408 1143 1477 1175 pro
1498 1131 1711 1175 parentibus
1740 1139 1831 1162 mor—

59 1195 130 1226 tuis
163 1193 348 1226 sollemnia
383 1192 638 1225 anniversaria
668 1201 746 1223 cum
771 1191 873 1232 stipis
898 1190 1088 1232 Iarqitc'one
1111 1189 1265 1230 fundent
1275 1200 1288 1228 ;
1324 1188 1361 1219 ιή
1386 1186 1508 1219 liberis
1533 1184 1726 1218 educandis
1751 1182 1831 1215 dili-

55 1247 252 1290 qentisst'mi
276 1247 357 1279 sint.
401 1246 461 1279 Ad
485 1249 630 1278 mortem
655 1254 691 1276 se
712 1248 853 1287 parent.
897 1244 1039 1276 Amicos
1065 1246 1095 1275 et
1121 1244 1284 1284 coqnatos
1308 1251 1372 1274 suo
1399 1244 1427 1272 et
1459 1238 1667 1272 Theodorict‘
1694 1237 1833 1269 nomine

58 1300 222 1334 salutent.

177 1371 284 1413 Jesu
325 1369 483 1412 Christi
524 1382 678 1411 unsers
722 1368 831 1410 aller
875 1367 1061 1410 liebsten
1102 1367 1276 1408 Heeren
1318 1365 1405 1408 und
1448 1363 1661 1406 Hailands
1702 1362 1831 1415 gnad‚

59 1437 143 1479 frid
175 1436 262 1478 und
294 1449 441 1489 segen,
484 1436 630 1488 sampt
671 1433 811 1476 ainem
854 1433 1003 1486 guiten
1043 1432 1209 1485 seligen
1242 1445 1394 1474 newen
1423 1431 1494 1484 jar
1526 1444 1595 1471 am
1629 1427 1713 1470 leib
1746 1427 1832 1469 und

61 1503 170 1552 SeeL
205 1515 283 1555 sey
315 1500 424 1543 euch
456 1500 571 1542 allen
604 1499 691 1541 und
719 1499 862 1554 jedem
897 1513 947 1540 zu
982 1512 1072 1541 vor.

178 1567 403 1617 Ersamen,
437 1565 578 1608 lieben
612 1565 699 1607 und
731 1567 955 1618 getrewen
989 1563 1173 1605 Bruider
1205 1562 1292 1604 und
1325 1561 1640 1604 Sehwesteren.

179 1632 253 1674 Ich
294 1633 382 1674 kan
423 1631 488 1674 nit
528 1631 833 1680 underlassen,
876 1629 986 1671 euch
1028 1629 1144 1671 allen
1184 1626 1418 1682 samptlioh
1459 1625 1547 1668 und
1588 1622 1833 1666 sonderlich

61 1698 140 1741 mit
163 1698 296 1740 disem
319 1697 489 1739 meinen
511 1696 738 1738 schreiben
761 1694 920 1738 ainmal
955 1694 1070 1737 haim
1093 1708 1144 1736 zu
1167 1693 1330 1736 suohen
1363 1693 1449 1734 und
1479 1706 1530 1734 zu
1562 1688 1831 1744 begruissen‚

60 1764 196 1806 domit
227 1763 295 1805 ich
328 1762 468 1804 meine
501 1761 750 1816 gebiirliohe
784 1761 1008 1814 sohuldige
1039 1760 1125 1801 lieb
1158 1759 1245 1801 und
1276 1762 1387 1802 trew
1411 1757 1531 1807 euch,
1566 1756 1631 1798 als
1663 1753 1834 1797 meineri

59 1829 245 1871 liebsten
277 1829 363 1870 und
386 1828 595 1870 nechsten
628 1827 838 1869 freunden
871 1826 958 1868 und
990 1826 1312 1868 blutverwante
1344 1822 1544 1865 beweise.
1589 1821 1645 1864 So
1668 1819 1835 1862 werdet

56 1896 98 1949 jr
130 1895 239 1937 auch
271 1894 477 1936 herauss²¹
509 1893 668 1935 wissen
701 1892 786 1934 und
816 1891 1062 1942 verstehen‚
1097 1891 1174 1932 das
1206 1890 1276 1932 ioh
1308 1890 1454 1943 sampt
1485 1901 1660 1930 unserm
1692 1885 1833 1927 lieben

60 1960 219 2002 bruder
241 1960 405 2002 Doetor
428 1958 609 2001 Derrioh
632 1958 823 2000 Kanissl
854 1957 965 1999 noch
997 1957 1054 1998 im
1086 1956 1212 1998 leben
1245 1955 1350 2006 sein,
1385 1954 1471 1996 und
1504 1967 1621 1995 ewer
1649 1951 1713 1994 nit
1736 1964 1833 1993 ver-

60 2040 230 2079 gessen‚
265 2025 570 2078 onangesehen
603 2024 681 2066 das
713 2023 792 2065 wir
814 2023 917 2065 weit
949 2023 1036 2064 und
1068 2036 1186 2064 wern
1220 2035 1304 2063 von
1339 2020 1410 2062 ain
1443 2019 1634 2062 anderen
1667 2030 1834 2066 Wonen,

61 2091 147 2133 und
174 2090 316 2144 wenig
349 2090 470 2132 ainer
502 2090 598 2131 dem
631 2089 822 2131 anderen
855 2087 1140 2130 zuschreibet.
1183 2087 1257 2129 Ich
1291 2085 1459 2128 dancke
1482 2085 1586 2127 aber
1610 2083 1716 2125 Gott
1739 2082 1835 2123 dem

61 2155 356 2211 hymelisehen
388 2155 559 2206 Vatter,
604 2155 681 2197 das
724 2169 771 2196 er
811 2168 891 2196 uns
933 2153 1022 2195 biss
1063 2153 1133 2194 hie
1165 2153 1266 2195 herr
1298 2166 1346 2193 so
1379 2150 1540 2205 gnedig
1572 2148 1658 2191 und
1690 2148 1834 2189 barm-

60 2221 230 2275 hertzig
260 2221 331 2272 ist,
366 2221 452 2262 und
482 2221 592 2263 noch
615 2221 683 2262 die
704 2220 791 2262 zeit
813 2221 1016 2272 vergunt,
1051 2220 1129 2261 das
1151 2218 1231 2260 wir
1253 2217 1342 2259 diss
1365 2230 1486 2259 newe
1515 2216 1584 2269 jar
1605 2214 1649 2256 in
1672 2213 1833 2255 seinem

62 2287 250 2341 heiligen
282 2300 440 2329 namen
473 2285 661 2328 anfahen
694 2286 782 2328 und
814 2300 865 2327 zu
898 2299 1072 2328 unserm
1105 2284 1192 2326 hail
1226 2283 1446 2325 brauchen
1472 2286 1641 2334 m'ogen.
1696 2277 1835 2319 Dweil

62 2354 166 2395 aber
207 2353 250 2394 in
284 2352 381 2394 dem
413 2351 661 2394 zeittliohen
699 2352 741 2406 jr
781 2351 950 2393 reicher
990 2350 1077 2392 und
1109 2348 1429 2402 vermoglioher
1470 2348 1607 2400 seyet,
1651 2344 1734 2386 dan
1766 2342 1834 2385 ich

62 2432 217 2469 armer,
261 2432 308 2459 so
351 2417 435 2459 hab
476 2417 544 2458 ioh
586 2417 693 2459 euch
726 2417 810 2458 alle
842 2416 1056 2458 verehren
1088 2415 1245 2457 wollen
1278 2413 1358 2455 mit
1390 2413 1530 2454 einem
1563 2408 1836 2464 geystliehen

62 2497 214 2525 newen
242 2483 325 2537 jar,
361 2483 465 2525 oder
486 2481 566 2524 mit
588 2481 796 2524 ettliohen
819 2481 953 2524 Pater
985 2481 1163 2523 noster2
1197 2480 1301 2522 oder
1324 2478 1638 2527 Rosenkrentz,
1672 2473 1837 2516 welche

59 2549 101 2603 jr
141 2549 221 2591 mit
261 2548 397 2590 disem
439 2547 664 2590 schreiben
707 2546 943 2601 entpfahen
977 2546 1157 2589 werdet.
1211 2545 1416 2587 Verhoffe
1457 2543 1544 2585 und
1585 2541 1695 2583 bitte
1727 2539 1836 2581 euch

62 2614 338 2664 fmundtlich,
358 2614 399 2667 jr
416 2613 565 2655 wollet
588 2613 665 2655 das
688 2612 807 2654 klain
825 2611 1103 2654 sehenckken
1120 2611 1177 2652 im
1196 2613 1333 2664 guten
1350 2623 1405 2652 an
1428 2608 1515 2650 und
1533 2607 1624 2650 auff
1637 2606 1835 2656 nehmen,

63 2679 149 2721 und
178 2679 315 2721 under
337 2679 444 2720 euch
466 2678 639 2720 fridlich
662 2678 770 2720 alles
793 2676 1074 2727 ausstheilen,
1108 2676 1195 2718 und
1219 2675 1383 2728 darbey
1406 2673 1582 2723 meiner‚
1613 2672 1658 2727 ja
1682 2672 1837 2714 Gottes

63 2745 330 2798 gedemken,
376 2744 484 2786 auch
526 2744 671 2785 solche
714 2743 868 2785 Patter
909 2745 1060 2784 noster
1101 2742 1192 2783 auff
1229 2755 1370 2783 ewere
1411 2739 1566 2782 kinder
1606 2738 1691 2780 und
1735 2737 1837 2779 erbe

185 2827 214 2855 a)
235 2827 283 2850 Ita
298 2834 357 2857 pro
376 2825 504 2850 herausz
525 2826 652 2850 scribere
674 2825 825 2853 malebam,
846 2827 871 2849 e!
891 2824 1032 2849 similiter
1053 2824 1135 2854 infra
1155 2822 1268 2848 Kaniss
1286 2830 1343 2854 pro
1362 2821 1476 2847 Kanisz
1496 2824 1564 2852 eteff·
1583 2828 1652 2845 nam
1672 2827 1735 2844 cum
1757 2825 1836 2842 neer-

65 2868 182 2892 Iandico
203 2868 319 2899 quidem
339 2868 486 2892 scribendi
508 2875 585 2892 more
606 2867 699 2897 mayis
719 2866 852 2897 conyruit
880 2866 1027 2897 yeminum
1054 2865 1129 2889 illud
1159 2872 1173 2889 s
1202 2865 1293 2889 scribi
1325 2871 1378 2895 sz;
1410 2872 1459 2895 eyo
1488 2866 1584 2888 autem
1616 2862 1645 2886 in
1672 2861 1724 2886 hoc
1751 2867 1837 2891 opere

63 2917 179 2941 semper
199 2912 314 2933 secutus
334 2917 415 2933 eram
436 2916 543 2933 morem
561 2908 771 2940 fler-manicam„

189 3035 196 3055 ¹
224 3034 263 3068 P.
291 3033 534 3068 Theodoricus
561 3033 728 3067 Canisius
754 3034 873 3066 rector
897 3031 1148 3065 universitatis
1175 3030 1390 3075 collegiique
1417 3030 1602 3075 dilingani.

185 3088 198 3108 ²
224 3087 276 3121 De
302 3087 370 3121 hoe
395 3088 537 3121 nomine
565 3099 597 3121 v.
625 3097 735 3131 supra
762 3097 794 3130 p.
815 3086 910 3120 374⁸.
