<?xml version="1.0" encoding="UTF-8"?>
<!DOCTYPE html PUBLIC "-//W3C//DTD XHTML 1.0 Transitional//EN"
    "http://www.w3.org/TR/xhtml1/DTD/xhtml1-transitional.dtd">
<html xmlns="http://www.w3.org/1999/xhtml" xml:lang="en" lang="en">
 <head>
  <title>
</title>
<meta http-equiv="Content-Type" content="text/html;charset=utf-8" />
  <meta name='ocr-system' content='tesseract 3.04.00' />
  <meta name='ocr-capabilities' content='ocr_page ocr_carea ocr_par ocr_line ocrx_word'/>
</head>
<body>
  <div class='ocr_page' id='page_1' title='image "beatipetricanisi06cani_0475.png"; bbox 0 0 2044 3335; ppageno 0'>
   <div class='ocr_carea' id='block_1_1' title="bbox 658 77 1851 123">
    <p class='ocr_par' dir='ltr' id='par_1_1' title="bbox 658 77 1851 123">
     <span class='ocr_line' id='line_1_1' title="bbox 658 77 1851 123; baseline 0.008 -12"><span class='ocrx_word' id='word_1_1' title='bbox 658 78 824 121; x_wconf 86' lang='lat' dir='ltr'><strong>Augusta</strong></span> <span class='ocrx_word' id='word_1_2' title='bbox 841 78 946 113; x_wconf 89' lang='lat' dir='ltr'><strong>Vind.</strong></span> <span class='ocrx_word' id='word_1_3' title='bbox 966 77 998 113; x_wconf 87' lang='lat'><strong>8.</strong></span> <span class='ocrx_word' id='word_1_4' title='bbox 1018 78 1154 123; x_wconf 78' lang='lat' dir='ltr'>Aprilis</span> <span class='ocrx_word' id='word_1_5' title='bbox 1174 78 1276 113; x_wconf 84' lang='lat'><strong>1570.</strong></span> <span class='ocrx_word' id='word_1_6' title='bbox 1767 79 1851 120; x_wconf 85' lang='lat'><strong>401</strong></span> 
     </span>
    </p>
   </div>
   <div class='ocr_carea' id='block_1_2' title="bbox 89 193 1859 883">
    <p class='ocr_par' dir='ltr' id='par_1_2' title="bbox 89 193 1853 379">
     <span class='ocr_line' id='line_1_2' title="bbox 89 193 1853 249; baseline -0.001 -12"><span class='ocrx_word' id='word_1_7' title='bbox 89 198 181 237; x_wconf 89' lang='lat' dir='ltr'><strong>tum</strong></span> <span class='ocrx_word' id='word_1_8' title='bbox 203 194 410 238; x_wconf 76' lang='lat' dir='ltr'><strong>tristitiae</strong></span> <span class='ocrx_word' id='word_1_9' title='bbox 442 198 487 237; x_wconf 92' lang='lat' dir='ltr'><strong>et</strong></span> <span class='ocrx_word' id='word_1_10' title='bbox 507 194 891 249; x_wconf 83' lang='lat' dir='ltr'><strong>pusillanimitatis.</strong></span> <span class='ocrx_word' id='word_1_11' title='bbox 932 196 1091 237; x_wconf 92' lang='lat' dir='ltr'><strong>Verum</strong></span> <span class='ocrx_word' id='word_1_12' title='bbox 1115 195 1223 238; x_wconf 89' lang='lat' dir='ltr'><strong>baec</strong></span> <span class='ocrx_word' id='word_1_13' title='bbox 1247 194 1390 237; x_wconf 91' lang='lat' dir='ltr'><strong>omnia</strong></span> <span class='ocrx_word' id='word_1_14' title='bbox 1411 194 1473 236; x_wconf 91' lang='lat' dir='ltr'><strong>sic</strong></span> <span class='ocrx_word' id='word_1_15' title='bbox 1501 208 1527 236; x_wconf 88' lang='lat' dir='ltr'><strong>a</strong></span> <span class='ocrx_word' id='word_1_16' title='bbox 1549 208 1617 236; x_wconf 92' lang='lat' dir='ltr'><strong>me</strong></span> <span class='ocrx_word' id='word_1_17' title='bbox 1640 193 1853 244; x_wconf 89' lang='lat' dir='ltr'><strong>dicuntur,</strong></span> 
     </span>
     <span class='ocr_line' id='line_1_3' title="bbox 89 259 1853 314; baseline -0.001 -12"><span class='ocrx_word' id='word_1_18' title='bbox 89 262 138 302; x_wconf 92' lang='lat' dir='ltr'><strong>ut</strong></span> <span class='ocrx_word' id='word_1_19' title='bbox 169 259 338 302; x_wconf 90' lang='lat' dir='ltr'><strong>saluum</strong></span> <span class='ocrx_word' id='word_1_20' title='bbox 370 262 547 302; x_wconf 89' lang='lat' dir='ltr'><strong>maneat</strong></span> <span class='ocrx_word' id='word_1_21' title='bbox 568 273 741 314; x_wconf 82' lang='lat' dir='ltr'><strong>semper</strong></span> <span class='ocrx_word' id='word_1_22' title='bbox 761 259 962 302; x_wconf 90' lang='lat' dir='ltr'><strong>iudicium</strong></span> <span class='ocrx_word' id='word_1_23' title='bbox 987 260 1033 303; x_wconf 80' lang='lat' dir='ltr'><strong>P.</strong></span> <span class='ocrx_word' id='word_1_24' title='bbox 1057 261 1119 311; x_wconf 65' lang='lat' dir='ltr'><strong>T„</strong></span> <span class='ocrx_word' id='word_1_25' title='bbox 1154 260 1222 302; x_wconf 90' lang='lat' dir='ltr'><strong>cui</strong></span> <span class='ocrx_word' id='word_1_26' title='bbox 1248 273 1317 302; x_wconf 90' lang='lat' dir='ltr'><strong>me</strong></span> <span class='ocrx_word' id='word_1_27' title='bbox 1348 273 1426 314; x_wconf 90' lang='lat' dir='ltr'><strong>per</strong></span> <span class='ocrx_word' id='word_1_28' title='bbox 1457 259 1600 302; x_wconf 88' lang='lat' dir='ltr'><strong>omnia</strong></span> <span class='ocrx_word' id='word_1_29' title='bbox 1632 259 1853 307; x_wconf 79' lang='lat' dir='ltr'><strong>submitto,</strong></span> 
     </span>
     <span class='ocr_line' id='line_1_4' title="bbox 90 324 1265 379; baseline 0 -13"><span class='ocrx_word' id='word_1_30' title='bbox 90 338 309 378; x_wconf 90' lang='lat' dir='ltr'><strong>nunquam</strong></span> <span class='ocrx_word' id='word_1_31' title='bbox 342 324 527 375; x_wconf 88' lang='lat' dir='ltr'><strong>futurus,</strong></span> <span class='ocrx_word' id='word_1_32' title='bbox 561 327 609 366; x_wconf 93' lang='lat' dir='ltr'><strong>ut</strong></span> <span class='ocrx_word' id='word_1_33' title='bbox 641 338 782 378; x_wconf 92' lang='lat' dir='ltr'><strong>spero,</strong></span> <span class='ocrx_word' id='word_1_34' title='bbox 816 325 1001 379; x_wconf 88' lang='lat' dir='ltr'><strong>amplius</strong></span> <span class='ocrx_word' id='word_1_35' title='bbox 1034 324 1265 367; x_wconf 78' lang='lat' dir='ltr'><strong>exorcista.</strong></span> 
     </span>
    </p>

    <p class='ocr_par' dir='ltr' id='par_1_3' title="bbox 90 387 1855 574">
     <span class='ocr_line' id='line_1_5' title="bbox 240 387 1855 444; baseline -0.001 -13"><span class='ocrx_word' id='word_1_36' title='bbox 240 389 323 431; x_wconf 85' lang='lat' dir='ltr'><strong>Sed</strong></span> <span class='ocrx_word' id='word_1_37' title='bbox 354 387 607 444; x_wconf 69' lang='lat' dir='ltr'><strong>tamen³[‘?]</strong></span> <span class='ocrx_word' id='word_1_38' title='bbox 632 389 932 443; x_wconf 84' lang='lat' dir='ltr'><strong>Superioribus</strong></span> <span class='ocrx_word' id='word_1_39' title='bbox 964 403 1055 432; x_wconf 86' lang='lat' dir='ltr'><strong>rem</strong></span> <span class='ocrx_word' id='word_1_40' title='bbox 1087 391 1227 432; x_wconf 87' lang='lat' dir='ltr'><strong>totam</strong></span> <span class='ocrx_word' id='word_1_41' title='bbox 1261 389 1498 440; x_wconf 87' lang='lat' dir='ltr'><strong>committo,</strong></span> <span class='ocrx_word' id='word_1_42' title='bbox 1532 403 1686 443; x_wconf 89' lang='lat' dir='ltr'><strong>meque</strong></span> <span class='ocrx_word' id='word_1_43' title='bbox 1717 388 1855 430; x_wconf 90' lang='lat' dir='ltr'><strong>humi—</strong></span> 
     </span>
     <span class='ocr_line' id='line_1_6' title="bbox 90 453 1855 508; baseline 0 -12"><span class='ocrx_word' id='word_1_44' title='bbox 90 454 190 496; x_wconf 88' lang='lat' dir='ltr'><strong>liter</strong></span> <span class='ocrx_word' id='word_1_45' title='bbox 222 454 475 496; x_wconf 90' lang='lat' dir='ltr'><strong>commendo</strong></span> <span class='ocrx_word' id='word_1_46' title='bbox 509 453 739 508; x_wconf 81' lang='lat' dir='ltr'><strong>Sacrificijs</strong></span> <span class='ocrx_word' id='word_1_47' title='bbox 762 455 807 496; x_wconf 91' lang='lat' dir='ltr'><strong>P.</strong></span> <span class='ocrx_word' id='word_1_48' title='bbox 825 455 896 498; x_wconf 88' lang='lat' dir='ltr'><strong>V.b</strong></span> <span class='ocrx_word' id='word_1_49' title='bbox 927 455 975 496; x_wconf 92' lang='lat' dir='ltr'><strong>in</strong></span> <span class='ocrx_word' id='word_1_50' title='bbox 999 454 1202 496; x_wconf 87' lang='lat' dir='ltr'><strong>Christo</strong></span> <span class='ocrx_word' id='word_1_51' title='bbox 1236 454 1359 496; x_wconf 81' lang='lat' dir='ltr'><strong>Jesu</strong></span> <span class='ocrx_word' id='word_1_52' title='bbox 1393 454 1604 497; x_wconf 89' lang='lat' dir='ltr'><strong>Domino</strong></span> <span class='ocrx_word' id='word_1_53' title='bbox 1637 455 1855 497; x_wconf 82' lang='lat' dir='ltr'><strong>nostr01.</strong></span> 
     </span>
     <span class='ocr_line' id='line_1_7' title="bbox 90 518 876 574; baseline 0.003 -14"><span class='ocrx_word' id='word_1_54' title='bbox 90 518 318 573; x_wconf 85' lang='lat' dir='ltr'><strong>Augustae</strong></span> <span class='ocrx_word' id='word_1_55' title='bbox 351 519 518 562; x_wconf 88' lang='lat' dir='ltr'><strong>Octauo</strong></span> <span class='ocrx_word' id='word_1_56' title='bbox 551 518 714 574; x_wconf 89' lang='lat' dir='ltr'><strong>Aprilis</strong></span> <span class='ocrx_word' id='word_1_57' title='bbox 751 521 876 562; x_wconf 82' lang='lat'><strong>1570.</strong></span> 
     </span>
    </p>

    <p class='ocr_par' dir='ltr' id='par_1_4' title="bbox 94 642 1859 883">
     <span class='ocr_line' id='line_1_8' title="bbox 931 642 1304 698; baseline -0.003 -13"><span class='ocrx_word' id='word_1_58' title='bbox 931 643 1138 698; x_wconf 88' lang='lat' dir='ltr'><strong>Indignus</strong></span> <span class='ocrx_word' id='word_1_59' title='bbox 1171 642 1304 684; x_wconf 88' lang='lat' dir='ltr'><strong>Filius</strong></span> 
     </span>
     <span class='ocr_line' id='line_1_9' title="bbox 1342 702 1738 745; baseline 0.005 -2"><span class='ocrx_word' id='word_1_60' title='bbox 1342 702 1497 743; x_wconf 89' lang='lat' dir='ltr'><strong>Petrus</strong></span> <span class='ocrx_word' id='word_1_61' title='bbox 1530 702 1738 745; x_wconf 82' lang='lat' dir='ltr'><strong>Canisius.</strong></span> 
     </span>
     <span class='ocr_line' id='line_1_10' title="bbox 211 767 1859 822; baseline -0.002 -13"><span class='ocrx_word' id='word_1_62' title='bbox 211 767 337 810; x_wconf 90' lang='lat' dir='ltr'><strong>Adm.</strong></span> <span class='ocrx_word' id='word_1_63' title='bbox 361 767 617 810; x_wconf 80' lang='lat' dir='ltr'><strong>Reuerendo</strong></span> <span class='ocrx_word' id='word_1_64' title='bbox 640 767 683 809; x_wconf 92' lang='lat' dir='ltr'><strong>in</strong></span> <span class='ocrx_word' id='word_1_65' title='bbox 706 767 876 811; x_wconf 86' lang='lat' dir='ltr'><strong>Christo</strong></span> <span class='ocrx_word' id='word_1_66' title='bbox 900 768 1021 810; x_wconf 87' lang='lat' dir='ltr'><strong>Patri</strong></span> <span class='ocrx_word' id='word_1_67' title='bbox 1044 768 1089 810; x_wconf 83' lang='lat' dir='ltr'><strong>P.</strong></span> <span class='ocrx_word' id='word_1_68' title='bbox 1110 767 1339 809; x_wconf 88' lang='lat' dir='ltr'><strong>Francisco</strong></span> <span class='ocrx_word' id='word_1_69' title='bbox 1373 781 1398 809; x_wconf 90' lang='lat' dir='ltr'><strong>a</strong></span> <span class='ocrx_word' id='word_1_70' title='bbox 1421 767 1582 821; x_wconf 88' lang='lat' dir='ltr'><strong>Borgia</strong></span> <span class='ocrx_word' id='word_1_71' title='bbox 1604 767 1859 822; x_wconf 72' lang='lat' dir='ltr'><strong>Praeposito</strong></span> 
     </span>
     <span class='ocr_line' id='line_1_11' title="bbox 94 832 1570 883; baseline -0.001 -8"><span class='ocrx_word' id='word_1_72' title='bbox 94 832 295 875; x_wconf 84' lang='lat' dir='ltr'><strong>Generali</strong></span> <span class='ocrx_word' id='word_1_73' title='bbox 327 833 421 875; x_wconf 92' lang='lat' dir='ltr'><strong>Soc:</strong></span> <span class='ocrx_word' id='word_1_74' title='bbox 455 833 574 883; x_wconf 82' lang='lat' dir='ltr'><strong>Jesu,</strong></span> <span class='ocrx_word' id='word_1_75' title='bbox 609 833 729 875; x_wconf 91' lang='lat' dir='ltr'><strong>Patri</strong></span> <span class='ocrx_word' id='word_1_76' title='bbox 761 835 911 875; x_wconf 91' lang='lat' dir='ltr'><strong>nostro</strong></span> <span class='ocrx_word' id='word_1_77' title='bbox 945 832 1269 875; x_wconf 87' lang='lat' dir='ltr'><strong>Colendissimo.</strong></span> <span class='ocrx_word' id='word_1_78' title='bbox 1393 832 1570 874; x_wconf 84' lang='lat' dir='ltr'><strong>Romae.</strong></span> 
     </span>
    </p>
   </div>
   <div class='ocr_carea' id='block_1_3' title="bbox 93 906 1871 2824">
    <p class='ocr_par' dir='ltr' id='par_1_5' title="bbox 93 906 1867 1590">
     <span class='ocr_line' id='line_1_12' title="bbox 213 906 1856 951; baseline 0.001 -11"><span class='ocrx_word' id='word_1_79' title='bbox 213 907 265 941; x_wconf 92' lang='lat' dir='ltr'><strong>De</strong></span> <span class='ocrx_word' id='word_1_80' title='bbox 291 907 401 941; x_wconf 89' lang='lat' dir='ltr'><strong>nobili</strong></span> <span class='ocrx_word' id='word_1_81' title='bbox 428 907 490 940; x_wconf 89' lang='lat' dir='ltr'><strong>illa</strong></span> <span class='ocrx_word' id='word_1_82' title='bbox 517 907 658 950; x_wconf 85' lang='lat' dir='ltr'><strong>virgine</strong></span> <span class='ocrx_word' id='word_1_83' title='bbox 685 908 789 942; x_wconf 89' lang='lat' dir='ltr'><strong>Anna</strong></span> <span class='ocrx_word' id='word_1_84' title='bbox 815 919 836 942; x_wconf 88' lang='lat' dir='ltr'><strong>a</strong></span> <span class='ocrx_word' id='word_1_85' title='bbox 862 907 1106 949; x_wconf 89' lang='lat' dir='ltr'><strong>Bernhausen,</strong></span> <span class='ocrx_word' id='word_1_86' title='bbox 1134 918 1240 951; x_wconf 85' lang='lat' dir='ltr'><strong>quam</strong></span> <span class='ocrx_word' id='word_1_87' title='bbox 1268 906 1433 941; x_wconf 87' lang='lat' dir='ltr'><strong>Canisius</strong></span> <span class='ocrx_word' id='word_1_88' title='bbox 1460 918 1480 940; x_wconf 89' lang='lat' dir='ltr'><strong>a</strong></span> <span class='ocrx_word' id='word_1_89' title='bbox 1506 919 1544 941; x_wconf 90' lang='lat' dir='ltr'><strong>se</strong></span> <span class='ocrx_word' id='word_1_90' title='bbox 1575 908 1856 949; x_wconf 82' lang='lat' dir='ltr'><strong>„exorcizatam“</strong></span> 
     </span>
     <span class='ocr_line' id='line_1_13' title="bbox 94 960 1861 1005; baseline 0 -10"><span class='ocrx_word' id='word_1_91' title='bbox 94 960 229 1002; x_wconf 78' lang='lat' dir='ltr'><strong>scribit,</strong></span> <span class='ocrx_word' id='word_1_92' title='bbox 256 961 295 994; x_wconf 88' lang='lat' dir='ltr'><strong>P.</strong></span> <span class='ocrx_word' id='word_1_93' title='bbox 311 962 476 1004; x_wconf 74' lang='lat' dir='ltr'><strong>Iynatius</strong></span> <span class='ocrx_word' id='word_1_94' title='bbox 495 962 667 1004; x_wconf 47' lang='lat' dir='ltr'><strong>Agyrio-ola</strong></span> <span class='ocrx_word' id='word_1_95' title='bbox 693 961 728 995; x_wconf 88' lang='lat' dir='ltr'><strong>S.</strong></span> <span class='ocrx_word' id='word_1_96' title='bbox 743 961 775 994; x_wconf 86' lang='lat' dir='ltr'><strong>J.</strong></span> <span class='ocrx_word' id='word_1_97' title='bbox 802 963 946 995; x_wconf 86' lang='lat' dir='ltr'><strong>narrat:</strong></span> <span class='ocrx_word' id='word_1_98' title='bbox 974 961 1063 995; x_wconf 88' lang='lat' dir='ltr'><strong>Eam</strong></span> <span class='ocrx_word' id='word_1_99' title='bbox 1089 960 1202 996; x_wconf 91' lang='lat' dir='ltr'><strong>fuisse</strong></span> <span class='ocrx_word' id='word_1_100' title='bbox 1233 960 1411 1003; x_wconf 86' lang='lat' dir='ltr'><strong>„moribus</strong></span> <span class='ocrx_word' id='word_1_101' title='bbox 1437 962 1581 994; x_wconf 88' lang='lat' dir='ltr'><strong>caetera</strong></span> <span class='ocrx_word' id='word_1_102' title='bbox 1607 960 1764 1005; x_wconf 84' lang='lat' dir='ltr'><strong>probam,</strong></span> <span class='ocrx_word' id='word_1_103' title='bbox 1792 973 1861 995; x_wconf 89' lang='lat' dir='ltr'><strong>uno</strong></span> 
     </span>
     <span class='ocr_line' id='line_1_14' title="bbox 93 1013 1861 1059; baseline 0.001 -12"><span class='ocrx_word' id='word_1_104' title='bbox 93 1013 365 1059; x_wconf 90' lang='lat' dir='ltr'><strong>improbabilem</strong></span> <span class='ocrx_word' id='word_1_105' title='bbox 391 1013 490 1054; x_wconf 88' lang='lat' dir='ltr'><strong>vitio,</strong></span> <span class='ocrx_word' id='word_1_106' title='bbox 529 1013 621 1057; x_wconf 91' lang='lat' dir='ltr'><strong>quod</strong></span> <span class='ocrx_word' id='word_1_107' title='bbox 649 1013 708 1047; x_wconf 91' lang='lat' dir='ltr'><strong>vel</strong></span> <span class='ocrx_word' id='word_1_108' title='bbox 735 1025 755 1047; x_wconf 88' lang='lat' dir='ltr'><strong>a</strong></span> <span class='ocrx_word' id='word_1_109' title='bbox 782 1014 918 1058; x_wconf 85' lang='lat' dir='ltr'><strong>primae</strong></span> <span class='ocrx_word' id='word_1_110' title='bbox 945 1014 1169 1049; x_wconf 87' lang='lat' dir='ltr'><strong>educationis</strong></span> <span class='ocrx_word' id='word_1_111' title='bbox 1195 1014 1365 1056; x_wconf 87' lang='lat' dir='ltr'><strong>neglectu</strong></span> <span class='ocrx_word' id='word_1_112' title='bbox 1391 1013 1450 1047; x_wconf 89' lang='lat' dir='ltr'><strong>vel</strong></span> <span class='ocrx_word' id='word_1_113' title='bbox 1477 1014 1655 1048; x_wconf 88' lang='lat' dir='ltr'><strong>consortio</strong></span> <span class='ocrx_word' id='word_1_114' title='bbox 1682 1026 1763 1048; x_wconf 88' lang='lat' dir='ltr'><strong>cum</strong></span> <span class='ocrx_word' id='word_1_115' title='bbox 1790 1025 1861 1048; x_wconf 87' lang='lat' dir='ltr'><strong>ser-</strong></span> 
     </span>
     <span class='ocr_line' id='line_1_15' title="bbox 94 1066 1861 1112; baseline 0.001 -11"><span class='ocrx_word' id='word_1_116' title='bbox 94 1067 258 1102; x_wconf 86' lang='lat' dir='ltr'><strong>vulorum</strong></span> <span class='ocrx_word' id='word_1_117' title='bbox 287 1066 387 1100; x_wconf 90' lang='lat' dir='ltr'><strong>faece</strong></span> <span class='ocrx_word' id='word_1_118' title='bbox 414 1068 655 1107; x_wconf 84' lang='lat' dir='ltr'><strong>contraxerat,</strong></span> <span class='ocrx_word' id='word_1_119' title='bbox 682 1078 796 1111; x_wconf 87' lang='lat' dir='ltr'><strong>paene</strong></span> <span class='ocrx_word' id='word_1_120' title='bbox 822 1070 1017 1112; x_wconf 85' lang='lat' dir='ltr'><strong>antequam</strong></span> <span class='ocrx_word' id='word_1_121' title='bbox 1045 1067 1123 1101; x_wconf 88' lang='lat' dir='ltr'><strong>vitii</strong></span> <span class='ocrx_word' id='word_1_122' title='bbox 1143 1067 1363 1111; x_wconf 83' lang='lat' dir='ltr'><strong>gravitatem</strong></span> <span class='ocrx_word' id='word_1_123' title='bbox 1383 1078 1579 1110; x_wconf 84' lang='lat' dir='ltr'><strong>agnoscere</strong></span> <span class='ocrx_word' id='word_1_124' title='bbox 1597 1067 1711 1101; x_wconf 87' lang='lat' dir='ltr'><strong>videri</strong></span> <span class='ocrx_word' id='word_1_125' title='bbox 1730 1070 1861 1112; x_wconf 87' lang='lat' dir='ltr'><strong>posset.</strong></span> 
     </span>
     <span class='ocr_line' id='line_1_16' title="bbox 93 1119 1862 1166; baseline 0.001 -12"><span class='ocrx_word' id='word_1_126' title='bbox 93 1121 199 1155; x_wconf 86' lang='lat' dir='ltr'><strong>Dicta</strong></span> <span class='ocrx_word' id='word_1_127' title='bbox 225 1120 300 1154; x_wconf 86' lang='lat' dir='ltr'><strong>fere</strong></span> <span class='ocrx_word' id='word_1_128' title='bbox 327 1120 457 1161; x_wconf 91' lang='lat' dir='ltr'><strong>omnia,</strong></span> <span class='ocrx_word' id='word_1_129' title='bbox 483 1120 621 1164; x_wconf 86' lang='lat' dir='ltr'><strong>absque</strong></span> <span class='ocrx_word' id='word_1_130' title='bbox 647 1119 720 1154; x_wconf 90' lang='lat' dir='ltr'><strong>ullo</strong></span> <span class='ocrx_word' id='word_1_131' title='bbox 739 1120 817 1154; x_wconf 89' lang='lat' dir='ltr'><strong>veri</strong></span> <span class='ocrx_word' id='word_1_132' title='bbox 843 1120 998 1165; x_wconf 86' lang='lat' dir='ltr'><strong>falsique</strong></span> <span class='ocrx_word' id='word_1_133' title='bbox 1017 1120 1234 1162; x_wconf 87' lang='lat' dir='ltr'><strong>discrimine,</strong></span> <span class='ocrx_word' id='word_1_134' title='bbox 1261 1123 1302 1155; x_wconf 90' lang='lat' dir='ltr'><strong>ut</strong></span> <span class='ocrx_word' id='word_1_135' title='bbox 1319 1120 1426 1155; x_wconf 87' lang='lat' dir='ltr'><strong>fidem</strong></span> <span class='ocrx_word' id='word_1_136' title='bbox 1453 1120 1643 1161; x_wconf 80' lang='lat' dir='ltr'><strong>inveniret,</strong></span> <span class='ocrx_word' id='word_1_137' title='bbox 1671 1121 1862 1166; x_wconf 86' lang='lat' dir='ltr'><strong>dejerando</strong></span> 
     </span>
     <span class='ocr_line' id='line_1_17' title="bbox 94 1173 1863 1218; baseline 0.001 -11"><span class='ocrx_word' id='word_1_138' title='bbox 94 1174 238 1208; x_wconf 87' lang='lat' dir='ltr'><strong>firmare</strong></span> <span class='ocrx_word' id='word_1_139' title='bbox 264 1174 532 1208; x_wconf 78' lang='lat' dir='ltr'><strong>consueverat.“</strong></span> <span class='ocrx_word' id='word_1_140' title='bbox 587 1173 669 1207; x_wconf 90' lang='lat' dir='ltr'><strong>Ideo</strong></span> <span class='ocrx_word' id='word_1_141' title='bbox 705 1185 795 1214; x_wconf 82' lang='lat' dir='ltr'><strong>eam,</strong></span> <span class='ocrx_word' id='word_1_142' title='bbox 831 1186 910 1208; x_wconf 90' lang='lat' dir='ltr'><strong>cum</strong></span> <span class='ocrx_word' id='word_1_143' title='bbox 947 1175 967 1208; x_wconf 90' lang='grc'><strong>9</strong></span> <span class='ocrx_word' id='word_1_144' title='bbox 995 1186 1107 1208; x_wconf 88' lang='lat' dir='ltr'><strong>annos</strong></span> <span class='ocrx_word' id='word_1_145' title='bbox 1133 1176 1218 1208; x_wconf 88' lang='lat' dir='ltr'><strong>nata</strong></span> <span class='ocrx_word' id='word_1_146' title='bbox 1245 1176 1352 1215; x_wconf 90' lang='lat' dir='ltr'><strong>esset,</strong></span> <span class='ocrx_word' id='word_1_147' title='bbox 1389 1186 1409 1208; x_wconf 91' lang='lat' dir='ltr'><strong>a</strong></span> <span class='ocrx_word' id='word_1_148' title='bbox 1436 1176 1606 1218; x_wconf 87' lang='lat' dir='ltr'><strong>quattuor</strong></span> <span class='ocrx_word' id='word_1_149' title='bbox 1632 1174 1863 1209; x_wconf 88' lang='lat' dir='ltr'><strong>daemonibus</strong></span> 
     </span>
     <span class='ocr_line' id='line_1_18' title="bbox 95 1226 1863 1272; baseline 0 -10"><span class='ocrx_word' id='word_1_150' title='bbox 95 1227 279 1262; x_wconf 84' lang='lat' dir='ltr'><strong>obsessam</strong></span> <span class='ocrx_word' id='word_1_151' title='bbox 306 1238 406 1268; x_wconf 90' lang='lat' dir='ltr'><strong>esse;</strong></span> <span class='ocrx_word' id='word_1_152' title='bbox 434 1227 551 1261; x_wconf 90' lang='lat' dir='ltr'><strong>tribus</strong></span> <span class='ocrx_word' id='word_1_153' title='bbox 577 1229 700 1261; x_wconf 87' lang='lat' dir='ltr'><strong>autem</strong></span> <span class='ocrx_word' id='word_1_154' title='bbox 726 1227 830 1261; x_wconf 88' lang='lat' dir='ltr'><strong>annis</strong></span> <span class='ocrx_word' id='word_1_155' title='bbox 856 1230 937 1272; x_wconf 90' lang='lat' dir='ltr'><strong>post</strong></span> <span class='ocrx_word' id='word_1_156' title='bbox 963 1229 1039 1261; x_wconf 90' lang='lat' dir='ltr'><strong>tres</strong></span> <span class='ocrx_word' id='word_1_157' title='bbox 1064 1227 1155 1261; x_wconf 89' lang='lat' dir='ltr'><strong>alios</strong></span> <span class='ocrx_word' id='word_1_158' title='bbox 1182 1227 1374 1262; x_wconf 89' lang='lat' dir='ltr'><strong>daemones</strong></span> <span class='ocrx_word' id='word_1_159' title='bbox 1400 1226 1472 1261; x_wconf 91' lang='lat' dir='ltr'><strong>illis</strong></span> <span class='ocrx_word' id='word_1_160' title='bbox 1498 1227 1709 1263; x_wconf 83' lang='lat' dir='ltr'><strong>accessisse.</strong></span> <span class='ocrx_word' id='word_1_161' title='bbox 1760 1228 1863 1262; x_wconf 91' lang='lat' dir='ltr'><strong>Unde</strong></span> 
     </span>
     <span class='ocr_line' id='line_1_19' title="bbox 100 1279 1861 1326; baseline 0.001 -12"><span class='ocrx_word' id='word_1_162' title='bbox 100 1282 294 1326; x_wconf 78' lang='lat' dir='ltr'><strong>„perpetua</strong></span> <span class='ocrx_word' id='word_1_163' title='bbox 319 1279 481 1323; x_wconf 83' lang='lat' dir='ltr'><strong>Virginis</strong></span> <span class='ocrx_word' id='word_1_164' title='bbox 508 1280 770 1320; x_wconf 87' lang='lat' dir='ltr'><strong>cruciamenta;</strong></span> <span class='ocrx_word' id='word_1_165' title='bbox 799 1280 964 1325; x_wconf 89' lang='lat' dir='ltr'><strong>perpetui</strong></span> <span class='ocrx_word' id='word_1_166' title='bbox 990 1283 1068 1315; x_wconf 90' lang='lat' dir='ltr'><strong>tota</strong></span> <span class='ocrx_word' id='word_1_167' title='bbox 1094 1280 1131 1314; x_wconf 91' lang='lat' dir='ltr'><strong>in</strong></span> <span class='ocrx_word' id='word_1_168' title='bbox 1158 1281 1260 1315; x_wconf 90' lang='lat' dir='ltr'><strong>domo</strong></span> <span class='ocrx_word' id='word_1_169' title='bbox 1287 1280 1466 1315; x_wconf 87' lang='lat' dir='ltr'><strong>tumultus</strong></span> <span class='ocrx_word' id='word_1_170' title='bbox 1492 1292 1533 1315; x_wconf 92' lang='lat' dir='ltr'><strong>ac</strong></span> <span class='ocrx_word' id='word_1_171' title='bbox 1559 1283 1725 1316; x_wconf 86' lang='lat' dir='ltr'><strong>terrores.</strong></span> <span class='ocrx_word' id='word_1_172' title='bbox 1768 1281 1861 1316; x_wconf 88' lang='lat' dir='ltr'><strong>Utri-</strong></span> 
     </span>
     <span class='ocr_line' id='line_1_20' title="bbox 97 1333 1864 1379; baseline 0.001 -12"><span class='ocrx_word' id='word_1_173' title='bbox 97 1346 165 1379; x_wconf 87' lang='lat' dir='ltr'><strong>que</strong></span> <span class='ocrx_word' id='word_1_174' title='bbox 191 1333 286 1368; x_wconf 88' lang='lat' dir='ltr'><strong>malo</strong></span> <span class='ocrx_word' id='word_1_175' title='bbox 312 1333 583 1367; x_wconf 87' lang='lat' dir='ltr'><strong>averruncando</strong></span> <span class='ocrx_word' id='word_1_176' title='bbox 610 1334 714 1367; x_wconf 90' lang='lat' dir='ltr'><strong>Anna</strong></span> <span class='ocrx_word' id='word_1_177' title='bbox 739 1333 776 1367; x_wconf 90' lang='lat' dir='ltr'><strong>in</strong></span> <span class='ocrx_word' id='word_1_178' title='bbox 804 1361 811 1367; x_wconf 90' lang='lat'><strong>.</strong></span> <span class='ocrx_word' id='word_1_179' title='bbox 827 1361 834 1368; x_wconf 92' lang='lat'><strong>.</strong></span> <span class='ocrx_word' id='word_1_180' title='bbox 850 1361 857 1368; x_wconf 91' lang='lat'><strong>.</strong></span> <span class='ocrx_word' id='word_1_181' title='bbox 886 1333 1008 1368; x_wconf 86' lang='lat' dir='ltr'><strong>Sancti</strong></span> <span class='ocrx_word' id='word_1_182' title='bbox 1029 1333 1189 1368; x_wconf 87' lang='lat' dir='ltr'><strong>Udalrici</strong></span> <span class='ocrx_word' id='word_1_183' title='bbox 1216 1334 1348 1368; x_wconf 83' lang='lat' dir='ltr'><strong>Aedem</strong></span> <span class='ocrx_word' id='word_1_184' title='bbox 1376 1334 1567 1368; x_wconf 81' lang='lat' dir='ltr'><strong>adducitur</strong></span> <span class='ocrx_word' id='word_1_185' title='bbox 1594 1361 1601 1368; x_wconf 95' lang='lat'><strong>.</strong></span> <span class='ocrx_word' id='word_1_186' title='bbox 1619 1362 1625 1369; x_wconf 95' lang='lat'><strong>.</strong></span> <span class='ocrx_word' id='word_1_187' title='bbox 1642 1348 1668 1375; x_wconf 88' lang='lat'><strong>.;</strong></span> <span class='ocrx_word' id='word_1_188' title='bbox 1696 1334 1864 1369; x_wconf 88' lang='lat' dir='ltr'><strong>adhiben-</strong></span> 
     </span>
     <span class='ocr_line' id='line_1_21' title="bbox 95 1386 1865 1432; baseline 0 -10"><span class='ocrx_word' id='word_1_189' title='bbox 95 1390 155 1422; x_wconf 87' lang='lat' dir='ltr'><strong>tur</strong></span> <span class='ocrx_word' id='word_1_190' title='bbox 257 1398 382 1421; x_wconf 84' lang='lat' dir='ltr'><strong>sacrae</strong></span> <span class='ocrx_word' id='word_1_191' title='bbox 409 1386 652 1432; x_wconf 86' lang='lat' dir='ltr'><strong>adjurationes</strong></span> <span class='ocrx_word' id='word_1_192' title='bbox 757 1386 1064 1421; x_wconf 86' lang='lat' dir='ltr'><strong>Cacodoemonum</strong></span> <span class='ocrx_word' id='word_1_193' title='bbox 1082 1387 1159 1421; x_wconf 88' lang='lat' dir='ltr'><strong>seni</strong></span> <span class='ocrx_word' id='word_1_194' title='bbox 1183 1388 1339 1431; x_wconf 89' lang='lat' dir='ltr'><strong>migrare</strong></span> <span class='ocrx_word' id='word_1_195' title='bbox 1358 1388 1554 1431; x_wconf 67' lang='lat' dir='ltr'><strong>coguntur‘</strong></span> <span class='ocrx_word' id='word_1_196' title='bbox 1577 1387 1615 1431; x_wconf 91' lang='lat' dir='ltr'><strong>(l.</strong></span> <span class='ocrx_word' id='word_1_197' title='bbox 1636 1399 1664 1422; x_wconf 93' lang='lat' dir='ltr'><strong>c.</strong></span> <span class='ocrx_word' id='word_1_198' title='bbox 1684 1388 1709 1429; x_wconf 85' lang='lat' dir='ltr'><strong>I,</strong></span> <span class='ocrx_word' id='word_1_199' title='bbox 1728 1387 1814 1422; x_wconf 89' lang='lat' dir='ltr'><strong>Dec.</strong></span> <span class='ocrx_word' id='word_1_200' title='bbox 1833 1388 1865 1429; x_wconf 85' lang='lat'><strong>3,</strong></span> 
     </span>
     <span class='ocr_line' id='line_1_22' title="bbox 97 1439 1865 1486; baseline -0.001 -10"><span class='ocrx_word' id='word_1_201' title='bbox 97 1454 130 1476; x_wconf 90' lang='lat' dir='ltr'><strong>n.</strong></span> <span class='ocrx_word' id='word_1_202' title='bbox 158 1440 256 1484; x_wconf 78' lang='lat'><strong>221).</strong></span> <span class='ocrx_word' id='word_1_203' title='bbox 308 1439 506 1485; x_wconf 87' lang='lat' dir='ltr'><strong>Septimum</strong></span> <span class='ocrx_word' id='word_1_204' title='bbox 542 1439 708 1475; x_wconf 86' lang='lat' dir='ltr'><strong>Canisius</strong></span> <span class='ocrx_word' id='word_1_205' title='bbox 744 1439 916 1484; x_wconf 87' lang='lat' dir='ltr'><strong>Ottingae</strong></span> <span class='ocrx_word' id='word_1_206' title='bbox 934 1440 1080 1475; x_wconf 85' lang='lat' dir='ltr'><strong>Veteris</strong></span> <span class='ocrx_word' id='word_1_207' title='bbox 1115 1441 1274 1486; x_wconf 79' lang='lat' dir='ltr'><strong>expulit3</strong></span> <span class='ocrx_word' id='word_1_208' title='bbox 1309 1443 1435 1486; x_wconf 88' lang='lat' dir='ltr'><strong>postea</strong></span> <span class='ocrx_word' id='word_1_209' title='bbox 1469 1443 1544 1475; x_wconf 89' lang='lat' dir='ltr'><strong>tres</strong></span> <span class='ocrx_word' id='word_1_210' title='bbox 1579 1440 1640 1475; x_wconf 85' lang='lat' dir='ltr'><strong>alii</strong></span> <span class='ocrx_word' id='word_1_211' title='bbox 1675 1441 1865 1476; x_wconf 87' lang='lat' dir='ltr'><strong>daemones</strong></span> 
     </span>
     <span class='ocr_line' id='line_1_23' title="bbox 97 1493 1867 1539; baseline 0.001 -11"><span class='ocrx_word' id='word_1_212' title='bbox 97 1495 239 1528; x_wconf 87' lang='lat' dir='ltr'><strong>Annam</strong></span> <span class='ocrx_word' id='word_1_213' title='bbox 265 1493 459 1535; x_wconf 88' lang='lat' dir='ltr'><strong>obsedisse,</strong></span> <span class='ocrx_word' id='word_1_214' title='bbox 492 1505 555 1538; x_wconf 91' lang='lat' dir='ltr'><strong>per</strong></span> <span class='ocrx_word' id='word_1_215' title='bbox 582 1493 766 1528; x_wconf 89' lang='lat' dir='ltr'><strong>Canisium</strong></span> <span class='ocrx_word' id='word_1_216' title='bbox 792 1506 878 1528; x_wconf 88' lang='lat' dir='ltr'><strong>vero</strong></span> <span class='ocrx_word' id='word_1_217' title='bbox 906 1506 951 1528; x_wconf 77' lang='lat' dir='ltr'><strong>ex</strong></span> <span class='ocrx_word' id='word_1_218' title='bbox 977 1506 1018 1528; x_wconf 89' lang='lat' dir='ltr'><strong>ea</strong></span> <span class='ocrx_word' id='word_1_219' title='bbox 1045 1494 1149 1529; x_wconf 85' lang='lat' dir='ltr'><strong>eiecti</strong></span> <span class='ocrx_word' id='word_1_220' title='bbox 1176 1506 1256 1529; x_wconf 89' lang='lat' dir='ltr'><strong>esse</strong></span> <span class='ocrx_word' id='word_1_221' title='bbox 1282 1494 1469 1535; x_wconf 87' lang='lat' dir='ltr'><strong>videntur;</strong></span> <span class='ocrx_word' id='word_1_222' title='bbox 1507 1494 1549 1528; x_wconf 91' lang='lat' dir='ltr'><strong>de</strong></span> <span class='ocrx_word' id='word_1_223' title='bbox 1577 1506 1647 1539; x_wconf 89' lang='lat' dir='ltr'><strong>qua</strong></span> <span class='ocrx_word' id='word_1_224' title='bbox 1674 1507 1711 1529; x_wconf 92' lang='lat' dir='ltr'><strong>re</strong></span> <span class='ocrx_word' id='word_1_225' title='bbox 1737 1497 1867 1538; x_wconf 85' lang='lat' dir='ltr'><strong>agetur</strong></span> 
     </span>
     <span class='ocr_line' id='line_1_24' title="bbox 97 1547 502 1590; baseline -0.005 -8"><span class='ocrx_word' id='word_1_226' title='bbox 97 1548 203 1590; x_wconf 86' lang='lat' dir='ltr'><strong>infra,</strong></span> <span class='ocrx_word' id='word_1_227' title='bbox 229 1559 324 1582; x_wconf 90' lang='lat' dir='ltr'><strong>mon.</strong></span> <span class='ocrx_word' id='word_1_228' title='bbox 350 1549 415 1581; x_wconf 89' lang='lat' dir='ltr'><strong>ott.</strong></span> <span class='ocrx_word' id='word_1_229' title='bbox 436 1547 502 1590; x_wconf 86' lang='lat'><strong>(2).</strong></span> 
     </span>
    </p>

    <p class='ocr_par' dir='ltr' id='par_1_6' title="bbox 97 1599 1871 2824">
     <span class='ocr_line' id='line_1_25' title="bbox 219 1599 1864 1645; baseline 0.001 -11"><span class='ocrx_word' id='word_1_230' title='bbox 219 1600 409 1635; x_wconf 84' lang='lat' dir='ltr'><strong>Caeterum</strong></span> <span class='ocrx_word' id='word_1_231' title='bbox 436 1599 602 1634; x_wconf 88' lang='lat' dir='ltr'><strong>Canisius</strong></span> <span class='ocrx_word' id='word_1_232' title='bbox 628 1600 907 1645; x_wconf 86' lang='lat' dir='ltr'><strong>prudentissime</strong></span> <span class='ocrx_word' id='word_1_233' title='bbox 935 1600 1019 1645; x_wconf 86' lang='lat' dir='ltr'><strong>egit,</strong></span> <span class='ocrx_word' id='word_1_234' title='bbox 1056 1613 1135 1636; x_wconf 88' lang='lat' dir='ltr'><strong>cum</strong></span> <span class='ocrx_word' id='word_1_235' title='bbox 1173 1613 1213 1635; x_wconf 91' lang='lat' dir='ltr'><strong>eo</strong></span> <span class='ocrx_word' id='word_1_236' title='bbox 1240 1601 1357 1635; x_wconf 86' lang='lat' dir='ltr'><strong>officio</strong></span> <span class='ocrx_word' id='word_1_237' title='bbox 1393 1613 1431 1635; x_wconf 91' lang='lat' dir='ltr'><strong>se</strong></span> <span class='ocrx_word' id='word_1_238' title='bbox 1467 1601 1620 1636; x_wconf 88' lang='lat' dir='ltr'><strong>liberare</strong></span> <span class='ocrx_word' id='word_1_239' title='bbox 1655 1604 1864 1638; x_wconf 81' lang='lat' dir='ltr'><strong>conaretur:</strong></span> 
     </span>
     <span class='ocr_line' id='line_1_26' title="bbox 97 1654 1865 1698; baseline 0 -9"><span class='ocrx_word' id='word_1_240' title='bbox 97 1666 178 1689; x_wconf 91' lang='lat' dir='ltr'><strong>nam</strong></span> <span class='ocrx_word' id='word_1_241' title='bbox 199 1654 410 1689; x_wconf 84' lang='lat' dir='ltr'><strong>exorcismis</strong></span> <span class='ocrx_word' id='word_1_242' title='bbox 429 1654 508 1688; x_wconf 91' lang='lat' dir='ltr'><strong>istis</strong></span> <span class='ocrx_word' id='word_1_243' title='bbox 523 1654 705 1688; x_wconf 84' lang='lat' dir='ltr'><strong>Sociorum</strong></span> <span class='ocrx_word' id='word_1_244' title='bbox 725 1654 924 1689; x_wconf 88' lang='lat' dir='ltr'><strong>adversarii</strong></span> <span class='ocrx_word' id='word_1_245' title='bbox 942 1655 1137 1698; x_wconf 87' lang='lat' dir='ltr'><strong>augustani</strong></span> <span class='ocrx_word' id='word_1_246' title='bbox 1155 1655 1198 1689; x_wconf 92' lang='lat' dir='ltr'><strong>ad</strong></span> <span class='ocrx_word' id='word_1_247' title='bbox 1217 1654 1390 1689; x_wconf 88' lang='lat' dir='ltr'><strong>invidiam</strong></span> <span class='ocrx_word' id='word_1_248' title='bbox 1408 1655 1452 1689; x_wconf 91' lang='lat' dir='ltr'><strong>iis</strong></span> <span class='ocrx_word' id='word_1_249' title='bbox 1470 1655 1673 1689; x_wconf 87' lang='lat' dir='ltr'><strong>faciendam</strong></span> <span class='ocrx_word' id='word_1_250' title='bbox 1691 1655 1747 1689; x_wconf 89' lang='lat' dir='ltr'><strong>usi</strong></span> <span class='ocrx_word' id='word_1_251' title='bbox 1764 1657 1865 1696; x_wconf 87' lang='lat' dir='ltr'><strong>sunt;</strong></span> 
     </span>
     <span class='ocr_line' id='line_1_27' title="bbox 98 1707 1867 1753; baseline 0 -11"><span class='ocrx_word' id='word_1_252' title='bbox 98 1708 200 1742; x_wconf 91' lang='lat' dir='ltr'><strong>velut</strong></span> <span class='ocrx_word' id='word_1_253' title='bbox 225 1719 306 1742; x_wconf 89' lang='lat' dir='ltr'><strong>cum</strong></span> <span class='ocrx_word' id='word_1_254' title='bbox 333 1707 540 1742; x_wconf 84' lang='lat' dir='ltr'><strong>cathedrale</strong></span> <span class='ocrx_word' id='word_1_255' title='bbox 570 1708 774 1752; x_wconf 78' lang='lat' dir='ltr'><strong>Capitulum</strong></span> <span class='ocrx_word' id='word_1_256' title='bbox 793 1710 1044 1753; x_wconf 66' lang='lat' dir='ltr'><strong>Auyustanum</strong></span> <span class='ocrx_word' id='word_1_257' title='bbox 1063 1709 1230 1752; x_wconf 88' lang='lat' dir='ltr'><strong>Augusta</strong></span> <span class='ocrx_word' id='word_1_258' title='bbox 1251 1709 1304 1743; x_wconf 79' lang='lat'><strong>18.</strong></span> <span class='ocrx_word' id='word_1_259' title='bbox 1320 1708 1401 1743; x_wconf 90' lang='lat' dir='ltr'><strong>Iulii</strong></span> <span class='ocrx_word' id='word_1_260' title='bbox 1423 1708 1512 1743; x_wconf 82' lang='lat'>1573</span> <span class='ocrx_word' id='word_1_261' title='bbox 1539 1708 1684 1743; x_wconf 89' lang='lat' dir='ltr'><strong>Doctori</strong></span> <span class='ocrx_word' id='word_1_262' title='bbox 1703 1708 1867 1743; x_wconf 88' lang='lat' dir='ltr'><strong>Andreae</strong></span> 
     </span>
     <span class='ocr_line' id='line_1_28' title="bbox 97 1761 1866 1807; baseline 0.001 -12"><span class='ocrx_word' id='word_1_263' title='bbox 97 1761 265 1807; x_wconf 82' lang='lat' dir='ltr'><strong>Riparolo</strong></span> <span class='ocrx_word' id='word_1_264' title='bbox 290 1761 514 1806; x_wconf 87' lang='lat' dir='ltr'><strong>procuratori</strong></span> <span class='ocrx_word' id='word_1_265' title='bbox 545 1773 609 1795; x_wconf 90' lang='lat' dir='ltr'><strong>suo</strong></span> <span class='ocrx_word' id='word_1_266' title='bbox 635 1773 781 1797; x_wconf 88' lang='lat' dir='ltr'><strong>romano</strong></span> <span class='ocrx_word' id='word_1_267' title='bbox 814 1762 857 1796; x_wconf 92' lang='lat' dir='ltr'><strong>de</strong></span> <span class='ocrx_word' id='word_1_268' title='bbox 884 1761 997 1796; x_wconf 88' lang='lat' dir='ltr'><strong>Sociis</strong></span> <span class='ocrx_word' id='word_1_269' title='bbox 1024 1762 1238 1805; x_wconf 85' lang='lat' dir='ltr'><strong>augustanis</strong></span> <span class='ocrx_word' id='word_1_270' title='bbox 1267 1762 1509 1807; x_wconf 85' lang='lat' dir='ltr'><strong>(potissimum</strong></span> <span class='ocrx_word' id='word_1_271' title='bbox 1536 1762 1607 1796; x_wconf 85' lang='lat' dir='ltr'><strong>PP.</strong></span> <span class='ocrx_word' id='word_1_272' title='bbox 1635 1761 1866 1796; x_wconf 87' lang='lat' dir='ltr'><strong>Guilielmum</strong></span> 
     </span>
     <span class='ocr_line' id='line_1_29' title="bbox 97 1814 1868 1861; baseline 0 -11"><span class='ocrx_word' id='word_1_273' title='bbox 97 1815 252 1850; x_wconf 84' lang='lat' dir='ltr'><strong>Elderen</strong></span> <span class='ocrx_word' id='word_1_274' title='bbox 288 1817 324 1849; x_wconf 86' lang='lat' dir='ltr'><strong>et</strong></span> <span class='ocrx_word' id='word_1_275' title='bbox 349 1814 605 1849; x_wconf 86' lang='lat' dir='ltr'><strong>Wendelinum</strong></span> <span class='ocrx_word' id='word_1_276' title='bbox 631 1814 747 1849; x_wconf 75' lang='lat' dir='ltr'><strong>Volck</strong></span> <span class='ocrx_word' id='word_1_277' title='bbox 773 1815 1000 1859; x_wconf 86' lang='lat' dir='ltr'><strong>significans)</strong></span> <span class='ocrx_word' id='word_1_278' title='bbox 1028 1815 1223 1861; x_wconf 63' lang='lat' dir='ltr'><strong>÷÷scripsit:</strong></span> <span class='ocrx_word' id='word_1_279' title='bbox 1260 1814 1360 1856; x_wconf 79' lang='lat' dir='ltr'><strong>Quod</strong></span> <span class='ocrx_word' id='word_1_280' title='bbox 1388 1817 1576 1859; x_wconf 83' lang='lat' dir='ltr'><strong>Augustae</strong></span> <span class='ocrx_word' id='word_1_281' title='bbox 1611 1815 1694 1850; x_wconf 88' lang='lat' dir='ltr'><strong>laici</strong></span> <span class='ocrx_word' id='word_1_282' title='bbox 1730 1814 1868 1860; x_wconf 82' lang='lat' dir='ltr'><strong>aliquot</strong></span> 
     </span>
     <span class='ocr_line' id='line_1_30' title="bbox 99 1868 1868 1914; baseline 0.001 -12"><span class='ocrx_word' id='word_1_283' title='bbox 99 1868 255 1914; x_wconf 89' lang='lat' dir='ltr'><strong>capitulo</strong></span> <span class='ocrx_word' id='word_1_284' title='bbox 293 1868 408 1903; x_wconf 90' lang='lat' dir='ltr'><strong>invito</strong></span> <span class='ocrx_word' id='word_1_285' title='bbox 435 1868 652 1903; x_wconf 84' lang='lat' dir='ltr'><strong>monasterio</strong></span> <span class='ocrx_word' id='word_1_286' title='bbox 679 1868 833 1903; x_wconf 83' lang='lat' dir='ltr'><strong>Sanctae</strong></span> <span class='ocrx_word' id='word_1_287' title='bbox 861 1868 986 1903; x_wconf 88' lang='lat' dir='ltr'><strong>Crucis</strong></span> <span class='ocrx_word' id='word_1_288' title='bbox 1013 1869 1056 1903; x_wconf 88' lang='lat' dir='ltr'><strong>ad</strong></span> <span class='ocrx_word' id='word_1_289' title='bbox 1082 1869 1238 1904; x_wconf 89' lang='lat' dir='ltr'><strong>Iesuitas</strong></span> <span class='ocrx_word' id='word_1_290' title='bbox 1263 1868 1516 1903; x_wconf 88' lang='lat' dir='ltr'><strong>transferendo</strong></span> <span class='ocrx_word' id='word_1_291' title='bbox 1542 1868 1705 1903; x_wconf 88' lang='lat' dir='ltr'><strong>sedulam</strong></span> <span class='ocrx_word' id='word_1_292' title='bbox 1732 1873 1868 1903; x_wconf 85' lang='lat' dir='ltr'><strong>navant</strong></span> 
     </span>
     <span class='ocr_line' id='line_1_31' title="bbox 99 1921 1867 1968; baseline 0.001 -12"><span class='ocrx_word' id='word_1_293' title='bbox 99 1934 254 1968; x_wconf 89' lang='lat' dir='ltr'><strong>operam,</strong></span> <span class='ocrx_word' id='word_1_294' title='bbox 289 1921 401 1966; x_wconf 87' lang='lat' dir='ltr'><strong>aliqui</strong></span> <span class='ocrx_word' id='word_1_295' title='bbox 428 1934 468 1956; x_wconf 89' lang='lat' dir='ltr'><strong>eo</strong></span> <span class='ocrx_word' id='word_1_296' title='bbox 494 1921 572 1956; x_wconf 87' lang='lat' dir='ltr'><strong>fieri</strong></span> <span class='ocrx_word' id='word_1_297' title='bbox 597 1923 737 1967; x_wconf 87' lang='lat' dir='ltr'><strong>putant,</strong></span> <span class='ocrx_word' id='word_1_298' title='bbox 770 1923 864 1967; x_wconf 92' lang='lat' dir='ltr'><strong>quod</strong></span> <span class='ocrx_word' id='word_1_299' title='bbox 896 1922 986 1965; x_wconf 85' lang='lat' dir='ltr'><strong>„isti‚</strong></span> <span class='ocrx_word' id='word_1_300' title='bbox 1021 1934 1042 1957; x_wconf 91' lang='lat' dir='ltr'><strong>a</strong></span> <span class='ocrx_word' id='word_1_301' title='bbox 1068 1923 1144 1957; x_wconf 91' lang='lat' dir='ltr'><strong>suis</strong></span> <span class='ocrx_word' id='word_1_302' title='bbox 1172 1923 1345 1957; x_wconf 80' lang='lat' dir='ltr'><strong>vxoribus</strong></span> <span class='ocrx_word' id='word_1_303' title='bbox 1372 1922 1526 1968; x_wconf 85' lang='lat' dir='ltr'><strong>alijsque</strong></span> <span class='ocrx_word' id='word_1_304' title='bbox 1552 1934 1616 1968; x_wconf 89' lang='lat' dir='ltr'><strong>per</strong></span> <span class='ocrx_word' id='word_1_305' title='bbox 1642 1922 1766 1968; x_wconf 88' lang='lat' dir='ltr'><strong>paucis</strong></span> <span class='ocrx_word' id='word_1_306' title='bbox 1794 1935 1867 1957; x_wconf 90' lang='lat' dir='ltr'><strong>mu-</strong></span> 
     </span>
     <span class='ocr_line' id='line_1_32' title="bbox 99 1975 1867 2021; baseline 0 -11"><span class='ocrx_word' id='word_1_307' title='bbox 99 1976 247 2010; x_wconf 88' lang='lat' dir='ltr'><strong>lieribus</strong></span> <span class='ocrx_word' id='word_1_308' title='bbox 272 1975 345 2010; x_wconf 90' lang='lat' dir='ltr'><strong>illis</strong></span> <span class='ocrx_word' id='word_1_309' title='bbox 371 1975 550 2010; x_wconf 85' lang='lat' dir='ltr'><strong>affinitate</strong></span> <span class='ocrx_word' id='word_1_310' title='bbox 576 1978 612 2010; x_wconf 87' lang='lat' dir='ltr'><strong>et</strong></span> <span class='ocrx_word' id='word_1_311' title='bbox 638 1976 851 2019; x_wconf 84' lang='lat' dir='ltr'><strong>cognatione</strong></span> <span class='ocrx_word' id='word_1_312' title='bbox 878 1976 1020 2017; x_wconf 88' lang='lat' dir='ltr'><strong>iunctis,</strong></span> <span class='ocrx_word' id='word_1_313' title='bbox 1054 1987 1096 2010; x_wconf 87' lang='lat' dir='ltr'><strong>ac</strong></span> <span class='ocrx_word' id='word_1_314' title='bbox 1122 1988 1142 2010; x_wconf 89' lang='lat' dir='ltr'><strong>a</strong></span> <span class='ocrx_word' id='word_1_315' title='bbox 1169 1976 1320 2011; x_wconf 85' lang='lat' dir='ltr'><strong>Jesuitis</strong></span> <span class='ocrx_word' id='word_1_316' title='bbox 1348 1976 1398 2010; x_wconf 88' lang='lat' dir='ltr'><strong>ita</strong></span> <span class='ocrx_word' id='word_1_317' title='bbox 1424 1975 1619 2021; x_wconf 85' lang='lat' dir='ltr'><strong>persuasis,</strong></span> <span class='ocrx_word' id='word_1_318' title='bbox 1652 1988 1692 2010; x_wconf 93' lang='lat' dir='ltr'><strong>eo</strong></span> <span class='ocrx_word' id='word_1_319' title='bbox 1719 1976 1792 2010; x_wconf 89' lang='lat' dir='ltr'><strong>sint</strong></span> <span class='ocrx_word' id='word_1_320' title='bbox 1818 1977 1867 2010; x_wconf 90' lang='lat' dir='ltr'><strong>in-</strong></span> 
     </span>
     <span class='ocr_line' id='line_1_33' title="bbox 99 2028 1868 2074; baseline -0.001 -10"><span class='ocrx_word' id='word_1_321' title='bbox 99 2030 207 2071; x_wconf 85' lang='lat' dir='ltr'><strong>ducti,</strong></span> <span class='ocrx_word' id='word_1_322' title='bbox 234 2031 275 2063; x_wconf 92' lang='lat' dir='ltr'><strong>ut</strong></span> <span class='ocrx_word' id='word_1_323' title='bbox 300 2028 389 2074; x_wconf 86' lang='lat' dir='ltr'><strong>ipsis</strong></span> <span class='ocrx_word' id='word_1_324' title='bbox 407 2029 560 2064; x_wconf 85' lang='lat' dir='ltr'><strong>Jesuitis</strong></span> <span class='ocrx_word' id='word_1_325' title='bbox 587 2041 648 2074; x_wconf 88' lang='lat' dir='ltr'><strong>pro</strong></span> <span class='ocrx_word' id='word_1_326' title='bbox 667 2029 887 2064; x_wconf 88' lang='lat' dir='ltr'><strong>Monasterio</strong></span> <span class='ocrx_word' id='word_1_327' title='bbox 914 2029 1088 2064; x_wconf 86' lang='lat' dir='ltr'><strong>laborent.</strong></span> <span class='ocrx_word' id='word_1_328' title='bbox 1133 2030 1180 2064; x_wconf 87' lang='lat' dir='ltr'><strong>Jd</strong></span> <span class='ocrx_word' id='word_1_329' title='bbox 1207 2030 1301 2074; x_wconf 92' lang='lat' dir='ltr'><strong>quod</strong></span> <span class='ocrx_word' id='word_1_330' title='bbox 1327 2032 1429 2064; x_wconf 80' lang='lat' dir='ltr'><strong>tanto</strong></span> <span class='ocrx_word' id='word_1_331' title='bbox 1456 2029 1599 2064; x_wconf 89' lang='lat' dir='ltr'><strong>uidetur</strong></span> <span class='ocrx_word' id='word_1_332' title='bbox 1625 2029 1868 2067; x_wconf 76' lang='lat' dir='ltr'><strong>uerisimilius,</strong></span> 
     </span>
     <span class='ocr_line' id='line_1_34' title="bbox 100 2082 1869 2128; baseline -0.001 -10"><span class='ocrx_word' id='word_1_333' title='bbox 100 2094 181 2118; x_wconf 89' lang='lat' dir='ltr'><strong>cum</strong></span> <span class='ocrx_word' id='word_1_334' title='bbox 207 2084 358 2124; x_wconf 88' lang='lat' dir='ltr'><strong>constet,</strong></span> <span class='ocrx_word' id='word_1_335' title='bbox 386 2082 546 2127; x_wconf 89' lang='lat' dir='ltr'><strong>adeoque</strong></span> <span class='ocrx_word' id='word_1_336' title='bbox 572 2082 608 2116; x_wconf 91' lang='lat' dir='ltr'><strong>in</strong></span> <span class='ocrx_word' id='word_1_337' title='bbox 633 2082 701 2117; x_wconf 89' lang='lat' dir='ltr'><strong>hac</strong></span> <span class='ocrx_word' id='word_1_338' title='bbox 719 2084 934 2127; x_wconf 88' lang='lat' dir='ltr'><strong>Augustana</strong></span> <span class='ocrx_word' id='word_1_339' title='bbox 962 2083 1111 2118; x_wconf 85' lang='lat' dir='ltr'><strong>ciuitate</strong></span> <span class='ocrx_word' id='word_1_340' title='bbox 1129 2084 1306 2118; x_wconf 87' lang='lat' dir='ltr'><strong>notorium</strong></span> <span class='ocrx_word' id='word_1_341' title='bbox 1333 2084 1391 2125; x_wconf 92' lang='lat' dir='ltr'><strong>sit,</strong></span> <span class='ocrx_word' id='word_1_342' title='bbox 1420 2083 1581 2118; x_wconf 83' lang='lat' dir='ltr'><strong>Jesuitas</strong></span> <span class='ocrx_word' id='word_1_343' title='bbox 1607 2094 1647 2117; x_wconf 90' lang='lat' dir='ltr'><strong>se</strong></span> <span class='ocrx_word' id='word_1_344' title='bbox 1672 2083 1869 2128; x_wconf 87' lang='lat' dir='ltr'><strong>puerilibus</strong></span> 
     </span>
     <span class='ocr_line' id='line_1_35' title="bbox 102 2136 1869 2181; baseline -0.001 -10"><span class='ocrx_word' id='word_1_345' title='bbox 102 2136 191 2178; x_wconf 82' lang='lat' dir='ltr'><strong>istis,</strong></span> <span class='ocrx_word' id='word_1_346' title='bbox 227 2136 289 2171; x_wconf 87' lang='lat' dir='ltr'><strong>sed</strong></span> <span class='ocrx_word' id='word_1_347' title='bbox 325 2136 468 2170; x_wconf 90' lang='lat' dir='ltr'><strong>interim</strong></span> <span class='ocrx_word' id='word_1_348' title='bbox 494 2138 616 2170; x_wconf 85' lang='lat' dir='ltr'><strong>tamen</strong></span> <span class='ocrx_word' id='word_1_349' title='bbox 643 2136 815 2171; x_wconf 89' lang='lat' dir='ltr'><strong>diuitibus</strong></span> <span class='ocrx_word' id='word_1_350' title='bbox 841 2136 1065 2171; x_wconf 87' lang='lat' dir='ltr'><strong>mulierculis</strong></span> <span class='ocrx_word' id='word_1_351' title='bbox 1092 2136 1221 2171; x_wconf 89' lang='lat' dir='ltr'><strong>callide</strong></span> <span class='ocrx_word' id='word_1_352' title='bbox 1248 2137 1439 2171; x_wconf 83' lang='lat' dir='ltr'><strong>admodum</strong></span> <span class='ocrx_word' id='word_1_353' title='bbox 1472 2138 1508 2170; x_wconf 92' lang='lat' dir='ltr'><strong>et</strong></span> <span class='ocrx_word' id='word_1_354' title='bbox 1534 2137 1725 2178; x_wconf 88' lang='lat' dir='ltr'><strong>subtiliter,</strong></span> <span class='ocrx_word' id='word_1_355' title='bbox 1761 2148 1869 2181; x_wconf 89' lang='lat' dir='ltr'><strong>quan-</strong></span> 
     </span>
     <span class='ocr_line' id='line_1_36' title="bbox 102 2189 1869 2235; baseline 0.001 -12"><span class='ocrx_word' id='word_1_356' title='bbox 102 2201 209 2234; x_wconf 86' lang='lat' dir='ltr'><strong>quam</strong></span> <span class='ocrx_word' id='word_1_357' title='bbox 228 2192 350 2224; x_wconf 88' lang='lat' dir='ltr'><strong>tamen</strong></span> <span class='ocrx_word' id='word_1_358' title='bbox 369 2189 582 2234; x_wconf 90' lang='lat' dir='ltr'><strong>quandoque</strong></span> <span class='ocrx_word' id='word_1_359' title='bbox 608 2201 671 2235; x_wconf 89' lang='lat' dir='ltr'><strong>per</strong></span> <span class='ocrx_word' id='word_1_360' title='bbox 689 2190 812 2224; x_wconf 87' lang='lat' dir='ltr'><strong>modos</strong></span> <span class='ocrx_word' id='word_1_361' title='bbox 831 2190 987 2225; x_wconf 82' lang='lat' dir='ltr'><strong>uetitosd</strong></span> <span class='ocrx_word' id='word_1_362' title='bbox 1012 2189 1228 2224; x_wconf 86' lang='lat' dir='ltr'><strong>mirabiliter</strong></span> <span class='ocrx_word' id='word_1_363' title='bbox 1252 2190 1474 2231; x_wconf 84' lang='lat' dir='ltr'><strong>insinuasse;</strong></span> <span class='ocrx_word' id='word_1_364' title='bbox 1502 2190 1586 2224; x_wconf 86' lang='lat' dir='ltr'><strong>dum</strong></span> <span class='ocrx_word' id='word_1_365' title='bbox 1612 2190 1663 2224; x_wconf 91' lang='lat' dir='ltr'><strong>eis</strong></span> <span class='ocrx_word' id='word_1_366' title='bbox 1689 2191 1752 2224; x_wconf 79' lang='lat' dir='ltr'><strong>uix</strong></span> <span class='ocrx_word' id='word_1_367' title='bbox 1778 2190 1869 2224; x_wconf 87' lang='lat' dir='ltr'><strong>rudi-</strong></span> 
     </span>
     <span class='ocr_line' id='line_1_37' title="bbox 100 2242 1869 2288; baseline 0 -11"><span class='ocrx_word' id='word_1_368' title='bbox 100 2245 222 2277; x_wconf 86' lang='lat' dir='ltr'><strong>menta</strong></span> <span class='ocrx_word' id='word_1_369' title='bbox 248 2254 290 2277; x_wconf 90' lang='lat' dir='ltr'><strong>ac</strong></span> <span class='ocrx_word' id='word_1_370' title='bbox 316 2242 439 2277; x_wconf 89' lang='lat' dir='ltr'><strong>infima</strong></span> <span class='ocrx_word' id='word_1_371' title='bbox 465 2254 629 2287; x_wconf 87' lang='lat' dir='ltr'><strong>quaeque</strong></span> <span class='ocrx_word' id='word_1_372' title='bbox 654 2243 830 2288; x_wconf 88' lang='lat' dir='ltr'><strong>principia</strong></span> <span class='ocrx_word' id='word_1_373' title='bbox 848 2243 1100 2278; x_wconf 85' lang='lat' dir='ltr'><strong>sanctissimae</strong></span> <span class='ocrx_word' id='word_1_374' title='bbox 1118 2243 1304 2287; x_wconf 85' lang='lat' dir='ltr'><strong>religionis</strong></span> <span class='ocrx_word' id='word_1_375' title='bbox 1319 2243 1545 2279; x_wconf 88' lang='lat' dir='ltr'><strong>Christianae</strong></span> <span class='ocrx_word' id='word_1_376' title='bbox 1571 2243 1869 2287; x_wconf 81' lang='lat' dir='ltr'><strong>intelligentibus,</strong></span> 
     </span>
     <span class='ocr_line' id='line_1_38' title="bbox 101 2296 1869 2342; baseline 0 -11"><span class='ocrx_word' id='word_1_377' title='bbox 101 2300 164 2331; x_wconf 89' lang='lat' dir='ltr'><strong>aut</strong></span> <span class='ocrx_word' id='word_1_378' title='bbox 190 2296 297 2331; x_wconf 89' lang='lat' dir='ltr'><strong>etiam</strong></span> <span class='ocrx_word' id='word_1_379' title='bbox 333 2308 396 2341; x_wconf 92' lang='lat' dir='ltr'><strong>pro</strong></span> <span class='ocrx_word' id='word_1_380' title='bbox 422 2296 631 2331; x_wconf 87' lang='lat' dir='ltr'><strong>infirmitate</strong></span> <span class='ocrx_word' id='word_1_381' title='bbox 657 2308 767 2331; x_wconf 81' lang='lat' dir='ltr'><strong>sexus</strong></span> <span class='ocrx_word' id='word_1_382' title='bbox 803 2297 1039 2342; x_wconf 83' lang='lat' dir='ltr'><strong>capientibus,</strong></span> <span class='ocrx_word' id='word_1_383' title='bbox 1075 2309 1209 2332; x_wconf 88' lang='lat' dir='ltr'><strong>arcana</strong></span> <span class='ocrx_word' id='word_1_384' title='bbox 1242 2297 1325 2332; x_wconf 90' lang='lat' dir='ltr'><strong>fidei</strong></span> <span class='ocrx_word' id='word_1_385' title='bbox 1351 2297 1525 2338; x_wconf 89' lang='lat' dir='ltr'><strong>misteria,</strong></span> <span class='ocrx_word' id='word_1_386' title='bbox 1561 2297 1730 2342; x_wconf 89' lang='lat' dir='ltr'><strong>ipsosque</strong></span> <span class='ocrx_word' id='word_1_387' title='bbox 1757 2296 1869 2331; x_wconf 89' lang='lat' dir='ltr'><strong>Theo-</strong></span> 
     </span>
     <span class='ocr_line' id='line_1_39' title="bbox 100 2349 1869 2395; baseline 0.001 -11"><span class='ocrx_word' id='word_1_388' title='bbox 100 2350 218 2394; x_wconf 87' lang='lat' dir='ltr'><strong>logiae</strong></span> <span class='ocrx_word' id='word_1_389' title='bbox 243 2350 365 2395; x_wconf 85' lang='lat' dir='ltr'><strong>apices</strong></span> <span class='ocrx_word' id='word_1_390' title='bbox 391 2349 627 2391; x_wconf 85' lang='lat' dir='ltr'><strong>tradiderunt,</strong></span> <span class='ocrx_word' id='word_1_391' title='bbox 655 2361 767 2394; x_wconf 92' lang='lat' dir='ltr'><strong>eoque</strong></span> <span class='ocrx_word' id='word_1_392' title='bbox 794 2351 1016 2385; x_wconf 87' lang='lat' dir='ltr'><strong>deuenerunt</strong></span> <span class='ocrx_word' id='word_1_393' title='bbox 1043 2351 1121 2386; x_wconf 91' lang='lat' dir='ltr'><strong>siue</strong></span> <span class='ocrx_word' id='word_1_394' title='bbox 1147 2351 1417 2395; x_wconf 79' lang='lat' dir='ltr'><strong>incogItantiae,</strong></span> <span class='ocrx_word' id='word_1_395' title='bbox 1447 2351 1524 2385; x_wconf 90' lang='lat' dir='ltr'><strong>siue</strong></span> <span class='ocrx_word' id='word_1_396' title='bbox 1551 2350 1643 2385; x_wconf 88' lang='lat' dir='ltr'><strong>alius</strong></span> <span class='ocrx_word' id='word_1_397' title='bbox 1670 2350 1788 2385; x_wconf 87' lang='lat' dir='ltr'><strong>illiciti</strong></span> <span class='ocrx_word' id='word_1_398' title='bbox 1814 2363 1869 2386; x_wconf 90' lang='lat' dir='ltr'><strong>co-</strong></span> 
     </span>
     <span class='ocr_line' id='line_1_40' title="bbox 100 2403 1870 2445; baseline 0.001 -8"><span class='ocrx_word' id='word_1_399' title='bbox 100 2403 265 2445; x_wconf 89' lang='lat' dir='ltr'><strong>naminis,</strong></span> <span class='ocrx_word' id='word_1_400' title='bbox 300 2406 341 2437; x_wconf 89' lang='lat' dir='ltr'><strong>ut</strong></span> <span class='ocrx_word' id='word_1_401' title='bbox 376 2404 412 2437; x_wconf 89' lang='lat' dir='ltr'><strong>et</strong></span> <span class='ocrx_word' id='word_1_402' title='bbox 446 2403 590 2438; x_wconf 90' lang='lat' dir='ltr'><strong>easdem</strong></span> <span class='ocrx_word' id='word_1_403' title='bbox 625 2403 857 2438; x_wconf 89' lang='lat' dir='ltr'><strong>mulierculas</strong></span> <span class='ocrx_word' id='word_1_404' title='bbox 892 2416 962 2438; x_wconf 90' lang='lat' dir='ltr'><strong>non</strong></span> <span class='ocrx_word' id='word_1_405' title='bbox 997 2404 1113 2439; x_wconf 90' lang='lat' dir='ltr'><strong>solum</strong></span> <span class='ocrx_word' id='word_1_406' title='bbox 1148 2404 1434 2439; x_wconf 87' lang='lat' dir='ltr'><strong>adiurationibus</strong></span> <span class='ocrx_word' id='word_1_407' title='bbox 1461 2403 1659 2438; x_wconf 87' lang='lat' dir='ltr'><strong>Demonum</strong></span> <span class='ocrx_word' id='word_1_408' title='bbox 1696 2405 1870 2439; x_wconf 87' lang='lat' dir='ltr'><strong>interesse</strong></span> 
     </span>
     <span class='ocr_line' id='line_1_41' title="bbox 101 2457 1870 2502; baseline 0.001 -11"><span class='ocrx_word' id='word_1_409' title='bbox 101 2458 270 2499; x_wconf 81' lang='lat' dir='ltr'><strong>sinerent,</strong></span> <span class='ocrx_word' id='word_1_410' title='bbox 297 2457 360 2491; x_wconf 90' lang='lat' dir='ltr'><strong>sed</strong></span> <span class='ocrx_word' id='word_1_411' title='bbox 388 2459 424 2491; x_wconf 88' lang='lat' dir='ltr'><strong>et</strong></span> <span class='ocrx_word' id='word_1_412' title='bbox 450 2468 512 2492; x_wconf 90' lang='lat' dir='ltr'><strong>eas</strong></span> <span class='ocrx_word' id='word_1_413' title='bbox 538 2457 760 2498; x_wconf 87' lang='lat' dir='ltr'><strong>inducerent,</strong></span> <span class='ocrx_word' id='word_1_414' title='bbox 787 2460 827 2491; x_wconf 90' lang='lat' dir='ltr'><strong>ut</strong></span> <span class='ocrx_word' id='word_1_415' title='bbox 852 2457 963 2502; x_wconf 86' lang='lat' dir='ltr'><strong>ipsae,</strong></span> <span class='ocrx_word' id='word_1_416' title='bbox 990 2457 1168 2492; x_wconf 90' lang='lat' dir='ltr'><strong>Demones</strong></span> <span class='ocrx_word' id='word_1_417' title='bbox 1195 2469 1336 2502; x_wconf 88' lang='lat' dir='ltr'><strong>quoque</strong></span> <span class='ocrx_word' id='word_1_418' title='bbox 1362 2457 1442 2491; x_wconf 90' lang='lat' dir='ltr'><strong>illos</strong></span> <span class='ocrx_word' id='word_1_419' title='bbox 1469 2457 1645 2498; x_wconf 88' lang='lat' dir='ltr'><strong>adiurare,</strong></span> <span class='ocrx_word' id='word_1_420' title='bbox 1678 2461 1714 2492; x_wconf 89' lang='lat' dir='ltr'><strong>et</strong></span> <span class='ocrx_word' id='word_1_421' title='bbox 1740 2469 1785 2492; x_wconf 81' lang='lat' dir='ltr'><strong>ex</strong></span> <span class='ocrx_word' id='word_1_422' title='bbox 1811 2458 1870 2492; x_wconf 92' lang='lat' dir='ltr'><strong>ho-</strong></span> 
     </span>
     <span class='ocr_line' id='line_1_42' title="bbox 101 2510 1869 2556; baseline 0.001 -11"><span class='ocrx_word' id='word_1_423' title='bbox 101 2510 266 2552; x_wconf 89' lang='lat' dir='ltr'><strong>minibus,</strong></span> <span class='ocrx_word' id='word_1_424' title='bbox 287 2510 542 2556; x_wconf 88' lang='lat' dir='ltr'><strong>Apostolorum</strong></span> <span class='ocrx_word' id='word_1_425' title='bbox 561 2523 669 2553; x_wconf 85' lang='lat' dir='ltr'><strong>more,</strong></span> <span class='ocrx_word' id='word_1_426' title='bbox 696 2510 826 2556; x_wconf 81' lang='lat' dir='ltr'><strong>eijcere</strong></span> <span class='ocrx_word' id='word_1_427' title='bbox 845 2514 1070 2546; x_wconf 88' lang='lat' dir='ltr'><strong>conarentur.</strong></span> <span class='ocrx_word' id='word_1_428' title='bbox 1111 2511 1209 2553; x_wconf 83' lang='lat' dir='ltr'><strong>Quae</strong></span> <span class='ocrx_word' id='word_1_429' title='bbox 1235 2511 1479 2545; x_wconf 79' lang='lat' dir='ltr'><strong>adjurationes</strong></span> <span class='ocrx_word' id='word_1_430' title='bbox 1505 2511 1652 2545; x_wconf 84' lang='lat' dir='ltr'><strong>tametsi</strong></span> <span class='ocrx_word' id='word_1_431' title='bbox 1678 2511 1713 2545; x_wconf 90' lang='lat' dir='ltr'><strong>in</strong></span> <span class='ocrx_word' id='word_1_432' title='bbox 1739 2523 1778 2546; x_wconf 94' lang='lat' dir='ltr'><strong>se</strong></span> <span class='ocrx_word' id='word_1_433' title='bbox 1796 2514 1869 2546; x_wconf 88' lang='lat' dir='ltr'><strong>tam</strong></span> 
     </span>
     <span class='ocr_line' id='line_1_43' title="bbox 103 2563 1871 2609; baseline 0.001 -11"><span class='ocrx_word' id='word_1_434' title='bbox 103 2576 123 2598; x_wconf 89' lang='lat' dir='ltr'><strong>a</strong></span> <span class='ocrx_word' id='word_1_435' title='bbox 142 2564 303 2606; x_wconf 87' lang='lat' dir='ltr'><strong>Jesuitis,</strong></span> <span class='ocrx_word' id='word_1_436' title='bbox 331 2576 437 2609; x_wconf 90' lang='lat' dir='ltr'><strong>quam</strong></span> <span class='ocrx_word' id='word_1_437' title='bbox 464 2564 545 2598; x_wconf 88' lang='lat' dir='ltr'><strong>istis</strong></span> <span class='ocrx_word' id='word_1_438' title='bbox 563 2564 785 2599; x_wconf 90' lang='lat' dir='ltr'><strong>mulierculis</strong></span> <span class='ocrx_word' id='word_1_439' title='bbox 812 2564 950 2599; x_wconf 85' lang='lat' dir='ltr'><strong>frustra</strong></span> <span class='ocrx_word' id='word_1_440' title='bbox 975 2563 1168 2608; x_wconf 86' lang='lat' dir='ltr'><strong>aliquoties</strong></span> <span class='ocrx_word' id='word_1_441' title='bbox 1195 2565 1230 2598; x_wconf 92' lang='lat' dir='ltr'><strong>in</strong></span> <span class='ocrx_word' id='word_1_442' title='bbox 1249 2563 1390 2609; x_wconf 88' lang='lat' dir='ltr'><strong>publico</strong></span> <span class='ocrx_word' id='word_1_443' title='bbox 1408 2566 1570 2598; x_wconf 88' lang='lat' dir='ltr'><strong>tentatae</strong></span> <span class='ocrx_word' id='word_1_444' title='bbox 1595 2564 1669 2599; x_wconf 90' lang='lat' dir='ltr'><strong>sint</strong></span> <span class='ocrx_word' id='word_1_445' title='bbox 1687 2564 1871 2600; x_wconf 88' lang='lat' dir='ltr'><strong>Ecclesiae</strong></span> 
     </span>
     <span class='ocr_line' id='line_1_44' title="bbox 102 2617 1871 2663; baseline 0.001 -11"><span class='ocrx_word' id='word_1_446' title='bbox 102 2618 190 2659; x_wconf 88' lang='lat' dir='ltr'><strong>loco,</strong></span> <span class='ocrx_word' id='word_1_447' title='bbox 226 2619 348 2652; x_wconf 79' lang='lat' dir='ltr'><strong>tamen</strong></span> <span class='ocrx_word' id='word_1_448' title='bbox 375 2630 455 2652; x_wconf 91' lang='lat' dir='ltr'><strong>cum</strong></span> <span class='ocrx_word' id='word_1_449' title='bbox 482 2618 652 2652; x_wconf 86' lang='lat' dir='ltr'><strong>scandalo</strong></span> <span class='ocrx_word' id='word_1_450' title='bbox 678 2618 885 2659; x_wconf 85' lang='lat' dir='ltr'><strong>multorum,</strong></span> <span class='ocrx_word' id='word_1_451' title='bbox 920 2618 990 2652; x_wconf 91' lang='lat' dir='ltr'><strong>imo</strong></span> <span class='ocrx_word' id='word_1_452' title='bbox 1017 2618 1172 2652; x_wconf 91' lang='lat' dir='ltr'><strong>omnium</strong></span> <span class='ocrx_word' id='word_1_453' title='bbox 1200 2619 1308 2662; x_wconf 89' lang='lat' dir='ltr'><strong>atque</strong></span> <span class='ocrx_word' id='word_1_454' title='bbox 1335 2618 1410 2652; x_wconf 88' lang='lat' dir='ltr'><strong>risu</strong></span> <span class='ocrx_word' id='word_1_455' title='bbox 1444 2617 1525 2663; x_wconf 91' lang='lat' dir='ltr'><strong>plus</strong></span> <span class='ocrx_word' id='word_1_456' title='bbox 1552 2629 1659 2662; x_wconf 91' lang='lat' dir='ltr'><strong>quam</strong></span> <span class='ocrx_word' id='word_1_457' title='bbox 1687 2618 1871 2653; x_wconf 63' lang='lat' dir='ltr'><strong>Sardinioe</strong></span> 
     </span>
     <span class='ocr_line' id='line_1_45' title="bbox 102 2671 1871 2716; baseline 0.001 -10"><span class='ocrx_word' id='word_1_458' title='bbox 102 2674 175 2706; x_wconf 86' lang='lat' dir='ltr'><strong>tam</strong></span> <span class='ocrx_word' id='word_1_459' title='bbox 201 2671 468 2706; x_wconf 87' lang='lat' dir='ltr'><strong>Catholicorum</strong></span> <span class='ocrx_word' id='word_1_460' title='bbox 493 2683 600 2716; x_wconf 90' lang='lat' dir='ltr'><strong>quam</strong></span> <span class='ocrx_word' id='word_1_461' title='bbox 627 2671 901 2713; x_wconf 80' lang='lat' dir='ltr'><strong>haereticorum,</strong></span> <span class='ocrx_word' id='word_1_462' title='bbox 928 2671 1004 2705; x_wconf 90' lang='lat' dir='ltr'><strong>sine</strong></span> <span class='ocrx_word' id='word_1_463' title='bbox 1032 2672 1161 2706; x_wconf 86' lang='lat' dir='ltr'><strong>effectu</strong></span> <span class='ocrx_word' id='word_1_464' title='bbox 1188 2672 1224 2705; x_wconf 92' lang='lat' dir='ltr'><strong>in</strong></span> <span class='ocrx_word' id='word_1_465' title='bbox 1249 2682 1383 2705; x_wconf 88' lang='lat' dir='ltr'><strong>uanum</strong></span> <span class='ocrx_word' id='word_1_466' title='bbox 1410 2671 1593 2706; x_wconf 90' lang='lat' dir='ltr'><strong>abierunt:</strong></span> <span class='ocrx_word' id='word_1_467' title='bbox 1622 2672 1709 2706; x_wconf 90' lang='lat' dir='ltr'><strong>adeo</strong></span> <span class='ocrx_word' id='word_1_468' title='bbox 1736 2675 1775 2706; x_wconf 87' lang='lat' dir='ltr'><strong>ut</strong></span> <span class='ocrx_word' id='word_1_469' title='bbox 1801 2673 1871 2708; x_wconf 87' lang='lat' dir='ltr'><strong>ista</strong></span> 
     </span>
     <span class='ocr_line' id='line_1_46' title="bbox 103 2724 1871 2769; baseline 0.001 -10"><span class='ocrx_word' id='word_1_470' title='bbox 103 2725 212 2759; x_wconf 87' lang='lat' dir='ltr'><strong>nimia</strong></span> <span class='ocrx_word' id='word_1_471' title='bbox 238 2724 373 2769; x_wconf 89' lang='lat' dir='ltr'><strong>religio,</strong></span> <span class='ocrx_word' id='word_1_472' title='bbox 400 2724 560 2769; x_wconf 85' lang='lat' dir='ltr'><strong>taliaque</strong></span> <span class='ocrx_word' id='word_1_473' title='bbox 587 2725 774 2760; x_wconf 90' lang='lat' dir='ltr'><strong>conamina</strong></span> <span class='ocrx_word' id='word_1_474' title='bbox 800 2725 945 2759; x_wconf 87' lang='lat' dir='ltr'><strong>tandem</strong></span> <span class='ocrx_word' id='word_1_475' title='bbox 972 2736 993 2759; x_wconf 91' lang='lat' dir='ltr'><strong>a</strong></span> <span class='ocrx_word' id='word_1_476' title='bbox 1018 2724 1272 2759; x_wconf 88' lang='lat' dir='ltr'><strong>Pientissimae</strong></span> <span class='ocrx_word' id='word_1_477' title='bbox 1300 2724 1491 2758; x_wconf 89' lang='lat' dir='ltr'><strong>memoriae</strong></span> <span class='ocrx_word' id='word_1_478' title='bbox 1510 2724 1573 2758; x_wconf 91' lang='lat' dir='ltr'><strong>Pio</strong></span> <span class='ocrx_word' id='word_1_479' title='bbox 1588 2724 1632 2759; x_wconf 87' lang='lat' dir='ltr'><strong>V.</strong></span> <span class='ocrx_word' id='word_1_480' title='bbox 1651 2725 1754 2760; x_wconf 86' lang='lat' dir='ltr'><strong>Pont.</strong></span> <span class='ocrx_word' id='word_1_481' title='bbox 1774 2726 1871 2761; x_wconf 88' lang='lat' dir='ltr'><strong>Max:</strong></span> 
     </span>
     <span class='ocr_line' id='line_1_47' title="bbox 103 2778 1871 2824; baseline 0.002 -12"><span class='ocrx_word' id='word_1_482' title='bbox 103 2778 305 2813; x_wconf 88' lang='lat' dir='ltr'><strong>hominibus</strong></span> <span class='ocrx_word' id='word_1_483' title='bbox 331 2778 411 2813; x_wconf 91' lang='lat' dir='ltr'><strong>istis</strong></span> <span class='ocrx_word' id='word_1_484' title='bbox 438 2778 473 2812; x_wconf 92' lang='lat' dir='ltr'><strong>in</strong></span> <span class='ocrx_word' id='word_1_485' title='bbox 491 2781 675 2824; x_wconf 89' lang='lat' dir='ltr'><strong>posterum</strong></span> <span class='ocrx_word' id='word_1_486' title='bbox 696 2779 887 2813; x_wconf 85' lang='lat' dir='ltr'><strong>interdicta</strong></span> <span class='ocrx_word' id='word_1_487' title='bbox 905 2778 1059 2812; x_wconf 47' lang='lat' dir='ltr'><strong>fuerin&amp;</strong></span> <span class='ocrx_word' id='word_1_488' title='bbox 1076 2779 1090 2799; x_wconf 79' lang='lat'><strong>²</strong></span> <span class='ocrx_word' id='word_1_489' title='bbox 1117 2778 1179 2820; x_wconf 89' lang='lat' dir='ltr'><strong>(ex</strong></span> <span class='ocrx_word' id='word_1_490' title='bbox 1198 2789 1321 2823; x_wconf 88' lang='lat' dir='ltr'><strong>apogr.</strong></span> <span class='ocrx_word' id='word_1_491' title='bbox 1341 2778 1452 2813; x_wconf 88' lang='lat' dir='ltr'><strong>eiusd.</strong></span> <span class='ocrx_word' id='word_1_492' title='bbox 1472 2780 1602 2823; x_wconf 87' lang='lat' dir='ltr'><strong>temp.;</strong></span> <span class='ocrx_word' id='word_1_493' title='bbox 1630 2778 1715 2813; x_wconf 89' lang='lat' dir='ltr'><strong>Cod.</strong></span> <span class='ocrx_word' id='word_1_494' title='bbox 1734 2792 1871 2815; x_wconf 88' lang='lat' dir='ltr'><strong>monac.</strong></span> 
     </span>
    </p>
   </div>
   <div class='ocr_carea' id='block_1_4' title="bbox 103 2836 1873 2910">
    <p class='ocr_par' dir='ltr' id='par_1_7' title="bbox 103 2836 1873 2910">
     <span class='ocr_line' id='line_1_48' title="bbox 223 2836 1873 2872; baseline 0.002 -10"><span class='ocrx_word' id='word_1_495' title='bbox 223 2838 251 2869; x_wconf 87' lang='lat' dir='ltr'><strong>a)</strong></span> <span class='ocrx_word' id='word_1_496' title='bbox 272 2838 319 2863; x_wconf 78' lang='lat' dir='ltr'><strong>Sic</strong></span> <span class='ocrx_word' id='word_1_497' title='bbox 338 2846 404 2869; x_wconf 75' lang='lat' dir='ltr'><strong>ap.,·</strong></span> <span class='ocrx_word' id='word_1_498' title='bbox 423 2837 563 2863; x_wconf 74' lang='lat' dir='ltr'><strong>tantum?</strong></span> <span class='ocrx_word' id='word_1_499' title='bbox 635 2838 665 2869; x_wconf 87' lang='lat' dir='ltr'><strong>b)</strong></span> <span class='ocrx_word' id='word_1_500' title='bbox 687 2838 716 2863; x_wconf 82' lang='lat' dir='ltr'><strong>S.</strong></span> <span class='ocrx_word' id='word_1_501' title='bbox 731 2847 776 2870; x_wconf 74' lang='lat' dir='ltr'><strong>ap.</strong></span> <span class='ocrx_word' id='word_1_502' title='bbox 852 2839 878 2870; x_wconf 87' lang='lat' dir='ltr'><strong>c)</strong></span> <span class='ocrx_word' id='word_1_503' title='bbox 899 2837 928 2863; x_wconf 78' lang='lat' dir='ltr'><strong>S.</strong></span> <span class='ocrx_word' id='word_1_504' title='bbox 941 2846 989 2869; x_wconf 75' lang='lat' dir='ltr'><strong>ap.</strong></span> <span class='ocrx_word' id='word_1_505' title='bbox 1064 2836 1093 2869; x_wconf 88' lang='lat' dir='ltr'><strong>d)</strong></span> <span class='ocrx_word' id='word_1_506' title='bbox 1115 2838 1160 2862; x_wconf 77' lang='lat' dir='ltr'><strong>Ita</strong></span> <span class='ocrx_word' id='word_1_507' title='bbox 1181 2838 1210 2862; x_wconf 75' lang='lat' dir='ltr'><strong>in</strong></span> <span class='ocrx_word' id='word_1_508' title='bbox 1232 2846 1279 2869; x_wconf 67' lang='lat' dir='ltr'><strong>ap.</strong></span> <span class='ocrx_word' id='word_1_509' title='bbox 1294 2841 1451 2862; x_wconf 65' lang='lat' dir='ltr'><strong>correctum</strong></span> <span class='ocrx_word' id='word_1_510' title='bbox 1473 2841 1515 2863; x_wconf 77' lang='lat' dir='ltr'><strong>est</strong></span> <span class='ocrx_word' id='word_1_511' title='bbox 1535 2846 1571 2863; x_wconf 59' lang='lat' dir='ltr'><strong>ea·</strong></span> <span class='ocrx_word' id='word_1_512' title='bbox 1590 2837 1690 2865; x_wconf 79' lang='lat' dir='ltr'><strong>utiles.</strong></span> <span class='ocrx_word' id='word_1_513' title='bbox 1759 2840 1786 2872; x_wconf 85' lang='lat' dir='ltr'><strong>e)</strong></span> <span class='ocrx_word' id='word_1_514' title='bbox 1808 2841 1873 2871; x_wconf 50' lang='lat' dir='ltr'><strong>Sim</strong></span> 
     </span>
     <span class='ocr_line' id='line_1_49' title="bbox 103 2878 544 2910; baseline 0.002 -6"><span class='ocrx_word' id='word_1_515' title='bbox 103 2880 287 2904; x_wconf 76' lang='lat' dir='ltr'><strong>scribendum</strong></span> <span class='ocrx_word' id='word_1_516' title='bbox 305 2880 366 2910; x_wconf 72' lang='lat' dir='ltr'><strong>ficit</strong></span> <span class='ocrx_word' id='word_1_517' title='bbox 385 2878 544 2905; x_wconf 85' lang='lat' dir='ltr'><strong>SardoniO.</strong></span> 
     </span>
    </p>
   </div>
   <div class='ocr_carea' id='block_1_5' title="bbox 105 2967 1873 3174">
    <p class='ocr_par' dir='ltr' id='par_1_8' title="bbox 105 2967 1873 3174">
     <span class='ocr_line' id='line_1_50' title="bbox 228 2967 1386 3013; baseline 0.001 -12"><span class='ocrx_word' id='word_1_518' title='bbox 228 2968 238 2987; x_wconf 85' lang='lat'><strong>¹</strong></span> <span class='ocrx_word' id='word_1_519' title='bbox 264 2967 353 3002; x_wconf 89' lang='lat' dir='ltr'><strong>Rom</strong></span> <span class='ocrx_word' id='word_1_520' title='bbox 380 2969 412 3009; x_wconf 87' lang='grc'><strong>6,</strong></span> <span class='ocrx_word' id='word_1_521' title='bbox 434 2969 474 3003; x_wconf 91' lang='grc'><strong>11</strong></span> <span class='ocrx_word' id='word_1_522' title='bbox 503 2969 567 3009; x_wconf 79' lang='lat'><strong>23;</strong></span> <span class='ocrx_word' id='word_1_523' title='bbox 596 2969 628 3010; x_wconf 88' lang='lat'><strong>8,</strong></span> <span class='ocrx_word' id='word_1_524' title='bbox 655 2969 711 3003; x_wconf 82' lang='lat'><strong>39.</strong></span> <span class='ocrx_word' id='word_1_525' title='bbox 766 2969 783 3002; x_wconf 87' lang='lat'>1</span> <span class='ocrx_word' id='word_1_526' title='bbox 811 2968 880 3003; x_wconf 92' lang='lat' dir='ltr'><strong>Cor</strong></span> <span class='ocrx_word' id='word_1_527' title='bbox 909 2968 962 3007; x_wconf 83' lang='lat'><strong>15,</strong></span> <span class='ocrx_word' id='word_1_528' title='bbox 991 2968 1046 3002; x_wconf 89' lang='grc'><strong>31.</strong></span> <span class='ocrx_word' id='word_1_529' title='bbox 1099 2967 1177 3013; x_wconf 86' lang='lat' dir='ltr'><strong>Eph</strong></span> <span class='ocrx_word' id='word_1_530' title='bbox 1204 2968 1236 3007; x_wconf 80' lang='lat'><strong>3,</strong></span> <span class='ocrx_word' id='word_1_531' title='bbox 1258 2969 1296 3002; x_wconf 93' lang='grc'><strong>11</strong></span> <span class='ocrx_word' id='word_1_532' title='bbox 1319 2971 1386 3002; x_wconf 87' lang='lat' dir='ltr'><strong>etc.</strong></span> 
     </span>
     <span class='ocr_line' id='line_1_51' title="bbox 229 3021 1873 3067; baseline 0.001 -12"><span class='ocrx_word' id='word_1_533' title='bbox 229 3021 242 3042; x_wconf 88' lang='lat'><strong>²</strong></span> <span class='ocrx_word' id='word_1_534' title='bbox 266 3021 353 3056; x_wconf 90' lang='lat' dir='ltr'><strong>Pius</strong></span> <span class='ocrx_word' id='word_1_535' title='bbox 378 3021 446 3056; x_wconf 92' lang='lat' dir='ltr'><strong>hoc</strong></span> <span class='ocrx_word' id='word_1_536' title='bbox 472 3022 589 3056; x_wconf 90' lang='lat' dir='ltr'><strong>solum</strong></span> <span class='ocrx_word' id='word_1_537' title='bbox 615 3022 811 3067; x_wconf 87' lang='lat' dir='ltr'><strong>praecepit,</strong></span> <span class='ocrx_word' id='word_1_538' title='bbox 838 3024 887 3062; x_wconf 90' lang='lat' dir='ltr'><strong>ut,</strong></span> <span class='ocrx_word' id='word_1_539' title='bbox 907 3033 988 3056; x_wconf 88' lang='lat' dir='ltr'><strong>cum</strong></span> <span class='ocrx_word' id='word_1_540' title='bbox 1007 3021 1192 3056; x_wconf 86' lang='lat' dir='ltr'><strong>Susannae</strong></span> <span class='ocrx_word' id='word_1_541' title='bbox 1218 3021 1272 3056; x_wconf 90' lang='lat' dir='ltr'><strong>illi</strong></span> <span class='ocrx_word' id='word_1_542' title='bbox 1298 3022 1369 3056; x_wconf 88' lang='lat' dir='ltr'><strong>iam</strong></span> <span class='ocrx_word' id='word_1_543' title='bbox 1388 3033 1495 3067; x_wconf 88' lang='lat' dir='ltr'><strong>saepe</strong></span> <span class='ocrx_word' id='word_1_544' title='bbox 1515 3022 1740 3057; x_wconf 85' lang='lat' dir='ltr'><strong>exorcizatae</strong></span> <span class='ocrx_word' id='word_1_545' title='bbox 1759 3023 1873 3057; x_wconf 90' lang='lat' dir='ltr'><strong>denuo</strong></span> 
     </span>
     <span class='ocr_line' id='line_1_52' title="bbox 105 3075 1872 3122; baseline 0.001 -13"><span class='ocrx_word' id='word_1_546' title='bbox 105 3086 216 3109; x_wconf 92' lang='lat' dir='ltr'><strong>unum</strong></span> <span class='ocrx_word' id='word_1_547' title='bbox 243 3075 379 3109; x_wconf 89' lang='lat' dir='ltr'><strong>duosve</strong></span> <span class='ocrx_word' id='word_1_548' title='bbox 406 3076 626 3110; x_wconf 83' lang='lat' dir='ltr'><strong>exorcismos</strong></span> <span class='ocrx_word' id='word_1_549' title='bbox 653 3075 910 3116; x_wconf 88' lang='lat' dir='ltr'><strong>adhibuissent,</strong></span> <span class='ocrx_word' id='word_1_550' title='bbox 938 3075 1165 3109; x_wconf 87' lang='lat' dir='ltr'><strong>exorcizandi</strong></span> <span class='ocrx_word' id='word_1_551' title='bbox 1191 3075 1298 3109; x_wconf 88' lang='lat' dir='ltr'><strong>finem</strong></span> <span class='ocrx_word' id='word_1_552' title='bbox 1326 3076 1505 3117; x_wconf 84' lang='lat' dir='ltr'><strong>facerent3</strong></span> <span class='ocrx_word' id='word_1_553' title='bbox 1535 3088 1567 3111; x_wconf 86' lang='lat' dir='ltr'><strong>v.</strong></span> <span class='ocrx_word' id='word_1_554' title='bbox 1596 3088 1705 3121; x_wconf 88' lang='lat' dir='ltr'><strong>supra</strong></span> <span class='ocrx_word' id='word_1_555' title='bbox 1731 3088 1764 3122; x_wconf 91' lang='lat' dir='ltr'><strong>p.</strong></span> <span class='ocrx_word' id='word_1_556' title='bbox 1793 3077 1872 3111; x_wconf 77' lang='lat'><strong>393.</strong></span> 
     </span>
     <span class='ocr_line' id='line_1_53' title="bbox 177 3136 1588 3174; baseline 0 -9"><span class='ocrx_word' id='word_1_557' title='bbox 177 3139 489 3172; x_wconf 84' lang='lat' dir='ltr'><strong>Braunsberger‚</strong></span> <span class='ocrx_word' id='word_1_558' title='bbox 509 3139 621 3166; x_wconf 83' lang='lat' dir='ltr'><strong>Canisii</strong></span> <span class='ocrx_word' id='word_1_559' title='bbox 640 3139 796 3174; x_wconf 75' lang='lat' dir='ltr'><strong>Ep1stulae</strong></span> <span class='ocrx_word' id='word_1_560' title='bbox 817 3140 847 3166; x_wconf 82' lang='lat' dir='ltr'><strong>et</strong></span> <span class='ocrx_word' id='word_1_561' title='bbox 867 3139 954 3167; x_wconf 82' lang='lat' dir='ltr'><strong>Acta.</strong></span> <span class='ocrx_word' id='word_1_562' title='bbox 985 3139 1034 3165; x_wconf 81' lang='lat' dir='ltr'><strong>VI.</strong></span> <span class='ocrx_word' id='word_1_563' title='bbox 1544 3136 1588 3170; x_wconf 75' lang='grc'><strong>26</strong></span> 
     </span>
    </p>
   </div>
  </div>
 </body>
</html>
