2044 3335
569 79 664 113 Mon.
694 80 784 114 1049
810 79 889 114 sive
914 79 985 114 litt.
1005 79 1096 123 (44).
1142 79 1386 114 1567—1571.
1776 81 1858 121 701

92 194 224 235 turiali,
262 207 324 229 cur
360 206 426 239 ego
460 195 555 230 hunc
582 196 696 230 Halae
731 196 911 241 posuerim
946 196 1088 240 priuato
1115 196 1154 230 P.
1183 195 1339 230 Canisio.
1390 195 1460 229 Res
1491 195 1540 229 ita
1575 194 1695 236 habet,
1724 196 1764 227 vt
1790 205 1865 227 rem

93 248 304 293 simpliciter
339 248 526 293 explicem,
565 249 689 294 Neque
725 249 814 283 satis
845 249 1080 283 conueniebat
1107 249 1146 283 P.
1175 249 1318 283 Canisio
1345 260 1423 282 cum
1452 249 1492 282 P.
1519 248 1646 292 Anglo,
1684 259 1749 281 nec
1784 246 1867 280 huic

94 313 173 335 cum
199 301 272 342 illo,
300 303 335 335 et
361 301 486 336 maluit
512 303 551 336 P.
572 302 737 337 Canisius
763 302 878 336 iuuari
905 314 925 336 a
944 302 982 336 P.
1003 302 1157 336 Antonio
1176 302 1330 336 Flandro
1357 313 1461 346 quem
1489 302 1597 336 etiam
1626 302 1657 336 ei
1676 300 1865 335 Monachio

93 354 274 398 Dilingam
310 354 402 397 misi,
430 367 589 400 vsusque
625 358 680 390 est
706 356 894 399 vtriusque
925 367 1033 400 opera
1059 356 1102 390 ad
1139 355 1277 399 aliquot
1303 367 1456 390 menses.
1508 355 1641 400 Scripsi
1679 354 1805 388 deinde
1832 354 1865 387 in

94 408 164 442 fine
191 407 278 453 Julij
305 408 486 452 Dilingam
514 410 766 444 necessitatem
802 420 1035 454 personarum
1062 409 1249 454 explicans
1285 409 1379 452 quod
1409 421 1477 442 non
1506 420 1647 453 possem
1674 410 1868 451 vtrumque

95 464 131 495 et
156 461 314 504 Anglum
341 465 378 496 et
403 462 621 496 Anthonium
649 462 707 496 diu
735 462 900 505 Dilingae
927 462 1139 506 relinquere,
1176 461 1360 506 obtulique
1387 467 1425 496 vt
1453 462 1492 496 P.
1520 462 1685 497 Canisius
1712 461 1865 495 alterum

95 514 161 549 sibi
188 514 349 557 eligeret,
376 515 435 559 qui
463 515 572 559 elegit
589 515 629 550 P.
650 515 882 555 Anthonium,
910 515 1117 560 cupiuitque
1135 517 1176 548 vt
1202 515 1310 549 etiam
1330 515 1370 550 P.
1390 515 1545 559 Anglum
1565 516 1719 549 retinere
1746 515 1868 559 posset

96 578 210 610 Vsque
236 568 279 601 ad
307 568 413 601 finem
442 569 672 613 Septembris,
707 569 801 613 quod
828 569 935 603 etiam
962 569 1099 602 factum
1126 572 1192 610 est,
1220 571 1256 602 et
1281 579 1347 611 ego
1374 569 1426 602 sic
1452 569 1610 613 processi
1637 568 1730 612 quod
1758 567 1867 601 etiam

95 631 115 653 a
151 619 303 655 Rectore
336 621 533 656 iudicatum
570 624 625 656 est
660 622 698 656 P.
726 622 869 656 Canisio
906 622 1074 666 expedire
1105 649 1112 656 .
1145 622 1237 665 quod
1273 622 1303 656 si
1339 622 1464 655 deinde
1496 622 1534 655 P.
1562 621 1729 656 Canisius
1764 632 1865 655 suam

96 673 295 717 opinionem
332 675 497 716 mutauit,
533 675 568 709 id
605 687 670 718 ego
701 686 829 709 cauere
855 686 924 709 non
960 675 1058 720 potuj
1095 686 1313 719 quamquam
1339 686 1481 719 semper
1507 675 1649 720 cupiam
1675 678 1867 718 vtrumque

97 726 136 761 P.
164 725 346 761 Canisium
373 728 549 773 consolarj
581 731 616 762 et
642 740 662 762 a
689 741 744 762 me
770 740 840 762 non
866 728 982 762 solum
1008 728 1115 762 facile
1141 729 1337 773 impetrant
1364 728 1459 772 quod
1494 730 1632 773 petunt,
1670 728 1731 762 sed
1759 728 1867 762 offero

97 780 204 813 etiam
240 779 329 824 ipsis
358 792 427 814 non
454 793 534 815 raro
569 781 791 826 liberamque
826 781 900 815 illis
925 781 1088 825 relinquo
1123 783 1340 826 potestatem
1376 781 1529 816 faciendi
1566 792 1658 825 quae
1684 781 1728 815 ad
1764 792 1866 814 suum

96 832 259 866 leuamen
286 836 412 878 optant
438 836 504 868 etc.
532 834 641 868 nolim
668 836 790 879 itaque
817 835 856 869 P.
876 835 919 869 V.
940 834 1007 869 hac
1033 835 1069 868 in
1096 837 1198 878 parte
1224 834 1402 869 solicitam
1430 836 1542 870 esse.“
1589 835 1687 868 Haec
1713 835 1869 877 Boryz'ae

98 886 246 930 probata
272 889 374 927 sunt;
403 887 463 931 qui
490 887 637 922 Hoffaeo
658 887 771 922 Roma
797 888 853 923 26.
872 888 1056 922 Februarii
1086 889 1174 922 1571
1204 888 1408 933 rescripsit:
1440 888 1550 930 ,Quel
1577 887 1642 922 che
1668 888 1706 921 fu
1733 887 1868 921 diman-

97 939 190 980 dato,
218 939 252 973 di
271 950 369 973 come
388 941 415 974 s’
432 952 493 974 era
513 944 647 975 mutato
667 941 689 975 il
710 953 907 986 compagno
927 942 1009 976 dato
1028 941 1061 975 al
1080 942 1119 976 P.
1140 941 1283 977 Canisio
1302 941 1443 976 dandoli
1462 941 1487 975 il
1505 942 1545 976 P.
1565 941 1719 975 Antonio
1738 941 1772 974 in
1791 940 1867 974 loco

97 992 154 1026 del
180 992 219 1027 P.
248 992 331 1027 Gio:
368 993 526 1037 Jnglese,
562 996 600 1028 fu
626 995 833 1037 solamente,
870 1007 933 1040 per
958 995 1110 1040 saperio.
1146 1007 1215 1029 non
1246 995 1396 1029 essendo
1426 996 1588 1029 riceuuto
1615 995 1742 1029 alcuno
1769 994 1869 1028 auiso

97 1056 203 1090 sopra
238 1045 272 1079 di
308 1046 372 1087 cio,
407 1058 465 1080 ma
492 1048 523 1081 si
549 1048 663 1086 crede,
700 1060 798 1082 come
825 1060 913 1083 anco
940 1049 970 1083 si
997 1049 1149 1083 credeua
1184 1050 1309 1093 prima,
1347 1049 1412 1083 che
1438 1048 1472 1083 la
1499 1049 1693 1082 mutatione
1719 1047 1869 1082 sarebbe

97 1100 194 1132 stata
220 1099 480 1142 ragioneuole.“

216 1152 255 1186 P.
283 1152 466 1187 Rastellus
501 1165 532 1187 a.
564 1154 652 1189 1569
681 1154 862 1189 Canisium
900 1155 961 1196 (m.
989 1155 1204 1200 Septembri)
1235 1154 1379 1199 Dilinga
1406 1156 1609 1199 Augustam
1647 1155 1691 1189 ad
1726 1158 1868 1199 tempus

97 1206 413 1249 transmigrantem
449 1209 595 1242 secutus
626 1211 699 1248 est:
737 1209 771 1242 in
799 1209 996 1252 *Cataloyo
1024 1209 1117 1242 enim
1144 1209 1269 1243 domus
1295 1212 1520 1252 augustanae
1546 1220 1577 1243 a.
1608 1209 1697 1243 1569
1733 1209 1867 1253 scripto

98 1259 267 1302 leguntur
301 1262 337 1294 et
375 1261 434 1303 ,R
468 1261 598 1295 Petrus
631 1261 830 1302 Canisius“‚
867 1267 903 1296 et
933 1263 993 1305 „R
1020 1263 1172 1296 Ioannes
1208 1262 1426 1303 Rastellusffi
1463 1263 1523 1306 qui
1566 1262 1686 1304 „iuuat
1720 1262 1866 1296 Patrem

100 1312 281 1347 Canisium
317 1314 352 1347 in
387 1314 552 1349 studiis“.
604 1314 740 1349 Deinde
776 1316 811 1349 in
837 1316 1037 1359 *Cataloqo
1073 1316 1265 1360 dilingano,
1303 1315 1448 1359 Dilinga
1477 1317 1507 1350 1.
1535 1315 1747 1350 Novembris
1776 1316 1867 1350 1570

99 1365 247 1400 Romam
282 1367 412 1409 misso,
447 1370 673 1412 comparent:
714 1368 774 1411 „R
804 1369 842 1403 P.
870 1369 910 1403 D.
938 1369 1069 1403 Petrus
1096 1369 1281 1403 Canisius²
1324 1369 1437 1413 (nullo
1473 1370 1588 1403 officio
1624 1369 1795 1414 ascripto)
1835 1370 1871 1403 et

105 1420 164 1461 „R
191 1420 367 1454 Antonius
394 1421 557 1463 Flander,
584 1422 709 1456 Socius
736 1422 774 1456 Ρ.
803 1423 956 1467 Canisij⁴‘
990 1422 1092 1466 (GSC
1120 1423 1164 1458 66
1190 1423 1214 1456 f.
1243 1423 1310 1457 356
1338 1423 1435 1466 360).

102 1551 240 1589 1049
267 1555 344 1589 sive
371 1553 481 1590 litt.
503 1553 638 1600 (44).
706 1554 920 1591 1567—1571.

223 1620 401 1661 Quomodo
429 1621 597 1654 Ccmz'sius
623 1632 709 1664 opus
735 1623 903 1655 adversus
932 1622 1198 1655 Cenum-satores
1228 1622 1390 1664 primum
1423 1622 1688 1655 udumbraverit
1718 1626 1748 1654 et
1783 1633 1872 1655 oom-

96 1675 258 1715 posuerit
284 1673 423 1716 (capita
450 1677 492 1707 5:
526 1675 568 1707 de
593 1676 730 1708 Ioanne
756 1676 871 1718 Bapt„
910 1676 951 1708 B.
979 1675 1104 1708 Maria
1132 1675 1181 1718 Γ.)
1217 1675 1333 1717 Petro,
1370 1675 1494 1717 Panlo,
1532 1676 1666 1708 Ioanne
1692 1680 1722 1708 et
1748 1676 1873 1709 Iacobo

103 1726 228 1769 Apo).
269 1727 395 1760 Altera
421 1730 622 1771 compositio
642 1728 748 1769 (libri
771 1733 814 1761 3:
839 1729 880 1761 de
898 1729 949 1762 Io.
968 1729 1085 1771 Bapt„
1113 1729 1251 1771 Illaria,
1279 1729 1403 1769 Petro)
1415 1741 1428 1769 ‚·
1453 1729 1542 1761 liber
1560 1730 1600 1761 de
1619 1729 1697 1761 Iesu
1721 1729 1872 1763 Christo.

106 1780 255 1823 Calvisii,
282 1780 322 1814 P.
353 1781 509 1814 Gm'sam'
534 1786 593 1815 etc.
622 1780 889 1826 „Collec·tcmea“
917 1783 955 1815 in
981 1782 1110 1815 librum
1139 1783 1180 1815 de
1208 1783 1343 1815 illaria.

219 1844 396 1888 Dilingae‚
423 1846 482 1880 ubi
502 1845 666 1880 Canisius
692 1846 867 1881 adversus
887 1846 1157 1881 Centuriatores
1178 1846 1332 1891 primum
1351 1846 1482 1880 librum
1506 1845 1872 1888 „Commentariorum

104 1897 147 1931 de
173 1898 283 1932 Verbi
309 1898 373 1932 Dei
401 1900 634 1944 corruptelis“
665 1900 878 1945 conscripsit
904 1903 940 1934 et
966 1900 1087 1940 edidit,
1121 1901 1156 1933 in
1182 1900 1398 1934 bibliotheca
1425 1902 1536 1943 regia.
1573 1912 1663 1944 quae
1690 1912 1803 1945 usque
1830 1902 1871 1935 ad

103 1963 135 1985 a.
157 1952 246 1986 1773
273 1953 521 1987 universitatis
547 1953 751 1997 dilinganae
778 1965 858 1988 cum
886 1953 1036 1997 collegio
1056 1953 1246 1987 Societatis
1274 1954 1483 1988 coniunctae
1503 1956 1590 1994 erat,
1618 1954 1734 1989 adhuc
1755 1954 1872 1989 Codex

103 2008 314 2039 asservatur
343 2006 524 2049 (signatus
549 2007 584 2041 in
611 2007 734 2041 dorso:
767 2007 972 2049 „Confessio
998 2007 1133 2051 scripta
1152 2007 1243 2050 F.“)‚
1271 2008 1305 2041 in
1333 2019 1402 2052 quo
1426 2010 1462 2041 et
1488 2007 1544 2042 hic
1572 2008 1671 2049 liber,
1698 2011 1733 2042 et
1758 2011 1873 2042 totum

105 2070 204 2103 opus,
223 2060 315 2102 quod
336 2060 500 2094 Canisius
519 2061 693 2095 adversus
710 2061 979 2095 Centuriatores
997 2060 1154 2095 scribere
1172 2061 1207 2094 in
1228 2061 1384 2094 animuin
1403 2061 1603 2102 induxerat,
1624 2062 1874 2096 adumbratum

105 2111 163 2145 vel
190 2112 309 2157 potius
335 2114 448 2157 primo
467 2114 701 2159 compositum
720 2115 888 2156 cernitur,
915 2114 1022 2159 idque
1041 2125 1208 2157 magnam
1236 2116 1375 2159 partem
1402 2114 1516 2159 ipsius
1535 2114 1668 2149 Canisii
1695 2127 1801 2150 manu
1821 2119 1877 2150 est

105 2166 289 2210 scriptum.
340 2167 395 2200 lta
431 2167 540 2211 igitur
574 2168 742 2202 canisius
776 2179 864 2212 opus
899 2167 1095 2202 inscribere
1121 2167 1286 2202 volebat:
1327 2168 1507 2211 „Censura
1543 2169 1578 2202 in
1610 2169 1799 2204 Centurias
1834 2170 1877 2204 de

107 2219 361 2254 Ecclesiastica
388 2220 548 2254 Historia
574 2221 812 2264 Magdeburgi
847 2223 1046 2255 contextas.
1099 2221 1270 2256 Centuria
1305 2221 1419 2266 prima
1456 2222 1498 2255 de
1534 2222 1748 2267 corruptelis
1777 2223 1877 2257 uerbi

107 2272 183 2313 Dei,
210 2284 300 2317 quas
320 2273 596 2308 Ecclesiasticae
620 2274 791 2308 historiae
809 2275 1004 2320 scriptores
1023 2275 1299 2318 Magdeburgici
1325 2275 1360 2308 in
1379 2287 1479 2309 suam
1503 2276 1653 2320 primam
1672 2276 1877 2311 Centuriam

108 2327 331 2368 inuexerunt,
358 2327 417 2361 vel
437 2327 561 2361 Altera
587 2328 723 2372 primae
743 2327 933 2362 Centuriae
960 2340 1043 2373 pars
1071 2331 1195 2362 contra
1215 2328 1485 2363 Centuriatores
1509 2329 1809 2374 Magdeburgicos
1836 2331 1878 2364 de

108 2380 213 2414 rebus
233 2382 268 2413 et
293 2381 454 2424 personis
473 2381 516 2415 ad
536 2381 743 2426 Apostolica
769 2384 931 2426 tempora
950 2384 986 2415 et
1012 2383 1145 2415 statum
1168 2382 1350 2416 Ecclesiae
1370 2383 1573 2427 primitiuae
1593 2383 1875 2427 pertinentibus“

110 2432 149 2476 (f.
178 2432 267 2476 94¹³).
320 2433 366 2467 Et
400 2434 552 2478 primum
588 2435 731 2479 quidem
760 2434 1046 2468 Centuriatorum
1074 2436 1218 2469 nomina
1254 2447 1385 2479 ponere
1412 2447 1463 2476 ac,
1500 2447 1562 2470 cur
1598 2436 1650 2470 1111
1685 2436 1754 2470 fide
1781 2437 1877 2481 digni

108 2498 176 2520 non
204 2490 333 2528 essent,
361 2488 548 2522 ostendere
574 2488 720 2522 volebat
749 2488 789 2531 (f.
814 2488 1040 2530 953—1031‘).
1083 2488 1219 2522 Deinde
1246 2500 1354 2532 agere
1381 2488 1526 2523 volebat
1551 2490 1669 2534 capite
1696 2490 1810 2534 primo
1837 2491 1879 2524 de

111 2540 240 2573 Ioanne
267 2540 431 2585 Baptista
470 2542 509 2585 (f.
539 2542 782 2584 locta—119³),
822 2542 960 2586 „capite
987 2542 1050 2576 ll.“
1086 2542 1149 2584 „de
1176 2542 1291 2576 Maria
1317 2543 1547 2577 sanctissima
1574 2544 1716 2587 virgine
1742 2545 1874 2578 matr&

112 2593 152 2637 (f.
174 2594 415 2638 lma—125³),
443 2595 560 2639 capite
579 2595 639 2629 111.
664 2595 725 2637 „de
744 2595 852 2629 Petro
872 2595 1124 2640 Apostolorum
1143 2595 1331 2640 Principe⁴⁴
1357 2596 1395 2639 (f.
1418 2595 1667 2641 wsb—162¹),
1686 2598 1803 2642 capite
1819 2598 1879 2632 lV.

114 2647 176 2689 „de
203 2646 356 2681 Doctore
382 2648 542 2691 gentium
563 2648 734 2693 Apostolo
761 2648 892 2682 Paulo“
918 2649 956 2690 (f.
979 2648 1226 2691 1632-1712
1253 2649 1371 2693 capite
1390 2648 1432 2683 V.
1456 2650 1519 2692 „de
1538 2650 1668 2684 Ioanne
1695 2654 1730 2685 et
1753 2651 1880 2686 Iacobo

112 2700 313 2745 Apostolis“
339 2701 378 2743 (f.
400 2702 642 2746 Mla—173³).
682 2702 831 2745 Singula
858 2705 978 2736 autem
1006 2702 1125 2746 capita
1144 2702 1265 2736 varias
1284 2702 1572 2748 complectuntur
1590 2704 1880 2739 Centuriatorum

111 2754 310 2788 sententias
337 2767 416 2789 cum
444 2755 519 2789 suis
549 2756 768 2798 „censuris“‚
804 2755 933 2799 quibus
960 2755 1136 2796 Canisius,
1169 2759 1389 2800 quantopere
1415 2756 1467 2790 illi
1493 2768 1632 2791 sacram
1660 2758 1881 2803 Scripturam

112 2807 470 2852 interpretationibus
497 2809 566 2843 illis
593 2809 801 2854 depravent,
829 2809 1062 2843 demonstrat.

232 2861 425 2896 Praeterea
444 2862 604 2897 Societas
630 2863 711 2897 Iesu
738 2862 846 2896 habet
865 2863 1031 2896 Codicem
1060 2862 1168 2906 (sign.
1191 2863 1298 2906 „Cam
1318 2863 1414 2907 60“)‚
1442 2864 1500 2908 qui
1529 2864 1622 2899 idem
1643 2866 1775 2901 Canisii
1794 2879 1883 2911 opus

113 2915 281 2957 continet,
309 2916 359 2949 ita
385 2919 515 2958 tamen,
542 2918 581 2950 ut
607 2928 672 2950 nec
699 2917 810 2949 totius
838 2916 954 2960 operis
981 2916 1109 2950 titulus
1135 2928 1200 2950 nec
1227 2917 1403 2961 praefatio
1422 2918 1481 2952 Vel
1508 2920 1740 2963 praeambula
1766 2921 1883 2966 posita

114 2970 205 3010 sint;
241 2969 357 3014 ipsum
393 2972 512 3003 autem
547 2981 636 3014 opus
672 2970 742 3003 iam
778 2969 898 3013 aliqua
933 2971 1070 3004 ratione
1105 2970 1375 3015 amplificatum,
1411 2972 1531 3016 aliqua
1558 2976 1781 3008 contractum
1809 2977 1882 3009 est:

120 3022 243 3064 „Liber
277 3023 413 3067 primus
449 3024 491 3056 de
519 3023 652 3057 Christi
683 3034 915 3067 praecursore
942 3023 1072 3057 Ioanne
1103 3023 1287 3068 Baptista⁴⁴
1318 3025 1396 3059 sive
1427 3024 1497 3069 „De
1525 3026 1745 3072 Corruptelis
1772 3027 1882 3062 Verbi

115 3076 191 3110 Dei.
234 3076 340 3110 Liber
366 3076 411 3111 1.“
446 3077 484 3119 (f.
514 3077 688 3120 12—312),
724 3088 787 3121 per
822 3077 941 3121 capita
979 3077 1020 3111 12
1057 3076 1264 3122 dispositus.
1321 3079 1445 3121 „Liber
1479 3081 1669 3123 secundus,
1706 3081 1748 3115 de
1776 3081 1881 3116 Sanc-
