<?xml version="1.0" encoding="UTF-8"?>
<!DOCTYPE html PUBLIC "-//W3C//DTD XHTML 1.0 Transitional//EN"
    "http://www.w3.org/TR/xhtml1/DTD/xhtml1-transitional.dtd">
<html xmlns="http://www.w3.org/1999/xhtml" xml:lang="en" lang="en">
 <head>
  <title>
</title>
<meta http-equiv="Content-Type" content="text/html;charset=utf-8" />
  <meta name='ocr-system' content='tesseract 3.04.00' />
  <meta name='ocr-capabilities' content='ocr_page ocr_carea ocr_par ocr_line ocrx_word'/>
</head>
<body>
  <div class='ocr_page' id='page_1' title='image "beatipetricanisi06cani_0801.png"; bbox 0 0 2044 3335; ppageno 0'>
   <div class='ocr_carea' id='block_1_1' title="bbox 627 93 1336 132">
    <p class='ocr_par' dir='ltr' id='par_1_1' title="bbox 627 93 1336 132">
     <span class='ocr_line' id='line_1_1' title="bbox 627 93 1336 132; baseline -0.007 0"><span class='ocrx_word' id='word_1_1' title='bbox 627 98 762 132; x_wconf 86' lang='lat' dir='ltr'>Diebus</span> <span class='ocrx_word' id='word_1_2' title='bbox 790 97 843 132; x_wconf 88' lang='lat'>14.</span> <span class='ocrx_word' id='word_1_3' title='bbox 863 98 899 130; x_wconf 87' lang='lat' dir='ltr'>et</span> <span class='ocrx_word' id='word_1_4' title='bbox 926 96 980 131; x_wconf 87' lang='lat'>15.</span> <span class='ocrx_word' id='word_1_5' title='bbox 999 94 1207 130; x_wconf 82' lang='lat' dir='ltr'>Decembris</span> <span class='ocrx_word' id='word_1_6' title='bbox 1236 93 1336 128; x_wconf 80' lang='lat'>1567.</span> 
     </span>
    </p>
   </div>
   <div class='ocr_carea' id='block_1_2' title="bbox 105 215 1024 2549">
    <p class='ocr_par' dir='ltr' id='par_1_2' title="bbox 105 215 1024 2549">
     <span class='ocr_line' id='line_1_2' title="bbox 106 215 1004 272; baseline -0.006 -13"><span class='ocrx_word' id='word_1_7' title='bbox 106 219 205 272; x_wconf 88' lang='lat' dir='ltr'>post</span> <span class='ocrx_word' id='word_1_8' title='bbox 236 217 291 258; x_wconf 91' lang='lat' dir='ltr'>ad</span> <span class='ocrx_word' id='word_1_9' title='bbox 316 216 629 258; x_wconf 88' lang='lat' dir='ltr'>Monasterium</span> <span class='ocrx_word' id='word_1_10' title='bbox 662 215 705 257; x_wconf 89' lang='lat' dir='ltr'>in</span> <span class='ocrx_word' id='word_1_11' title='bbox 739 229 822 267; x_wconf 91' lang='lat' dir='ltr'>quo</span> <span class='ocrx_word' id='word_1_12' title='bbox 855 227 1004 266; x_wconf 88' lang='lat' dir='ltr'>recep-</span> 
     </span>
     <span class='ocr_line' id='line_1_3' title="bbox 106 279 1006 325; baseline -0.006 -1"><span class='ocrx_word' id='word_1_13' title='bbox 106 285 176 325; x_wconf 90' lang='lat' dir='ltr'>tus</span> <span class='ocrx_word' id='word_1_14' title='bbox 214 281 297 322; x_wconf 88' lang='lat' dir='ltr'>fuit</span> <span class='ocrx_word' id='word_1_15' title='bbox 329 281 375 323; x_wconf 90' lang='lat' dir='ltr'>P.</span> <span class='ocrx_word' id='word_1_16' title='bbox 410 281 607 322; x_wconf 84' lang='lat' dir='ltr'>Canisius</span> <span class='ocrx_word' id='word_1_17' title='bbox 640 281 694 322; x_wconf 91' lang='lat' dir='ltr'>ab</span> <span class='ocrx_word' id='word_1_18' title='bbox 729 279 929 321; x_wconf 77' lang='lat' dir='ltr'>Abbate1</span> <span class='ocrx_word' id='word_1_19' title='bbox 962 280 1006 319; x_wconf 92' lang='lat' dir='ltr'>et</span> 
     </span>
     <span class='ocr_line' id='line_1_4' title="bbox 105 344 1005 398; baseline -0.003 -11"><span class='ocrx_word' id='word_1_20' title='bbox 105 346 332 388; x_wconf 88' lang='lat' dir='ltr'>Monachis</span> <span class='ocrx_word' id='word_1_21' title='bbox 364 359 524 398; x_wconf 80' lang='lat' dir='ltr'>magna</span> <span class='ocrx_word' id='word_1_22' title='bbox 555 344 808 394; x_wconf 41' lang='lat' dir='ltr'>charitate&amp;</span> <span class='ocrx_word' id='word_1_23' title='bbox 844 347 1005 386; x_wconf 87' lang='lat' dir='ltr'>etcum</span> 
     </span>
     <span class='ocr_line' id='line_1_5' title="bbox 106 411 1006 463; baseline -0.004 -10"><span class='ocrx_word' id='word_1_24' title='bbox 106 412 240 453; x_wconf 91' lang='lat' dir='ltr'>uellet</span> <span class='ocrx_word' id='word_1_25' title='bbox 278 411 424 459; x_wconf 87' lang='lat' dir='ltr'>Pater,</span> <span class='ocrx_word' id='word_1_26' title='bbox 470 413 701 463; x_wconf 77' lang='lat' dir='ltr'>postquam</span> <span class='ocrx_word' id='word_1_27' title='bbox 745 423 896 463; x_wconf 88' lang='lat' dir='ltr'>parum</span> <span class='ocrx_word' id='word_1_28' title='bbox 938 421 1006 449; x_wconf 92' lang='lat' dir='ltr'>re-</span> 
     </span>
     <span class='ocr_line' id='line_1_6' title="bbox 107 472 1009 529; baseline -0.004 -12"><span class='ocrx_word' id='word_1_29' title='bbox 107 474 383 529; x_wconf 68' lang='lat' dir='ltr'>quieuissetb‚</span> <span class='ocrx_word' id='word_1_30' title='bbox 427 474 629 528; x_wconf 80' lang='lat' dir='ltr'>prosequi</span> <span class='ocrx_word' id='word_1_31' title='bbox 665 474 761 523; x_wconf 89' lang='lat' dir='ltr'>iter,</span> <span class='ocrx_word' id='word_1_32' title='bbox 805 473 915 516; x_wconf 78' lang='lat' dir='ltr'>dixit</span> <span class='ocrx_word' id='word_1_33' title='bbox 946 472 1009 514; x_wconf 89' lang='lat' dir='ltr'>illi</span> 
     </span>
     <span class='ocr_line' id='line_1_7' title="bbox 107 538 1010 592; baseline -0.004 -10"><span class='ocrx_word' id='word_1_34' title='bbox 107 541 287 589; x_wconf 74' lang='lat' dir='ltr'>Abbas⁰,</span> <span class='ocrx_word' id='word_1_35' title='bbox 322 539 437 592; x_wconf 89' lang='lat' dir='ltr'>quod</span> <span class='ocrx_word' id='word_1_36' title='bbox 469 553 565 580; x_wconf 92' lang='lat' dir='ltr'>eum</span> <span class='ocrx_word' id='word_1_37' title='bbox 588 539 704 580; x_wconf 88' lang='lat' dir='ltr'>nullo</span> <span class='ocrx_word' id='word_1_38' title='bbox 728 540 852 581; x_wconf 90' lang='lat' dir='ltr'>modo</span> <span class='ocrx_word' id='word_1_39' title='bbox 876 538 1010 580; x_wconf 89' lang='lat' dir='ltr'>uellet</span> 
     </span>
     <span class='ocr_line' id='line_1_8' title="bbox 109 602 1009 656; baseline -0.003 -10"><span class='ocrx_word' id='word_1_40' title='bbox 109 620 159 647; x_wconf 85' lang='lat' dir='ltr'>eo</span> <span class='ocrx_word' id='word_1_41' title='bbox 202 605 269 646; x_wconf 90' lang='lat' dir='ltr'>die</span> <span class='ocrx_word' id='word_1_42' title='bbox 306 604 538 653; x_wconf 78' lang='lat' dir='ltr'>dimittere,</span> <span class='ocrx_word' id='word_1_43' title='bbox 582 618 632 645; x_wconf 92' lang='lat' dir='ltr'>eo</span> <span class='ocrx_word' id='word_1_44' title='bbox 666 604 779 656; x_wconf 89' lang='lat' dir='ltr'>quod</span> <span class='ocrx_word' id='word_1_45' title='bbox 811 602 1009 656; x_wconf 89' lang='lat' dir='ltr'>impossi—</span> 
     </span>
     <span class='ocr_line' id='line_1_9' title="bbox 108 668 1009 721; baseline -0.003 -10"><span class='ocrx_word' id='word_1_46' title='bbox 108 671 193 712; x_wconf 86' lang='lat' dir='ltr'>bile</span> <span class='ocrx_word' id='word_1_47' title='bbox 231 673 347 711; x_wconf 87' lang='lat' dir='ltr'>esset</span> <span class='ocrx_word' id='word_1_48' title='bbox 379 669 569 710; x_wconf 85' lang='lat' dir='ltr'>transire</span> <span class='ocrx_word' id='word_1_49' title='bbox 602 669 761 710; x_wconf 91' lang='lat' dir='ltr'>uallem</span> <span class='ocrx_word' id='word_1_50' title='bbox 794 668 1009 721; x_wconf 86' lang='lat' dir='ltr'>quandam</span> 
     </span>
     <span class='ocr_line' id='line_1_10' title="bbox 109 733 1009 777; baseline -0.004 0"><span class='ocrx_word' id='word_1_51' title='bbox 109 735 289 777; x_wconf 91' lang='lat' dir='ltr'>duorum</span> <span class='ocrx_word' id='word_1_52' title='bbox 312 734 562 776; x_wconf 87' lang='lat' dir='ltr'>milliarium</span> <span class='ocrx_word' id='word_1_53' title='bbox 587 733 942 775; x_wconf 81' lang='lat' dir='ltr'>Germanicorum</span> <span class='ocrx_word' id='word_1_54' title='bbox 966 735 1009 774; x_wconf 91' lang='lat' dir='ltr'>et</span> 
     </span>
     <span class='ocr_line' id='line_1_11' title="bbox 109 798 1011 853; baseline -0.003 -11"><span class='ocrx_word' id='word_1_55' title='bbox 109 815 159 842; x_wconf 89' lang='lat' dir='ltr'>eo</span> <span class='ocrx_word' id='word_1_56' title='bbox 202 799 425 853; x_wconf 68' lang='lat' dir='ltr'>ampliusd,</span> <span class='ocrx_word' id='word_1_57' title='bbox 469 813 563 840; x_wconf 87' lang='grc'><strong>011111</strong></span> <span class='ocrx_word' id='word_1_58' title='bbox 606 801 701 840; x_wconf 88' lang='lat' dir='ltr'>tota</span> <span class='ocrx_word' id='word_1_59' title='bbox 733 798 862 852; x_wconf 88' lang='lat' dir='ltr'>plena</span> <span class='ocrx_word' id='word_1_60' title='bbox 894 800 1011 839; x_wconf 86' lang='lat' dir='ltr'>esset</span> 
     </span>
     <span class='ocr_line' id='line_1_12' title="bbox 110 862 1012 920; baseline -0.004 -13"><span class='ocrx_word' id='word_1_61' title='bbox 110 864 336 920; x_wconf 85' lang='lat' dir='ltr'>profundis</span> <span class='ocrx_word' id='word_1_62' title='bbox 385 863 521 917; x_wconf 84' lang='lat' dir='ltr'>aquis,</span> <span class='ocrx_word' id='word_1_63' title='bbox 573 866 616 906; x_wconf 93' lang='lat' dir='ltr'>et</span> <span class='ocrx_word' id='word_1_64' title='bbox 664 864 777 916; x_wconf 90' lang='lat' dir='ltr'>quod</span> <span class='ocrx_word' id='word_1_65' title='bbox 824 862 1012 904; x_wconf 88' lang='lat' dir='ltr'>rusticus</span> 
     </span>
     <span class='ocr_line' id='line_1_13' title="bbox 111 928 1010 984; baseline -0.003 -12"><span class='ocrx_word' id='word_1_66' title='bbox 111 931 284 984; x_wconf 89' lang='lat' dir='ltr'>quidam</span> <span class='ocrx_word' id='word_1_67' title='bbox 319 943 413 971; x_wconf 89' lang='lat' dir='ltr'>cum</span> <span class='ocrx_word' id='word_1_68' title='bbox 441 929 552 971; x_wconf 92' lang='lat' dir='ltr'>bono</span> <span class='ocrx_word' id='word_1_69' title='bbox 577 943 685 982; x_wconf 91' lang='lat' dir='ltr'>equo</span> <span class='ocrx_word' id='word_1_70' title='bbox 708 928 860 970; x_wconf 87' lang='lat' dir='ltr'>iuisset</span> <span class='ocrx_word' id='word_1_71' title='bbox 882 928 1010 982; x_wconf 91' lang='lat' dir='ltr'>paulo</span> 
     </span>
     <span class='ocr_line' id='line_1_14' title="bbox 110 994 1010 1047; baseline -0.004 -9"><span class='ocrx_word' id='word_1_72' title='bbox 110 999 212 1038; x_wconf 89' lang='lat' dir='ltr'>ante</span> <span class='ocrx_word' id='word_1_73' title='bbox 235 999 284 1037; x_wconf 91' lang='lat' dir='ltr'>ut</span> <span class='ocrx_word' id='word_1_74' title='bbox 304 994 529 1044; x_wconf 86' lang='lat' dir='ltr'>transiret,</span> <span class='ocrx_word' id='word_1_75' title='bbox 554 997 598 1036; x_wconf 94' lang='lat' dir='ltr'>et</span> <span class='ocrx_word' id='word_1_76' title='bbox 621 1008 717 1035; x_wconf 89' lang='lat' dir='ltr'>cum</span> <span class='ocrx_word' id='word_1_77' title='bbox 741 1008 826 1035; x_wconf 89' lang='lat' dir='ltr'>non</span> <span class='ocrx_word' id='word_1_78' title='bbox 848 995 1010 1047; x_wconf 87' lang='lat' dir='ltr'>posset,</span> 
     </span>
     <span class='ocr_line' id='line_1_15' title="bbox 109 1058 1012 1103; baseline -0.003 0"><span class='ocrx_word' id='word_1_79' title='bbox 109 1075 311 1103; x_wconf 88' lang='lat' dir='ltr'>reuersus</span> <span class='ocrx_word' id='word_1_80' title='bbox 351 1062 467 1101; x_wconf 91' lang='lat' dir='ltr'>esset</span> <span class='ocrx_word' id='word_1_81' title='bbox 500 1059 554 1100; x_wconf 85' lang='lat' dir='ltr'>ad</span> <span class='ocrx_word' id='word_1_82' title='bbox 588 1058 925 1101; x_wconf 86' lang='lat' dir='ltr'>Monasterium:</span> <span class='ocrx_word' id='word_1_83' title='bbox 968 1061 1012 1100; x_wconf 92' lang='lat' dir='ltr'>et</span> 
     </span>
     <span class='ocr_line' id='line_1_16' title="bbox 111 1125 1013 1179; baseline -0.002 -12"><span class='ocrx_word' id='word_1_84' title='bbox 111 1126 211 1179; x_wconf 90' lang='lat' dir='ltr'>quia</span> <span class='ocrx_word' id='word_1_85' title='bbox 254 1125 327 1167; x_wconf 90' lang='lat' dir='ltr'>illo</span> <span class='ocrx_word' id='word_1_86' title='bbox 371 1125 438 1166; x_wconf 91' lang='lat' dir='ltr'>die</span> <span class='ocrx_word' id='word_1_87' title='bbox 480 1126 653 1178; x_wconf 90' lang='lat' dir='ltr'>tempus</span> <span class='ocrx_word' id='word_1_88' title='bbox 696 1125 853 1165; x_wconf 90' lang='lat' dir='ltr'>bonum</span> <span class='ocrx_word' id='word_1_89' title='bbox 896 1126 1013 1165; x_wconf 84' lang='lat' dir='ltr'>esset</span> 
     </span>
     <span class='ocr_line' id='line_1_17' title="bbox 114 1189 1014 1244; baseline -0.003 -11"><span class='ocrx_word' id='word_1_90' title='bbox 114 1194 158 1233; x_wconf 91' lang='lat' dir='ltr'>et</span> <span class='ocrx_word' id='word_1_91' title='bbox 198 1205 397 1232; x_wconf 88' lang='lat' dir='ltr'>serenum</span> <span class='ocrx_word' id='word_1_92' title='bbox 440 1190 633 1244; x_wconf 74' lang='lat' dir='ltr'>spirante</span> <span class='ocrx_word' id='word_1_93' title='bbox 675 1189 902 1242; x_wconf 83' lang='lat' dir='ltr'>Aquilone,</span> <span class='ocrx_word' id='word_1_94' title='bbox 945 1189 1014 1230; x_wconf 80' lang='lat' dir='ltr'>fu-</span> 
     </span>
     <span class='ocr_line' id='line_1_18' title="bbox 112 1254 1014 1307; baseline -0.003 -9"><span class='ocrx_word' id='word_1_95' title='bbox 112 1258 257 1299; x_wconf 85' lang='lat' dir='ltr'>turum</span> <span class='ocrx_word' id='word_1_96' title='bbox 291 1259 339 1298; x_wconf 91' lang='lat' dir='ltr'>ut</span> <span class='ocrx_word' id='word_1_97' title='bbox 372 1270 423 1297; x_wconf 88' lang='lat' dir='ltr'>ea</span> <span class='ocrx_word' id='word_1_98' title='bbox 455 1257 582 1297; x_wconf 84' lang='lat' dir='ltr'>nocte</span> <span class='ocrx_word' id='word_1_99' title='bbox 614 1254 851 1296; x_wconf 84' lang='lat' dir='ltr'>imminutis</span> <span class='ocrx_word' id='word_1_100' title='bbox 878 1254 1014 1307; x_wconf 89' lang='lat' dir='ltr'>aquis,</span> 
     </span>
     <span class='ocr_line' id='line_1_19' title="bbox 115 1320 1014 1375; baseline -0.001 -12"><span class='ocrx_word' id='word_1_101' title='bbox 115 1321 313 1375; x_wconf 87' lang='lat' dir='ltr'>sequenti</span> <span class='ocrx_word' id='word_1_102' title='bbox 361 1321 428 1362; x_wconf 89' lang='lat' dir='ltr'>die</span> <span class='ocrx_word' id='word_1_103' title='bbox 477 1334 603 1362; x_wconf 89' lang='lat' dir='ltr'>mane</span> <span class='ocrx_word' id='word_1_104' title='bbox 652 1334 747 1361; x_wconf 89' lang='lat' dir='ltr'>cum</span> <span class='ocrx_word' id='word_1_105' title='bbox 793 1320 1014 1373; x_wconf 88' lang='lat' dir='ltr'>praedicto</span> 
     </span>
     <span class='ocr_line' id='line_1_20' title="bbox 119 1385 1016 1435; baseline -0.004 -6"><span class='ocrx_word' id='word_1_106' title='bbox 119 1387 282 1429; x_wconf 89' lang='lat' dir='ltr'>rustico</span> <span class='ocrx_word' id='word_1_107' title='bbox 317 1386 511 1428; x_wconf 87' lang='lat' dir='ltr'>securius</span> <span class='ocrx_word' id='word_1_108' title='bbox 544 1390 730 1435; x_wconf 75' lang='lat' dir='ltr'>eanius‘&#39;,</span> <span class='ocrx_word' id='word_1_109' title='bbox 771 1387 815 1427; x_wconf 87' lang='lat' dir='ltr'>et</span> <span class='ocrx_word' id='word_1_110' title='bbox 847 1385 909 1426; x_wconf 90' lang='lat' dir='ltr'>ita</span> <span class='ocrx_word' id='word_1_111' title='bbox 941 1385 1016 1426; x_wconf 89' lang='lat' dir='ltr'>illa</span> 
     </span>
     <span class='ocr_line' id='line_1_21' title="bbox 114 1450 1016 1494; baseline -0.002 0"><span class='ocrx_word' id='word_1_112' title='bbox 114 1455 242 1494; x_wconf 88' lang='lat' dir='ltr'>nocte</span> <span class='ocrx_word' id='word_1_113' title='bbox 277 1451 513 1493; x_wconf 87' lang='lat' dir='ltr'>mansimus</span> <span class='ocrx_word' id='word_1_114' title='bbox 546 1451 589 1492; x_wconf 91' lang='lat' dir='ltr'>in</span> <span class='ocrx_word' id='word_1_115' title='bbox 623 1450 904 1492; x_wconf 86' lang='lat' dir='ltr'>Monasterio.</span> <span class='ocrx_word' id='word_1_116' title='bbox 958 1450 1016 1492; x_wconf 87' lang='lat' dir='ltr'>Et</span> 
     </span>
     <span class='ocr_line' id='line_1_22' title="bbox 115 1515 1016 1570; baseline -0.003 -11"><span class='ocrx_word' id='word_1_117' title='bbox 115 1518 162 1561; x_wconf 89' lang='lat' dir='ltr'>P.</span> <span class='ocrx_word' id='word_1_118' title='bbox 186 1517 382 1559; x_wconf 88' lang='lat' dir='ltr'>Canisius</span> <span class='ocrx_word' id='word_1_119' title='bbox 415 1519 595 1570; x_wconf 79' lang='lat' dir='ltr'>rogatus</span> <span class='ocrx_word' id='word_1_120' title='bbox 622 1530 647 1558; x_wconf 90' lang='lat' dir='ltr'>a</span> <span class='ocrx_word' id='word_1_121' title='bbox 669 1515 792 1557; x_wconf 85' lang='lat' dir='ltr'>bonis</span> <span class='ocrx_word' id='word_1_122' title='bbox 814 1515 899 1557; x_wconf 91' lang='lat' dir='ltr'>illis</span> <span class='ocrx_word' id='word_1_123' title='bbox 923 1516 1016 1557; x_wconf 89' lang='lat' dir='ltr'>Mo-</span> 
     </span>
     <span class='ocr_line' id='line_1_23' title="bbox 116 1581 1016 1635; baseline -0.003 -10"><span class='ocrx_word' id='word_1_124' title='bbox 116 1583 278 1634; x_wconf 87' lang='lat' dir='ltr'>nachis,</span> <span class='ocrx_word' id='word_1_125' title='bbox 321 1582 474 1624; x_wconf 81' lang='lat' dir='ltr'>habuit</span> <span class='ocrx_word' id='word_1_126' title='bbox 514 1581 600 1623; x_wconf 91' lang='lat' dir='ltr'>illis</span> <span class='ocrx_word' id='word_1_127' title='bbox 646 1595 695 1623; x_wconf 92' lang='lat' dir='ltr'>eo</span> <span class='ocrx_word' id='word_1_128' title='bbox 736 1581 906 1635; x_wconf 89' lang='lat' dir='ltr'>uesperi</span> <span class='ocrx_word' id='word_1_129' title='bbox 939 1595 1016 1622; x_wconf 78' lang='lat' dir='ltr'>ex-</span> 
     </span>
     <span class='ocr_line' id='line_1_24' title="bbox 114 1646 1016 1690; baseline -0.003 0"><span class='ocrx_word' id='word_1_130' title='bbox 114 1648 406 1690; x_wconf 77' lang='lat' dir='ltr'>hortationem</span> <span class='ocrx_word' id='word_1_131' title='bbox 450 1661 547 1689; x_wconf 87' lang='lat' dir='ltr'>cum</span> <span class='ocrx_word' id='word_1_132' title='bbox 592 1646 895 1689; x_wconf 77' lang='lat' dir='ltr'>satisfactione</span> <span class='ocrx_word' id='word_1_133' title='bbox 929 1660 1016 1688; x_wconf 90' lang='lat' dir='ltr'>om-</span> 
     </span>
     <span class='ocr_line' id='line_1_25' title="bbox 114 1712 1022 1766; baseline -0.002 -11"><span class='ocrx_word' id='word_1_134' title='bbox 114 1714 245 1756; x_wconf 88' lang='lat' dir='ltr'>nium.</span> <span class='ocrx_word' id='word_1_135' title='bbox 310 1712 518 1766; x_wconf 83' lang='lat' dir='ltr'>Sequenti</span> <span class='ocrx_word' id='word_1_136' title='bbox 559 1726 686 1754; x_wconf 87' lang='lat' dir='ltr'>mane</span> <span class='ocrx_word' id='word_1_137' title='bbox 724 1712 838 1754; x_wconf 86' lang='lat' dir='ltr'>dicto</span> <span class='ocrx_word' id='word_1_138' title='bbox 872 1712 1022 1754; x_wconf 84' lang='lat' dir='ltr'>sacros</span> 
     </span>
     <span class='ocr_line' id='line_1_26' title="bbox 115 1778 1017 1832; baseline -0.002 -12"><span class='ocrx_word' id='word_1_139' title='bbox 115 1779 201 1821; x_wconf 89' lang='lat' dir='ltr'>iter</span> <span class='ocrx_word' id='word_1_140' title='bbox 240 1778 427 1832; x_wconf 82' lang='lat' dir='ltr'>ingressi</span> <span class='ocrx_word' id='word_1_141' title='bbox 469 1792 616 1819; x_wconf 89' lang='lat' dir='ltr'>sumus</span> <span class='ocrx_word' id='word_1_142' title='bbox 659 1791 812 1819; x_wconf 89' lang='lat' dir='ltr'>uersus</span> <span class='ocrx_word' id='word_1_143' title='bbox 845 1778 1017 1827; x_wconf 90' lang='lat' dir='ltr'>uallem,</span> 
     </span>
     <span class='ocr_line' id='line_1_27' title="bbox 117 1843 1018 1897; baseline -0.003 -11"><span class='ocrx_word' id='word_1_144' title='bbox 117 1847 299 1897; x_wconf 79' lang='lat' dir='ltr'>agentes</span> <span class='ocrx_word' id='word_1_145' title='bbox 322 1843 489 1897; x_wconf 82' lang='lat' dir='ltr'>gratias</span> <span class='ocrx_word' id='word_1_146' title='bbox 513 1843 631 1897; x_wconf 89' lang='lat' dir='ltr'>prius</span> <span class='ocrx_word' id='word_1_147' title='bbox 651 1843 811 1884; x_wconf 87' lang='lat' dir='ltr'>Abbati</span> <span class='ocrx_word' id='word_1_148' title='bbox 836 1846 903 1884; x_wconf 81' lang='lat' dir='ltr'>etg</span> <span class='ocrx_word' id='word_1_149' title='bbox 927 1843 1018 1884; x_wconf 89' lang='lat' dir='ltr'>eius</span> 
     </span>
     <span class='ocr_line' id='line_1_28' title="bbox 116 1908 1020 1963; baseline -0.002 -12"><span class='ocrx_word' id='word_1_150' title='bbox 116 1910 339 1952; x_wconf 89' lang='lat' dir='ltr'>Monachis</span> <span class='ocrx_word' id='word_1_151' title='bbox 378 1923 455 1963; x_wconf 90' lang='lat' dir='ltr'>pro</span> <span class='ocrx_word' id='word_1_152' title='bbox 489 1912 616 1951; x_wconf 88' lang='lat' dir='ltr'>tanta</span> <span class='ocrx_word' id='word_1_153' title='bbox 649 1908 863 1950; x_wconf 83' lang='lat' dir='ltr'>charitate</span> <span class='ocrx_word' id='word_1_154' title='bbox 897 1908 1020 1950; x_wconf 89' lang='lat' dir='ltr'>nobis</span> 
     </span>
     <span class='ocr_line' id='line_1_29' title="bbox 118 1973 1019 2027; baseline -0.003 -10"><span class='ocrx_word' id='word_1_155' title='bbox 118 1975 325 2017; x_wconf 82' lang='lat' dir='ltr'>exhibita.</span> <span class='ocrx_word' id='word_1_156' title='bbox 365 1974 570 2017; x_wconf 79' lang='lat' dir='ltr'>Rusticus</span> <span class='ocrx_word' id='word_1_157' title='bbox 591 1976 801 2027; x_wconf 87' lang='lat' dir='ltr'>tanquam</span> <span class='ocrx_word' id='word_1_158' title='bbox 820 1973 934 2015; x_wconf 90' lang='lat' dir='ltr'>illius</span> <span class='ocrx_word' id='word_1_159' title='bbox 952 1988 1019 2015; x_wconf 86' lang='lat' dir='ltr'>re-</span> 
     </span>
     <span class='ocr_line' id='line_1_30' title="bbox 117 2040 1021 2094; baseline -0.001 -13"><span class='ocrx_word' id='word_1_160' title='bbox 117 2040 257 2094; x_wconf 82' lang='lat' dir='ltr'>gionis</span> <span class='ocrx_word' id='word_1_161' title='bbox 299 2054 460 2093; x_wconf 84' lang='lat' dir='ltr'>gnarus</span> <span class='ocrx_word' id='word_1_162' title='bbox 506 2040 809 2094; x_wconf 75' lang='lat' dir='ltr'>praecedebat,</span> <span class='ocrx_word' id='word_1_163' title='bbox 857 2042 901 2081; x_wconf 90' lang='lat' dir='ltr'>et</span> <span class='ocrx_word' id='word_1_164' title='bbox 942 2053 1021 2080; x_wconf 91' lang='lat' dir='ltr'>nos</span> 
     </span>
     <span class='ocr_line' id='line_1_31' title="bbox 117 2104 1020 2158; baseline -0.001 -11"><span class='ocrx_word' id='word_1_165' title='bbox 117 2106 418 2158; x_wconf 82' lang='lat' dir='ltr'>sequebamur,</span> <span class='ocrx_word' id='word_1_166' title='bbox 463 2108 507 2146; x_wconf 90' lang='lat' dir='ltr'>et</span> <span class='ocrx_word' id='word_1_167' title='bbox 547 2104 753 2146; x_wconf 83' lang='lat' dir='ltr'>alacriter</span> <span class='ocrx_word' id='word_1_168' title='bbox 786 2105 1020 2146; x_wconf 88' lang='lat' dir='ltr'>descende-</span> 
     </span>
     <span class='ocr_line' id='line_1_32' title="bbox 117 2170 1021 2212; baseline -0.001 0"><span class='ocrx_word' id='word_1_169' title='bbox 117 2171 271 2212; x_wconf 89' lang='lat' dir='ltr'>bamus</span> <span class='ocrx_word' id='word_1_170' title='bbox 314 2184 368 2211; x_wconf 76' lang='lat' dir='ltr'>ex</span> <span class='ocrx_word' id='word_1_171' title='bbox 407 2170 480 2211; x_wconf 90' lang='lat' dir='ltr'>illo</span> <span class='ocrx_word' id='word_1_172' title='bbox 523 2173 670 2212; x_wconf 90' lang='lat' dir='ltr'>monte</span> <span class='ocrx_word' id='word_1_173' title='bbox 704 2170 812 2212; x_wconf 88' lang='lat' dir='ltr'>satis</span> <span class='ocrx_word' id='word_1_174' title='bbox 856 2170 945 2212; x_wconf 88' lang='lat' dir='ltr'>alto</span> <span class='ocrx_word' id='word_1_175' title='bbox 978 2170 1021 2211; x_wconf 91' lang='lat' dir='ltr'>in</span> 
     </span>
     <span class='ocr_line' id='line_1_33' title="bbox 119 2234 1022 2289; baseline -0.001 -12"><span class='ocrx_word' id='word_1_176' title='bbox 119 2250 202 2289; x_wconf 91' lang='lat' dir='ltr'>quo</span> <span class='ocrx_word' id='word_1_177' title='bbox 236 2236 365 2277; x_wconf 89' lang='lat' dir='ltr'>situm</span> <span class='ocrx_word' id='word_1_178' title='bbox 400 2239 496 2277; x_wconf 88' lang='lat' dir='ltr'>erat</span> <span class='ocrx_word' id='word_1_179' title='bbox 522 2234 872 2284; x_wconf 68' lang='lat' dir='ltr'>monasteriumh,</span> <span class='ocrx_word' id='word_1_180' title='bbox 909 2235 1022 2288; x_wconf 89' lang='lat' dir='ltr'>quod</span> 
     </span>
     <span class='ocr_line' id='line_1_34' title="bbox 119 2300 1024 2355; baseline -0.002 -12"><span class='ocrx_word' id='word_1_181' title='bbox 119 2304 223 2355; x_wconf 91' lang='lat' dir='ltr'>puto</span> <span class='ocrx_word' id='word_1_182' title='bbox 264 2301 412 2342; x_wconf 88' lang='lat' dir='ltr'>uocari</span> <span class='ocrx_word' id='word_1_183' title='bbox 445 2300 590 2349; x_wconf 77' lang='lat' dir='ltr'>Ethai,</span> <span class='ocrx_word' id='word_1_184' title='bbox 634 2315 728 2342; x_wconf 87' lang='lat' dir='ltr'>cum</span> <span class='ocrx_word' id='word_1_185' title='bbox 764 2300 855 2341; x_wconf 88' lang='lat' dir='ltr'>dies</span> <span class='ocrx_word' id='word_1_186' title='bbox 889 2300 1024 2342; x_wconf 76' lang='lat' dir='ltr'>esseti</span> 
     </span>
     <span class='ocr_line' id='line_1_35' title="bbox 119 2365 1023 2420; baseline 0 -12"><span class='ocrx_word' id='word_1_187' title='bbox 119 2380 287 2415; x_wconf 88' lang='lat' dir='ltr'>serena,</span> <span class='ocrx_word' id='word_1_188' title='bbox 317 2369 361 2408; x_wconf 89' lang='lat' dir='ltr'>et</span> <span class='ocrx_word' id='word_1_189' title='bbox 383 2366 578 2420; x_wconf 86' lang='lat' dir='ltr'>pulchra.</span> <span class='ocrx_word' id='word_1_190' title='bbox 627 2365 695 2406; x_wconf 91' lang='lat' dir='ltr'>Ad</span> <span class='ocrx_word' id='word_1_191' title='bbox 720 2366 877 2407; x_wconf 87' lang='lat' dir='ltr'>uallem</span> <span class='ocrx_word' id='word_1_192' title='bbox 903 2400 910 2407; x_wconf 95' lang='lat'>.</span> <span class='ocrx_word' id='word_1_193' title='bbox 937 2379 962 2407; x_wconf 89' lang='lat' dir='ltr'>a</span> <span class='ocrx_word' id='word_1_194' title='bbox 986 2365 1023 2408; x_wconf 65' lang='lat'>‚¹³</span> 
     </span>
     <span class='ocr_line' id='line_1_36' title="bbox 120 2430 1022 2484; baseline -0.002 -11"><span class='ocrx_word' id='word_1_195' title='bbox 120 2446 215 2473; x_wconf 86' lang='lat' dir='ltr'>eum</span> <span class='ocrx_word' id='word_1_196' title='bbox 259 2432 558 2473; x_wconf 80' lang='lat' dir='ltr'>uenissemus2</span> <span class='ocrx_word' id='word_1_197' title='bbox 600 2430 716 2472; x_wconf 90' lang='lat' dir='ltr'>aliud</span> <span class='ocrx_word' id='word_1_198' title='bbox 761 2445 845 2472; x_wconf 90' lang='lat' dir='ltr'>non</span> <span class='ocrx_word' id='word_1_199' title='bbox 889 2444 1022 2484; x_wconf 90' lang='lat' dir='ltr'>appa-</span> 
     </span>
     <span class='ocr_line' id='line_1_37' title="bbox 120 2496 1024 2549; baseline -0.002 -11"><span class='ocrx_word' id='word_1_200' title='bbox 120 2497 244 2539; x_wconf 82' lang='lat' dir='ltr'>rebat</span> <span class='ocrx_word' id='word_1_201' title='bbox 268 2511 395 2549; x_wconf 87' lang='lat' dir='ltr'>quam</span> <span class='ocrx_word' id='word_1_202' title='bbox 422 2510 548 2548; x_wconf 87' lang='lat' dir='ltr'>aqua,</span> <span class='ocrx_word' id='word_1_203' title='bbox 573 2499 617 2537; x_wconf 90' lang='lat' dir='ltr'>et</span> <span class='ocrx_word' id='word_1_204' title='bbox 636 2496 835 2538; x_wconf 87' lang='lat' dir='ltr'>altissimi</span> <span class='ocrx_word' id='word_1_205' title='bbox 853 2498 1024 2537; x_wconf 88' lang='lat' dir='ltr'>montes</span> 
     </span>
    </p>
   </div>
   <div class='ocr_carea' id='block_1_3' title="bbox 119 2563 1685 2768">
    <p class='ocr_par' dir='ltr' id='par_1_3' title="bbox 119 2563 1685 2768">
     <span class='ocr_line' id='line_1_38' title="bbox 239 2563 1685 2601; baseline -0.004 -5"><span class='ocrx_word' id='word_1_206' title='bbox 239 2572 267 2599; x_wconf 58' lang='lat' dir='ltr'>a}</span> <span class='ocrx_word' id='word_1_207' title='bbox 282 2578 338 2597; x_wconf 90' lang='lat' dir='ltr'>con</span> <span class='ocrx_word' id='word_1_208' title='bbox 352 2570 447 2596; x_wconf 84' lang='lat' dir='ltr'>molta</span> <span class='ocrx_word' id='word_1_209' title='bbox 462 2570 621 2595; x_wconf 84' lang='lat' dir='ltr'>divozione</span> <span class='ocrx_word' id='word_1_210' title='bbox 635 2577 650 2595; x_wconf 89' lang='lat' dir='ltr'>e</span> <span class='ocrx_word' id='word_1_211' title='bbox 665 2567 760 2595; x_wconf 69' lang='lat' dir='ltr'>carita</span> <span class='ocrx_word' id='word_1_212' title='bbox 775 2571 804 2594; x_wconf 80' lang='lat' dir='ltr'>C.</span> <span class='ocrx_word' id='word_1_213' title='bbox 858 2568 886 2599; x_wconf 84' lang='lat' dir='ltr'>b)</span> <span class='ocrx_word' id='word_1_214' title='bbox 901 2567 1094 2601; x_wconf 82' lang='lat' dir='ltr'>requeuisset</span> <span class='ocrx_word' id='word_1_215' title='bbox 1108 2569 1146 2599; x_wconf 80' lang='lat' dir='ltr'>A;</span> <span class='ocrx_word' id='word_1_216' title='bbox 1160 2566 1296 2599; x_wconf 84' lang='lat' dir='ltr'>riposato</span> <span class='ocrx_word' id='word_1_217' title='bbox 1312 2573 1326 2590; x_wconf 89' lang='lat' dir='ltr'>e</span> <span class='ocrx_word' id='word_1_218' title='bbox 1341 2572 1431 2598; x_wconf 82' lang='lat' dir='ltr'>presa</span> <span class='ocrx_word' id='word_1_219' title='bbox 1444 2564 1473 2590; x_wconf 84' lang='lat' dir='ltr'>la</span> <span class='ocrx_word' id='word_1_220' title='bbox 1487 2563 1642 2590; x_wconf 80' lang='lat' dir='ltr'>refezione</span> <span class='ocrx_word' id='word_1_221' title='bbox 1657 2564 1685 2590; x_wconf 83' lang='lat' dir='ltr'>C.</span> 
     </span>
     <span class='ocr_line' id='line_1_39' title="bbox 119 2605 1627 2645; baseline -0.005 -7"><span class='ocrx_word' id='word_1_222' title='bbox 119 2620 176 2638; x_wconf 87' lang='lat' dir='ltr'>con</span> <span class='ocrx_word' id='word_1_223' title='bbox 197 2612 270 2638; x_wconf 82' lang='lat' dir='ltr'>tutti</span> <span class='ocrx_word' id='word_1_224' title='bbox 292 2613 359 2645; x_wconf 83' lang='lat' dir='ltr'>quei</span> <span class='ocrx_word' id='word_1_225' title='bbox 380 2611 473 2637; x_wconf 83' lang='lat' dir='ltr'>buoni</span> <span class='ocrx_word' id='word_1_226' title='bbox 494 2612 610 2637; x_wconf 84' lang='lat' dir='ltr'>monaci</span> <span class='ocrx_word' id='word_1_227' title='bbox 631 2611 671 2643; x_wconf 80' lang='lat' dir='ltr'>gli</span> <span class='ocrx_word' id='word_1_228' title='bbox 693 2610 783 2640; x_wconf 81' lang='lat' dir='ltr'>disse,</span> <span class='ocrx_word' id='word_1_229' title='bbox 811 2610 865 2636; x_wconf 86' lang='lat' dir='ltr'>che</span> <span class='ocrx_word' id='word_1_230' title='bbox 886 2610 915 2636; x_wconf 88' lang='lat' dir='ltr'>iu</span> <span class='ocrx_word' id='word_1_231' title='bbox 936 2617 1050 2635; x_wconf 86' lang='lat' dir='ltr'>nessun</span> <span class='ocrx_word' id='word_1_232' title='bbox 1069 2608 1159 2634; x_wconf 84' lang='lat' dir='ltr'>modo</span> <span class='ocrx_word' id='word_1_233' title='bbox 1182 2608 1207 2633; x_wconf 84' lang='grc'>01</span> <span class='ocrx_word' id='word_1_234' title='bbox 1228 2605 1439 2633; x_wconf 80' lang='lat' dir='ltr'>laseerebbero</span> <span class='ocrx_word' id='word_1_235' title='bbox 1460 2605 1574 2639; x_wconf 87' lang='lat' dir='ltr'>partire</span> <span class='ocrx_word' id='word_1_236' title='bbox 1597 2610 1627 2631; x_wconf 54' lang='grc' dir='ltr'>τ’.</span> 
     </span>
     <span class='ocr_line' id='line_1_40' title="bbox 120 2648 1421 2686; baseline -0.005 -6"><span class='ocrx_word' id='word_1_237' title='bbox 120 2654 224 2686; x_wconf 83' lang='lat' dir='ltr'>miglia</span> <span class='ocrx_word' id='word_1_238' title='bbox 243 2654 361 2679; x_wconf 84' lang='lat' dir='ltr'>almeno</span> <span class='ocrx_word' id='word_1_239' title='bbox 383 2653 412 2679; x_wconf 77' lang='lat' dir='ltr'>di</span> <span class='ocrx_word' id='word_1_240' title='bbox 434 2653 502 2686; x_wconf 86' lang='lat' dir='ltr'>quel</span> <span class='ocrx_word' id='word_1_241' title='bbox 523 2660 623 2686; x_wconf 86' lang='lat' dir='ltr'>paese,</span> <span class='ocrx_word' id='word_1_242' title='bbox 650 2653 704 2677; x_wconf 85' lang='lat' dir='ltr'>che</span> <span class='ocrx_word' id='word_1_243' title='bbox 725 2652 878 2685; x_wconf 78' lang='lat' dir='ltr'>potevano</span> <span class='ocrx_word' id='word_1_244' title='bbox 901 2659 1004 2677; x_wconf 80' lang='lat' dir='ltr'>essere</span> <span class='ocrx_word' id='word_1_245' title='bbox 1026 2650 1063 2676; x_wconf 87' lang='lat' dir='ltr'>da</span> <span class='ocrx_word' id='word_1_246' title='bbox 1084 2650 1150 2675; x_wconf 85' lang='lat' dir='ltr'>otto</span> <span class='ocrx_word' id='word_1_247' title='bbox 1171 2648 1248 2674; x_wconf 87' lang='lat' dir='ltr'>delle</span> <span class='ocrx_word' id='word_1_248' title='bbox 1269 2648 1376 2674; x_wconf 85' lang='lat' dir='ltr'>nostre</span> <span class='ocrx_word' id='word_1_249' title='bbox 1391 2650 1421 2674; x_wconf 77' lang='lat' dir='ltr'>C.</span> 
     </span>
     <span class='ocr_line' id='line_1_41' title="bbox 594 2690 1308 2727; baseline -0.006 -7"><span class='ocrx_word' id='word_1_250' title='bbox 594 2695 622 2727; x_wconf 83' lang='lat' dir='ltr'>f)</span> <span class='ocrx_word' id='word_1_251' title='bbox 645 2694 730 2719; x_wconf 81' lang='lat' dir='ltr'>detta</span> <span class='ocrx_word' id='word_1_252' title='bbox 750 2694 778 2719; x_wconf 90' lang='lat' dir='ltr'>la</span> <span class='ocrx_word' id='word_1_253' title='bbox 798 2700 899 2719; x_wconf 85' lang='lat' dir='ltr'>messa</span> <span class='ocrx_word' id='word_1_254' title='bbox 920 2700 936 2718; x_wconf 91' lang='lat' dir='ltr'>e</span> <span class='ocrx_word' id='word_1_255' title='bbox 956 2692 1035 2718; x_wconf 82' lang='lat' dir='ltr'>satta</span> <span class='ocrx_word' id='word_1_256' title='bbox 1055 2692 1084 2717; x_wconf 85' lang='lat' dir='ltr'>la</span> <span class='ocrx_word' id='word_1_257' title='bbox 1104 2690 1256 2717; x_wconf 80' lang='lat' dir='ltr'>colezione</span> <span class='ocrx_word' id='word_1_258' title='bbox 1279 2692 1308 2716; x_wconf 49' lang='grc' dir='ltr'>(Ἴ.</span> 
     </span>
     <span class='ocr_line' id='line_1_42' title="bbox 433 2735 1056 2768; baseline -0.005 -7"><span class='ocrx_word' id='word_1_259' title='bbox 433 2737 464 2767; x_wconf 80' lang='lat' dir='ltr'>h)</span> <span class='ocrx_word' id='word_1_260' title='bbox 490 2738 632 2767; x_wconf 71' lang='lat' dir='ltr'>Qucrttuor</span> <span class='ocrx_word' id='word_1_261' title='bbox 659 2745 702 2761; x_wconf 70' lang='lat' dir='ltr'>vr.</span> <span class='ocrx_word' id='word_1_262' title='bbox 723 2744 780 2768; x_wconf 78' lang='lat' dir='ltr'>sqq.</span> <span class='ocrx_word' id='word_1_263' title='bbox 803 2744 858 2760; x_wconf 76' lang='lat' dir='ltr'>›mn</span> <span class='ocrx_word' id='word_1_264' title='bbox 884 2738 952 2760; x_wconf 74' lang='lat' dir='ltr'>sunt</span> <span class='ocrx_word' id='word_1_265' title='bbox 977 2735 1004 2759; x_wconf 84' lang='lat' dir='ltr'>in</span> <span class='ocrx_word' id='word_1_266' title='bbox 1028 2736 1056 2759; x_wconf 76' lang='lat' dir='ltr'>C.</span> 
     </span>
    </p>
   </div>
   <div class='ocr_carea' id='block_1_4' title="bbox 120 2695 672 2811">
    <p class='ocr_par' dir='ltr' id='par_1_4' title="bbox 120 2695 672 2811">
     <span class='ocr_line' id='line_1_43' title="bbox 120 2695 514 2728; baseline -0.003 -7"><span class='ocrx_word' id='word_1_267' title='bbox 120 2698 182 2728; x_wconf 73' lang='lat' dir='ltr'>ipse</span> <span class='ocrx_word' id='word_1_268' title='bbox 203 2697 330 2721; x_wconf 67' lang='lat' dir='ltr'>correxit</span> <span class='ocrx_word' id='word_1_269' title='bbox 350 2704 386 2721; x_wconf 66' lang='lat' dir='ltr'>ea:</span> <span class='ocrx_word' id='word_1_270' title='bbox 406 2695 514 2721; x_wconf 85' lang='lat' dir='ltr'>ituros.</span> 
     </span>
     <span class='ocr_line' id='line_1_44' title="bbox 121 2739 334 2770; baseline -0.005 -7"><span class='ocrx_word' id='word_1_271' title='bbox 121 2739 264 2770; x_wconf 75' lang='lat' dir='ltr'>scriplum</span> <span class='ocrx_word' id='word_1_272' title='bbox 285 2741 334 2762; x_wconf 80' lang='lat' dir='ltr'>est.</span> 
     </span>
     <span class='ocr_line' id='line_1_45' title="bbox 120 2777 672 2811; baseline -0.004 -6"><span class='ocrx_word' id='word_1_273' title='bbox 120 2780 206 2811; x_wconf 76' lang='lat' dir='ltr'>ficari</span> <span class='ocrx_word' id='word_1_274' title='bbox 222 2783 310 2811; x_wconf 77' lang='lat' dir='ltr'>puto:</span> <span class='ocrx_word' id='word_1_275' title='bbox 330 2777 440 2804; x_wconf 70' lang='lat' dir='ltr'>autem.</span> <span class='ocrx_word' id='word_1_276' title='bbox 471 2779 492 2803; x_wconf 89' lang='lat' dir='ltr'><em>C</em></span> <span class='ocrx_word' id='word_1_277' title='bbox 510 2779 595 2803; x_wconf 76' lang='lat' dir='ltr'>habe!</span> <span class='ocrx_word' id='word_1_278' title='bbox 614 2784 672 2803; x_wconf 85' lang='lat' dir='ltr'>ma.</span> 
     </span>
    </p>
   </div>
   <div class='ocr_carea' id='block_1_5' title="bbox 1783 90 1866 131">
    <p class='ocr_par' dir='ltr' id='par_1_5' title="bbox 1783 90 1866 131">
     <span class='ocr_line' id='line_1_46' title="bbox 1783 90 1866 131; baseline 0.012 -1"><span class='ocrx_word' id='word_1_279' title='bbox 1783 90 1866 131; x_wconf 84' lang='lat'>727</span> 
     </span>
    </p>
   </div>
   <div class='ocr_carea' id='block_1_6' title="bbox 1040 205 1886 1766">
    <p class='ocr_par' dir='ltr' id='par_1_6' title="bbox 1040 205 1886 1766">
     <span class='ocr_line' id='line_1_47' title="bbox 1040 205 1869 254; baseline -0.012 -4"><span class='ocrx_word' id='word_1_280' title='bbox 1040 215 1123 250; x_wconf 87' lang='lat' dir='ltr'>tate</span> <span class='ocrx_word' id='word_1_281' title='bbox 1153 213 1200 249; x_wconf 89' lang='lat' dir='ltr'>ab</span> <span class='ocrx_word' id='word_1_282' title='bbox 1230 211 1386 248; x_wconf 89' lang='lat' dir='ltr'>Abbate</span> <span class='ocrx_word' id='word_1_283' title='bbox 1402 210 1424 253; x_wconf 88' lang='lat'>¹,</span> <span class='ocrx_word' id='word_1_284' title='bbox 1463 205 1706 254; x_wconf 86' lang='lat' dir='ltr'>coeterisque</span> <span class='ocrx_word' id='word_1_285' title='bbox 1735 205 1869 242; x_wconf 90' lang='lat' dir='ltr'>Mona-</span> 
     </span>
     <span class='ocr_line' id='line_1_48' title="bbox 1042 277 1871 333; baseline -0.011 -10"><span class='ocrx_word' id='word_1_286' title='bbox 1042 285 1125 323; x_wconf 88' lang='lat' dir='ltr'>chis</span> <span class='ocrx_word' id='word_1_287' title='bbox 1155 287 1345 333; x_wconf 80' lang='lat' dir='ltr'>exceptus</span> <span class='ocrx_word' id='word_1_288' title='bbox 1376 284 1448 327; x_wconf 91' lang='lat' dir='ltr'>est,</span> <span class='ocrx_word' id='word_1_289' title='bbox 1480 283 1519 319; x_wconf 91' lang='lat' dir='ltr'>et</span> <span class='ocrx_word' id='word_1_290' title='bbox 1549 293 1633 317; x_wconf 89' lang='lat' dir='ltr'>cum</span> <span class='ocrx_word' id='word_1_291' title='bbox 1655 278 1765 316; x_wconf 86' lang='lat' dir='ltr'>Patri</span> <span class='ocrx_word' id='word_1_292' title='bbox 1791 277 1871 316; x_wconf 88' lang='lat' dir='ltr'>ani—</span> 
     </span>
     <span class='ocr_line' id='line_1_49' title="bbox 1042 350 1873 406; baseline -0.011 -10"><span class='ocrx_word' id='word_1_293' title='bbox 1042 372 1103 396; x_wconf 90' lang='lat' dir='ltr'>mo</span> <span class='ocrx_word' id='word_1_294' title='bbox 1124 358 1289 402; x_wconf 85' lang='lat' dir='ltr'>sederet,</span> <span class='ocrx_word' id='word_1_295' title='bbox 1311 359 1400 406; x_wconf 87' lang='lat' dir='ltr'>post</span> <span class='ocrx_word' id='word_1_296' title='bbox 1420 357 1573 403; x_wconf 87' lang='lat' dir='ltr'>captam</span> <span class='ocrx_word' id='word_1_297' title='bbox 1590 350 1873 401; x_wconf 85' lang='lat' dir='ltr'>aliquantisper</span> 
     </span>
     <span class='ocr_line' id='line_1_50' title="bbox 1043 425 1873 480; baseline -0.012 -11"><span class='ocrx_word' id='word_1_298' title='bbox 1043 430 1209 480; x_wconf 86' lang='lat' dir='ltr'>quietem</span> <span class='ocrx_word' id='word_1_299' title='bbox 1257 429 1333 467; x_wconf 87' lang='lat' dir='ltr'>iter</span> <span class='ocrx_word' id='word_1_300' title='bbox 1374 426 1581 476; x_wconf 84' lang='lat' dir='ltr'>prosequi,</span> <span class='ocrx_word' id='word_1_301' title='bbox 1629 425 1704 462; x_wconf 91' lang='grc'><strong>1100</strong></span> <span class='ocrx_word' id='word_1_302' title='bbox 1741 426 1873 461; x_wconf 88' lang='lat' dir='ltr'>tamen</span> 
     </span>
     <span class='ocr_line' id='line_1_51' title="bbox 1044 498 1873 548; baseline -0.008 -7"><span class='ocrx_word' id='word_1_303' title='bbox 1044 504 1178 541; x_wconf 86' lang='lat' dir='ltr'>Abbas</span> <span class='ocrx_word' id='word_1_304' title='bbox 1195 502 1255 540; x_wconf 90' lang='lat' dir='ltr'>die</span> <span class='ocrx_word' id='word_1_305' title='bbox 1270 502 1337 539; x_wconf 83' lang='lat' dir='ltr'>illa</span> <span class='ocrx_word' id='word_1_306' title='bbox 1352 514 1394 538; x_wconf 89' lang='lat' dir='ltr'>se</span> <span class='ocrx_word' id='word_1_307' title='bbox 1409 500 1565 537; x_wconf 88' lang='lat' dir='ltr'>minime</span> <span class='ocrx_word' id='word_1_308' title='bbox 1580 498 1873 548; x_wconf 78' lang='lat' dir='ltr'>permissurum,</span> 
     </span>
     <span class='ocr_line' id='line_1_52' title="bbox 1045 572 1874 624; baseline -0.007 -9"><span class='ocrx_word' id='word_1_309' title='bbox 1045 577 1282 621; x_wconf 79' lang='lat' dir='ltr'>affirmabat,</span> <span class='ocrx_word' id='word_1_310' title='bbox 1304 575 1393 624; x_wconf 88' lang='lat' dir='ltr'>quia</span> <span class='ocrx_word' id='word_1_311' title='bbox 1414 574 1656 624; x_wconf 83' lang='lat' dir='ltr'>impossibile</span> <span class='ocrx_word' id='word_1_312' title='bbox 1677 586 1777 619; x_wconf 85' lang='lat' dir='ltr'>esse,</span> <span class='ocrx_word' id='word_1_313' title='bbox 1800 572 1874 610; x_wconf 88' lang='lat' dir='ltr'>aie-</span> 
     </span>
     <span class='ocr_line' id='line_1_53' title="bbox 1046 647 1874 697; baseline -0.006 -9"><span class='ocrx_word' id='word_1_314' title='bbox 1046 653 1124 697; x_wconf 87' lang='lat' dir='ltr'>bat,</span> <span class='ocrx_word' id='word_1_315' title='bbox 1147 651 1300 687; x_wconf 87' lang='lat' dir='ltr'>Vallem</span> <span class='ocrx_word' id='word_1_316' title='bbox 1321 648 1506 697; x_wconf 86' lang='lat' dir='ltr'>traijcere</span> <span class='ocrx_word' id='word_1_317' title='bbox 1527 647 1638 696; x_wconf 87' lang='lat' dir='ltr'>aquis</span> <span class='ocrx_word' id='word_1_318' title='bbox 1659 648 1874 684; x_wconf 78' lang='lat' dir='ltr'>exuberan-</span> 
     </span>
     <span class='ocr_line' id='line_1_54' title="bbox 1045 717 1877 769; baseline -0.005 -11"><span class='ocrx_word' id='word_1_319' title='bbox 1045 724 1145 767; x_wconf 89' lang='lat' dir='ltr'>tem,</span> <span class='ocrx_word' id='word_1_320' title='bbox 1194 723 1450 769; x_wconf 84' lang='lat' dir='ltr'>occupantem</span> <span class='ocrx_word' id='word_1_321' title='bbox 1499 718 1668 767; x_wconf 88' lang='lat' dir='ltr'>spatium</span> <span class='ocrx_word' id='word_1_322' title='bbox 1715 717 1877 755; x_wconf 88' lang='lat' dir='ltr'>duorum</span> 
     </span>
     <span class='ocr_line' id='line_1_55' title="bbox 1046 790 1876 840; baseline -0.004 -9"><span class='ocrx_word' id='word_1_323' title='bbox 1046 794 1269 831; x_wconf 86' lang='lat' dir='ltr'>milliarium</span> <span class='ocrx_word' id='word_1_324' title='bbox 1290 792 1605 837; x_wconf 83' lang='lat' dir='ltr'>Teutonicorum,</span> <span class='ocrx_word' id='word_1_325' title='bbox 1637 794 1675 829; x_wconf 93' lang='lat' dir='ltr'>et</span> <span class='ocrx_word' id='word_1_326' title='bbox 1696 790 1876 840; x_wconf 88' lang='lat' dir='ltr'>amplius,</span> 
     </span>
     <span class='ocr_line' id='line_1_56' title="bbox 1046 864 1878 915; baseline -0.006 -9"><span class='ocrx_word' id='word_1_327' title='bbox 1046 882 1137 906; x_wconf 91' lang='lat' dir='ltr'>nam</span> <span class='ocrx_word' id='word_1_328' title='bbox 1176 881 1263 906; x_wconf 89' lang='lat' dir='ltr'>cum</span> <span class='ocrx_word' id='word_1_329' title='bbox 1292 867 1459 904; x_wconf 87' lang='lat' dir='ltr'>Villious</span> <span class='ocrx_word' id='word_1_330' title='bbox 1499 866 1654 915; x_wconf 86' lang='lat' dir='ltr'>quidam</span> <span class='ocrx_word' id='word_1_331' title='bbox 1692 865 1809 914; x_wconf 89' lang='lat' dir='ltr'>paulo</span> <span class='ocrx_word' id='word_1_332' title='bbox 1838 864 1878 902; x_wconf 89' lang='lat' dir='ltr'>id</span> 
     </span>
     <span class='ocr_line' id='line_1_57' title="bbox 1048 937 1879 988; baseline -0.007 -8"><span class='ocrx_word' id='word_1_333' title='bbox 1048 945 1139 980; x_wconf 88' lang='lat' dir='ltr'>ante</span> <span class='ocrx_word' id='word_1_334' title='bbox 1168 943 1376 986; x_wconf 87' lang='lat' dir='ltr'>tentasset,</span> <span class='ocrx_word' id='word_1_335' title='bbox 1407 938 1572 977; x_wconf 86' lang='lat' dir='ltr'>ulterius</span> <span class='ocrx_word' id='word_1_336' title='bbox 1598 937 1780 988; x_wconf 81' lang='lat' dir='ltr'>progredi</span> <span class='ocrx_word' id='word_1_337' title='bbox 1800 950 1879 975; x_wconf 91' lang='lat' dir='ltr'>non</span> 
     </span>
     <span class='ocr_line' id='line_1_58' title="bbox 1047 1009 1880 1058; baseline -0.007 -7"><span class='ocrx_word' id='word_1_338' title='bbox 1047 1014 1198 1058; x_wconf 85' lang='lat' dir='ltr'>ualens,</span> <span class='ocrx_word' id='word_1_339' title='bbox 1214 1011 1379 1049; x_wconf 90' lang='lat' dir='ltr'>reuertit</span> <span class='ocrx_word' id='word_1_340' title='bbox 1394 1010 1433 1048; x_wconf 91' lang='lat' dir='ltr'>in</span> <span class='ocrx_word' id='word_1_341' title='bbox 1448 1009 1744 1055; x_wconf 86' lang='lat' dir='ltr'>Monasterium,</span> <span class='ocrx_word' id='word_1_342' title='bbox 1760 1020 1880 1057; x_wconf 90' lang='lat' dir='ltr'>quare</span> 
     </span>
     <span class='ocr_line' id='line_1_59' title="bbox 1049 1078 1879 1132; baseline -0.006 -12"><span class='ocrx_word' id='word_1_343' title='bbox 1049 1096 1134 1121; x_wconf 89' lang='lat' dir='ltr'>cum</span> <span class='ocrx_word' id='word_1_344' title='bbox 1156 1081 1478 1132; x_wconf 83' lang='lat' dir='ltr'>purgatissimum</span> <span class='ocrx_word' id='word_1_345' title='bbox 1500 1081 1656 1119; x_wconf 83' lang='lat' dir='ltr'>Coelum</span> <span class='ocrx_word' id='word_1_346' title='bbox 1678 1078 1879 1123; x_wconf 83' lang='lat' dir='ltr'>existeret,</span> 
     </span>
     <span class='ocr_line' id='line_1_60' title="bbox 1050 1148 1880 1204; baseline -0.007 -12"><span class='ocrx_word' id='word_1_347' title='bbox 1050 1153 1294 1204; x_wconf 87' lang='lat' dir='ltr'>spiraretque</span> <span class='ocrx_word' id='word_1_348' title='bbox 1325 1153 1488 1197; x_wconf 85' lang='lat' dir='ltr'>Boreas,</span> <span class='ocrx_word' id='word_1_349' title='bbox 1518 1154 1634 1189; x_wconf 89' lang='grc'><strong>110010</strong></span> <span class='ocrx_word' id='word_1_350' title='bbox 1663 1150 1732 1187; x_wconf 91' lang='lat' dir='ltr'>illa</span> <span class='ocrx_word' id='word_1_351' title='bbox 1759 1148 1880 1187; x_wconf 91' lang='lat' dir='ltr'>immi-</span> 
     </span>
     <span class='ocr_line' id='line_1_61' title="bbox 1050 1219 1883 1272; baseline -0.006 -10"><span class='ocrx_word' id='word_1_352' title='bbox 1050 1228 1146 1263; x_wconf 89' lang='lat' dir='ltr'>nuta</span> <span class='ocrx_word' id='word_1_353' title='bbox 1175 1224 1318 1261; x_wconf 83' lang='lat' dir='ltr'>fuisset</span> <span class='ocrx_word' id='word_1_354' title='bbox 1343 1236 1457 1272; x_wconf 89' lang='lat' dir='ltr'>aqua,</span> <span class='ocrx_word' id='word_1_355' title='bbox 1489 1225 1605 1271; x_wconf 89' lang='lat' dir='ltr'>atque</span> <span class='ocrx_word' id='word_1_356' title='bbox 1626 1221 1682 1259; x_wconf 88' lang='lat' dir='ltr'>ita</span> <span class='ocrx_word' id='word_1_357' title='bbox 1703 1219 1883 1269; x_wconf 89' lang='lat' dir='ltr'>sequenti</span> 
     </span>
     <span class='ocr_line' id='line_1_62' title="bbox 1052 1290 1881 1335; baseline -0.008 -1"><span class='ocrx_word' id='word_1_358' title='bbox 1052 1296 1113 1335; x_wconf 88' lang='lat' dir='ltr'>die</span> <span class='ocrx_word' id='word_1_359' title='bbox 1156 1307 1270 1333; x_wconf 87' lang='lat' dir='ltr'>mane</span> <span class='ocrx_word' id='word_1_360' title='bbox 1316 1307 1402 1331; x_wconf 89' lang='lat' dir='ltr'>cum</span> <span class='ocrx_word' id='word_1_361' title='bbox 1440 1293 1584 1330; x_wconf 81' lang='lat' dir='ltr'>Villico</span> <span class='ocrx_word' id='word_1_362' title='bbox 1628 1292 1752 1329; x_wconf 86' lang='lat' dir='ltr'>tutius</span> <span class='ocrx_word' id='word_1_363' title='bbox 1790 1290 1881 1328; x_wconf 91' lang='lat' dir='ltr'>iuis-</span> 
     </span>
     <span class='ocr_line' id='line_1_63' title="bbox 1052 1361 1884 1414; baseline -0.008 -9"><span class='ocrx_word' id='word_1_364' title='bbox 1052 1380 1203 1411; x_wconf 88' lang='lat' dir='ltr'>semus,</span> <span class='ocrx_word' id='word_1_365' title='bbox 1244 1365 1383 1414; x_wconf 88' lang='lat' dir='ltr'>quibus</span> <span class='ocrx_word' id='word_1_366' title='bbox 1423 1364 1585 1409; x_wconf 85' lang='lat' dir='ltr'>auditis,</span> <span class='ocrx_word' id='word_1_367' title='bbox 1625 1361 1884 1400; x_wconf 87' lang='lat' dir='ltr'>remansimus</span> 
     </span>
     <span class='ocr_line' id='line_1_64' title="bbox 1051 1431 1884 1484; baseline -0.007 -9"><span class='ocrx_word' id='word_1_368' title='bbox 1051 1439 1092 1475; x_wconf 90' lang='lat' dir='ltr'>in</span> <span class='ocrx_word' id='word_1_369' title='bbox 1112 1435 1368 1474; x_wconf 83' lang='lat' dir='ltr'>Monasterio.</span> <span class='ocrx_word' id='word_1_370' title='bbox 1399 1435 1576 1484; x_wconf 88' lang='lat' dir='ltr'>Vespere</span> <span class='ocrx_word' id='word_1_371' title='bbox 1601 1436 1730 1471; x_wconf 88' lang='lat' dir='ltr'>autem</span> <span class='ocrx_word' id='word_1_372' title='bbox 1751 1431 1793 1470; x_wconf 85' lang='lat' dir='ltr'>P.</span> <span class='ocrx_word' id='word_1_373' title='bbox 1815 1432 1884 1470; x_wconf 86' lang='lat' dir='ltr'>Ca-</span> 
     </span>
     <span class='ocr_line' id='line_1_65' title="bbox 1051 1503 1884 1555; baseline -0.008 -9"><span class='ocrx_word' id='word_1_374' title='bbox 1051 1507 1176 1546; x_wconf 87' lang='lat' dir='ltr'>nisius</span> <span class='ocrx_word' id='word_1_375' title='bbox 1207 1508 1255 1544; x_wconf 88' lang='lat' dir='ltr'>ab</span> <span class='ocrx_word' id='word_1_376' title='bbox 1287 1505 1443 1555; x_wconf 88' lang='lat' dir='ltr'>optimis</span> <span class='ocrx_word' id='word_1_377' title='bbox 1473 1503 1680 1542; x_wconf 88' lang='lat' dir='ltr'>Monachis</span> <span class='ocrx_word' id='word_1_378' title='bbox 1710 1505 1884 1551; x_wconf 80' lang='lat' dir='ltr'>rogatus,</span> 
     </span>
     <span class='ocr_line' id='line_1_66' title="bbox 1052 1573 1885 1617; baseline -0.007 -1"><span class='ocrx_word' id='word_1_379' title='bbox 1052 1578 1316 1617; x_wconf 83' lang='lat' dir='ltr'>hortationem</span> <span class='ocrx_word' id='word_1_380' title='bbox 1355 1575 1494 1614; x_wconf 90' lang='lat' dir='ltr'>habuit</span> <span class='ocrx_word' id='word_1_381' title='bbox 1532 1587 1683 1612; x_wconf 88' lang='lat' dir='ltr'>summa</span> <span class='ocrx_word' id='word_1_382' title='bbox 1715 1573 1885 1612; x_wconf 89' lang='lat' dir='ltr'>omnium</span> 
     </span>
     <span class='ocr_line' id='line_1_67' title="bbox 1736 1644 1886 1682; baseline -0.007 0"><span class='ocrx_word' id='word_1_383' title='bbox 1736 1644 1886 1682; x_wconf 90' lang='lat' dir='ltr'>Deinde</span> 
     </span>
     <span class='ocr_line' id='line_1_68' title="bbox 1054 1715 1886 1766; baseline -0.007 -8"><span class='ocrx_word' id='word_1_384' title='bbox 1054 1734 1179 1766; x_wconf 85' lang='lat' dir='ltr'>mane,</span> <span class='ocrx_word' id='word_1_385' title='bbox 1222 1720 1328 1756; x_wconf 88' lang='lat' dir='ltr'>facto</span> <span class='ocrx_word' id='word_1_386' title='bbox 1370 1731 1498 1763; x_wconf 86' lang='lat' dir='ltr'>sacro,</span> <span class='ocrx_word' id='word_1_387' title='bbox 1539 1717 1715 1765; x_wconf 85' lang='lat' dir='ltr'>actisque</span> <span class='ocrx_word' id='word_1_388' title='bbox 1747 1715 1886 1764; x_wconf 80' lang='lat' dir='ltr'>gratijs</span> 
     </span>
    </p>
   </div>
   <div class='ocr_carea' id='block_1_7' title="bbox 1054 1646 1679 1696">
    <p class='ocr_par' dir='ltr' id='par_1_7' title="bbox 1054 1646 1679 1696">
     <span class='ocr_line' id='line_1_69' title="bbox 1054 1646 1679 1696; baseline -0.01 -8"><span class='ocrx_word' id='word_1_389' title='bbox 1054 1649 1327 1688; x_wconf 85' lang='lat' dir='ltr'>satisfactione</span> <span class='ocrx_word' id='word_1_390' title='bbox 1377 1650 1416 1685; x_wconf 94' lang='lat' dir='ltr'>et</span> <span class='ocrx_word' id='word_1_391' title='bbox 1464 1646 1679 1696; x_wconf 84' lang='lat' dir='ltr'>applausu:</span> 
     </span>
    </p>
   </div>
   <div class='ocr_carea' id='block_1_8' title="bbox 1055 1787 1894 2473">
    <p class='ocr_par' dir='ltr' id='par_1_8' title="bbox 1055 1787 1894 2473">
     <span class='ocr_line' id='line_1_70' title="bbox 1055 1787 1888 1837; baseline -0.008 -7"><span class='ocrx_word' id='word_1_392' title='bbox 1055 1791 1214 1837; x_wconf 88' lang='lat' dir='ltr'>Abbati,</span> <span class='ocrx_word' id='word_1_393' title='bbox 1256 1793 1294 1828; x_wconf 89' lang='lat' dir='ltr'>et</span> <span class='ocrx_word' id='word_1_394' title='bbox 1334 1789 1501 1827; x_wconf 85' lang='lat' dir='ltr'>coeteris</span> <span class='ocrx_word' id='word_1_395' title='bbox 1542 1789 1587 1826; x_wconf 92' lang='lat' dir='ltr'>de</span> <span class='ocrx_word' id='word_1_396' title='bbox 1617 1787 1763 1836; x_wconf 84' lang='lat' dir='ltr'>insigni</span> <span class='ocrx_word' id='word_1_397' title='bbox 1793 1799 1888 1835; x_wconf 80' lang='lat' dir='ltr'>erga</span> 
     </span>
     <span class='ocr_line' id='line_1_71' title="bbox 1055 1857 1889 1908; baseline -0.006 -8"><span class='ocrx_word' id='word_1_398' title='bbox 1055 1876 1126 1900; x_wconf 88' lang='lat' dir='ltr'>nos</span> <span class='ocrx_word' id='word_1_399' title='bbox 1161 1861 1355 1899; x_wconf 85' lang='lat' dir='ltr'>charitate</span> <span class='ocrx_word' id='word_1_400' title='bbox 1384 1873 1523 1898; x_wconf 87' lang='lat' dir='ltr'>uersus</span> <span class='ocrx_word' id='word_1_401' title='bbox 1553 1859 1696 1897; x_wconf 83' lang='lat' dir='ltr'>vallem</span> <span class='ocrx_word' id='word_1_402' title='bbox 1725 1857 1889 1908; x_wconf 88' lang='lat' dir='ltr'>arripui-</span> 
     </span>
     <span class='ocr_line' id='line_1_72' title="bbox 1056 1929 1889 1980; baseline -0.005 -10"><span class='ocrx_word' id='word_1_403' title='bbox 1056 1947 1141 1970; x_wconf 88' lang='lat' dir='ltr'>mus</span> <span class='ocrx_word' id='word_1_404' title='bbox 1180 1932 1265 1970; x_wconf 64' lang='grc'><strong>1101.</strong></span> <span class='ocrx_word' id='word_1_405' title='bbox 1327 1931 1492 1969; x_wconf 87' lang='lat' dir='ltr'>Villicus</span> <span class='ocrx_word' id='word_1_406' title='bbox 1530 1930 1663 1980; x_wconf 88' lang='lat' dir='ltr'>itaque</span> <span class='ocrx_word' id='word_1_407' title='bbox 1701 1929 1889 1978; x_wconf 83' lang='lat' dir='ltr'>Regionis</span> 
     </span>
     <span class='ocr_line' id='line_1_73' title="bbox 1058 1999 1889 2053; baseline -0.005 -13"><span class='ocrx_word' id='word_1_408' title='bbox 1058 2007 1245 2053; x_wconf 81' lang='lat' dir='ltr'>expertus</span> <span class='ocrx_word' id='word_1_409' title='bbox 1274 2002 1468 2052; x_wconf 85' lang='lat' dir='ltr'>praeibat,</span> <span class='ocrx_word' id='word_1_410' title='bbox 1501 2005 1540 2040; x_wconf 90' lang='lat' dir='ltr'>et</span> <span class='ocrx_word' id='word_1_411' title='bbox 1559 2014 1630 2039; x_wconf 85' lang='lat' dir='ltr'>nos</span> <span class='ocrx_word' id='word_1_412' title='bbox 1652 2014 1739 2038; x_wconf 90' lang='lat' dir='ltr'>eum</span> <span class='ocrx_word' id='word_1_413' title='bbox 1759 1999 1889 2037; x_wconf 87' lang='lat' dir='ltr'>laetis-</span> 
     </span>
     <span class='ocr_line' id='line_1_74' title="bbox 1059 2070 1891 2123; baseline -0.007 -10"><span class='ocrx_word' id='word_1_414' title='bbox 1059 2076 1154 2114; x_wconf 88' lang='lat' dir='ltr'>sime</span> <span class='ocrx_word' id='word_1_415' title='bbox 1188 2076 1459 2123; x_wconf 86' lang='lat' dir='ltr'>sequebamur,</span> <span class='ocrx_word' id='word_1_416' title='bbox 1500 2086 1520 2111; x_wconf 91' lang='lat' dir='ltr'>e</span> <span class='ocrx_word' id='word_1_417' title='bbox 1550 2076 1681 2110; x_wconf 88' lang='lat' dir='ltr'>monte</span> <span class='ocrx_word' id='word_1_418' title='bbox 1710 2071 1776 2108; x_wconf 92' lang='lat' dir='ltr'>illo</span> <span class='ocrx_word' id='word_1_419' title='bbox 1808 2070 1891 2108; x_wconf 88' lang='lat' dir='ltr'>des-</span> 
     </span>
     <span class='ocr_line' id='line_1_75' title="bbox 1059 2141 1891 2190; baseline -0.008 -6"><span class='ocrx_word' id='word_1_420' title='bbox 1059 2146 1270 2184; x_wconf 87' lang='lat' dir='ltr'>cendentes</span> <span class='ocrx_word' id='word_1_421' title='bbox 1302 2146 1460 2183; x_wconf 82' lang='lat' dir='ltr'>excelso</span> <span class='ocrx_word' id='word_1_422' title='bbox 1491 2143 1603 2188; x_wconf 84' lang='lat' dir='ltr'>satis,</span> <span class='ocrx_word' id='word_1_423' title='bbox 1636 2143 1677 2180; x_wconf 89' lang='lat' dir='ltr'>in</span> <span class='ocrx_word' id='word_1_424' title='bbox 1707 2154 1781 2190; x_wconf 89' lang='lat' dir='ltr'>quo</span> <span class='ocrx_word' id='word_1_425' title='bbox 1811 2141 1891 2178; x_wconf 81' lang='lat' dir='ltr'>Mo-</span> 
     </span>
     <span class='ocr_line' id='line_1_76' title="bbox 1058 2211 1891 2254; baseline -0.008 0"><span class='ocrx_word' id='word_1_426' title='bbox 1058 2216 1275 2254; x_wconf 88' lang='lat' dir='ltr'>nasterium</span> <span class='ocrx_word' id='word_1_427' title='bbox 1306 2215 1424 2253; x_wconf 80' lang='lat' dir='ltr'>situm</span> <span class='ocrx_word' id='word_1_428' title='bbox 1454 2217 1550 2252; x_wconf 87' lang='lat' dir='ltr'>erat.</span> <span class='ocrx_word' id='word_1_429' title='bbox 1598 2216 1642 2250; x_wconf 90' lang='lat' dir='ltr'>vt</span> <span class='ocrx_word' id='word_1_430' title='bbox 1672 2213 1720 2250; x_wconf 88' lang='lat' dir='ltr'>ad</span> <span class='ocrx_word' id='word_1_431' title='bbox 1748 2211 1891 2249; x_wconf 87' lang='lat' dir='ltr'>vallem</span> 
     </span>
     <span class='ocr_line' id='line_1_77' title="bbox 1058 2281 1892 2338; baseline -0.008 -12"><span class='ocrx_word' id='word_1_432' title='bbox 1058 2287 1308 2338; x_wconf 86' lang='lat' dir='ltr'>peruenimus</span> <span class='ocrx_word' id='word_1_433' title='bbox 1323 2289 1349 2332; x_wconf 79' lang='lat'>2,</span> <span class='ocrx_word' id='word_1_434' title='bbox 1388 2285 1486 2323; x_wconf 90' lang='lat' dir='ltr'>nihil</span> <span class='ocrx_word' id='word_1_435' title='bbox 1523 2284 1626 2323; x_wconf 87' lang='lat' dir='ltr'>aliud</span> <span class='ocrx_word' id='word_1_436' title='bbox 1656 2283 1769 2321; x_wconf 85' lang='lat' dir='ltr'>nobis</span> <span class='ocrx_word' id='word_1_437' title='bbox 1800 2281 1892 2331; x_wconf 87' lang='lat' dir='ltr'>obij-</span> 
     </span>
     <span class='ocr_line' id='line_1_78' title="bbox 1061 2353 1894 2406; baseline -0.008 -10"><span class='ocrx_word' id='word_1_438' title='bbox 1061 2359 1249 2404; x_wconf 87' lang='lat' dir='ltr'>ciebatur,</span> <span class='ocrx_word' id='word_1_439' title='bbox 1298 2370 1413 2406; x_wconf 87' lang='lat' dir='ltr'>quam</span> <span class='ocrx_word' id='word_1_440' title='bbox 1456 2369 1580 2405; x_wconf 86' lang='lat' dir='ltr'>aquae</span> <span class='ocrx_word' id='word_1_441' title='bbox 1622 2353 1812 2402; x_wconf 89' lang='lat' dir='ltr'>undique,</span> <span class='ocrx_word' id='word_1_442' title='bbox 1855 2355 1894 2390; x_wconf 87' lang='lat' dir='ltr'>et</span> 
     </span>
     <span class='ocr_line' id='line_1_79' title="bbox 1060 2425 1893 2473; baseline -0.008 -6"><span class='ocrx_word' id='word_1_443' title='bbox 1060 2432 1213 2467; x_wconf 87' lang='lat' dir='ltr'>montes</span> <span class='ocrx_word' id='word_1_444' title='bbox 1236 2425 1548 2471; x_wconf 84' lang='lat' dir='ltr'>eminentissimi,</span> <span class='ocrx_word' id='word_1_445' title='bbox 1574 2438 1623 2463; x_wconf 82' lang='lat' dir='ltr'>ex</span> <span class='ocrx_word' id='word_1_446' title='bbox 1644 2425 1784 2473; x_wconf 83' lang='lat' dir='ltr'>quibus</span> <span class='ocrx_word' id='word_1_447' title='bbox 1806 2436 1893 2461; x_wconf 89' lang='lat' dir='ltr'>eae-</span> 
     </span>
    </p>
   </div>
   <div class='ocr_carea' id='block_1_9' title="bbox 1060 2495 1895 2537">
    <p class='ocr_par' dir='ltr' id='par_1_9' title="bbox 1060 2495 1895 2537">
     <span class='ocr_line' id='line_1_80' title="bbox 1060 2495 1895 2537; baseline -0.008 0"><span class='ocrx_word' id='word_1_448' title='bbox 1060 2499 1146 2537; x_wconf 77' lang='lat' dir='ltr'>dem</span> <span class='ocrx_word' id='word_1_449' title='bbox 1183 2511 1261 2535; x_wconf 78' lang='lat' dir='ltr'>110ss</span> <span class='ocrx_word' id='word_1_450' title='bbox 1302 2509 1417 2535; x_wconf 74' lang='lat' dir='ltr'>SGCUS</span> <span class='ocrx_word' id='word_1_451' title='bbox 1456 2509 1502 2533; x_wconf 72' lang='lat' dir='ltr'>ac</span> <span class='ocrx_word' id='word_1_452' title='bbox 1533 2495 1746 2532; x_wconf 80' lang='lat' dir='ltr'>Torrentes</span> <span class='ocrx_word' id='word_1_453' title='bbox 1776 2495 1895 2531; x_wconf 73' lang='lat' dir='ltr'>abun·</span> 
     </span>
    </p>
   </div>
   <div class='ocr_carea' id='block_1_10' title="bbox 1381 2561 1898 2721">
    <p class='ocr_par' dir='ltr' id='par_1_10' title="bbox 1381 2561 1898 2721">
     <span class='ocr_line' id='line_1_81' title="bbox 1735 2561 1895 2594; baseline -0.006 -6"><span class='ocrx_word' id='word_1_454' title='bbox 1735 2563 1761 2594; x_wconf 83' lang='lat' dir='ltr'>c)</span> <span class='ocrx_word' id='word_1_455' title='bbox 1776 2561 1895 2588; x_wconf 82' lang='lat' dir='ltr'>l&#39;Abate</span> 
     </span>
     <span class='ocr_line' id='line_1_82' title="bbox 1737 2603 1896 2635; baseline 0 -6"><span class='ocrx_word' id='word_1_456' title='bbox 1737 2604 1766 2635; x_wconf 84' lang='lat' dir='ltr'>d)</span> <span class='ocrx_word' id='word_1_457' title='bbox 1789 2604 1819 2629; x_wconf 85' lang='lat' dir='ltr'>di</span> <span class='ocrx_word' id='word_1_458' title='bbox 1839 2603 1896 2629; x_wconf 88' lang='lat' dir='ltr'>due</span> 
     </span>
     <span class='ocr_line' id='line_1_83' title="bbox 1539 2646 1898 2679; baseline -0.006 -7"><span class='ocrx_word' id='word_1_459' title='bbox 1539 2647 1566 2679; x_wconf 84' lang='lat' dir='ltr'>e)</span> <span class='ocrx_word' id='word_1_460' title='bbox 1588 2648 1633 2671; x_wconf 77' lang='lat' dir='ltr'>Ita</span> <span class='ocrx_word' id='word_1_461' title='bbox 1654 2646 1683 2671; x_wconf 77' lang='lat' dir='ltr'>in</span> <span class='ocrx_word' id='word_1_462' title='bbox 1706 2647 1731 2671; x_wconf 75' lang='lat' dir='ltr'>A</span> <span class='ocrx_word' id='word_1_463' title='bbox 1752 2646 1898 2670; x_wconf 76' lang='lat' dir='ltr'>librarius</span> 
     </span>
     <span class='ocr_line' id='line_1_84' title="bbox 1381 2689 1897 2721; baseline -0.006 -7"><span class='ocrx_word' id='word_1_464' title='bbox 1381 2690 1410 2721; x_wconf 80' lang='lat' dir='ltr'>g)</span> <span class='ocrx_word' id='word_1_465' title='bbox 1433 2690 1493 2714; x_wconf 80' lang='lat' dir='ltr'>Hoc</span> <span class='ocrx_word' id='word_1_466' title='bbox 1520 2697 1543 2713; x_wconf 91' lang='lat' dir='ltr'>v.</span> <span class='ocrx_word' id='word_1_467' title='bbox 1564 2689 1593 2713; x_wconf 73' lang='lat' dir='ltr'>in</span> <span class='ocrx_word' id='word_1_468' title='bbox 1617 2690 1641 2713; x_wconf 73' lang='lat' dir='ltr'>A</span> <span class='ocrx_word' id='word_1_469' title='bbox 1667 2696 1761 2719; x_wconf 73' lang='lat' dir='ltr'>supra</span> <span class='ocrx_word' id='word_1_470' title='bbox 1781 2695 1897 2712; x_wconf 71' lang='lat' dir='ltr'>versum</span> 
     </span>
    </p>
   </div>
   <div class='ocr_carea' id='block_1_11' title="bbox 1154 2728 1897 2764">
    <p class='ocr_par' dir='ltr' id='par_1_11' title="bbox 1154 2728 1897 2764">
     <span class='ocr_line' id='line_1_85' title="bbox 1154 2728 1897 2764; baseline -0.005 -7"><span class='ocrx_word' id='word_1_471' title='bbox 1154 2733 1174 2764; x_wconf 87' lang='grc'>1)</span> <span class='ocrx_word' id='word_1_472' title='bbox 1196 2734 1364 2763; x_wconf 73' lang='lat' dir='ltr'>Sequuntur</span> <span class='ocrx_word' id='word_1_473' title='bbox 1384 2732 1400 2755; x_wconf 71' lang='lat'><em>2</em></span> <span class='ocrx_word' id='word_1_474' title='bbox 1423 2739 1462 2755; x_wconf 70' lang='lat' dir='ltr'>rr.</span> <span class='ocrx_word' id='word_1_475' title='bbox 1483 2731 1572 2755; x_wconf 64' lang='lat' dir='ltr'>oblim.</span> <span class='ocrx_word' id='word_1_476' title='bbox 1665 2728 1696 2760; x_wconf 86' lang='lat' dir='ltr'>k)</span> <span class='ocrx_word' id='word_1_477' title='bbox 1717 2729 1781 2760; x_wconf 76' lang='lat' dir='ltr'>Sic;</span> <span class='ocrx_word' id='word_1_478' title='bbox 1805 2729 1897 2760; x_wconf 69' lang='lat' dir='ltr'>siqni-</span> 
     </span>
    </p>
   </div>
   <div class='ocr_carea' id='block_1_12' title="bbox 122 2870 1899 2973">
    <p class='ocr_par' dir='ltr' id='par_1_12' title="bbox 122 2870 1899 2973">
     <span class='ocr_line' id='line_1_86' title="bbox 245 2870 1897 2919; baseline -0.006 -5"><span class='ocrx_word' id='word_1_479' title='bbox 245 2881 254 2900; x_wconf 78' lang='lat'><em>¹</em></span> <span class='ocrx_word' id='word_1_480' title='bbox 280 2879 428 2913; x_wconf 86' lang='lat' dir='ltr'>Nicolao</span> <span class='ocrx_word' id='word_1_481' title='bbox 456 2878 636 2913; x_wconf 83' lang='lat' dir='ltr'>Streitelio</span> <span class='ocrx_word' id='word_1_482' title='bbox 664 2878 741 2912; x_wconf 90' lang='lat' dir='ltr'>sive</span> <span class='ocrx_word' id='word_1_483' title='bbox 761 2877 886 2911; x_wconf 82' lang='lat' dir='ltr'>Streitl</span> <span class='ocrx_word' id='word_1_484' title='bbox 915 2875 1128 2919; x_wconf 86' lang='lat' dir='ltr'>(Catalogus</span> <span class='ocrx_word' id='word_1_485' title='bbox 1147 2873 1340 2914; x_wconf 75' lang='lat' dir='ltr'>Abbatum,</span> <span class='ocrx_word' id='word_1_486' title='bbox 1367 2874 1402 2907; x_wconf 93' lang='lat' dir='ltr'>in</span> <span class='ocrx_word' id='word_1_487' title='bbox 1423 2874 1663 2907; x_wconf 70' lang='lat' dir='ltr'>Monumentis</span> <span class='ocrx_word' id='word_1_488' title='bbox 1679 2871 1799 2906; x_wconf 85' lang='lat' dir='ltr'>Boicis</span> <span class='ocrx_word' id='word_1_489' title='bbox 1817 2870 1897 2912; x_wconf 81' lang='lat' dir='ltr'>VH,</span> 
     </span>
     <span class='ocr_line' id='line_1_87' title="bbox 122 2924 1899 2973; baseline -0.006 -5"><span class='ocrx_word' id='word_1_490' title='bbox 122 2933 303 2968; x_wconf 89' lang='lat' dir='ltr'>Monachii</span> <span class='ocrx_word' id='word_1_491' title='bbox 333 2933 432 2973; x_wconf 84' lang='lat'>1766,</span> <span class='ocrx_word' id='word_1_492' title='bbox 470 2932 549 2966; x_wconf 81' lang='lat'>228.</span> <span class='ocrx_word' id='word_1_493' title='bbox 596 2933 730 2966; x_wconf 61' lang='lat' dir='ltr'>Ludozr.</span> <span class='ocrx_word' id='word_1_494' title='bbox 758 2931 999 2964; x_wconf 73' lang='lat' dir='ltr'>Babenstuber</span> <span class='ocrx_word' id='word_1_495' title='bbox 1024 2928 1065 2963; x_wconf 94' lang='lat' dir='ltr'>O.</span> <span class='ocrx_word' id='word_1_496' title='bbox 1094 2928 1127 2962; x_wconf 79' lang='lat' dir='ltr'>S.</span> <span class='ocrx_word' id='word_1_497' title='bbox 1158 2928 1208 2969; x_wconf 67' lang='lat' dir='ltr'>B„</span> <span class='ocrx_word' id='word_1_498' title='bbox 1244 2926 1445 2960; x_wconf 81' lang='lat' dir='ltr'>Fundatrix</span> <span class='ocrx_word' id='word_1_499' title='bbox 1472 2925 1681 2967; x_wconf 74' lang='lat' dir='ltr'>Ettalensis,</span> <span class='ocrx_word' id='word_1_500' title='bbox 1717 2924 1899 2959; x_wconf 86' lang='lat' dir='ltr'>Monachii</span> 
     </span>
    </p>
   </div>
   <div class='ocr_carea' id='block_1_13' title="bbox 125 2986 423 3029">
    <p class='ocr_par' dir='ltr' id='par_1_13' title="bbox 125 2986 423 3029">
     <span class='ocr_line' id='line_1_88' title="bbox 125 2986 423 3029; baseline -0.01 -7"><span class='ocrx_word' id='word_1_501' title='bbox 125 2987 227 3027; x_wconf 80' lang='lat'>1694,</span> <span class='ocrx_word' id='word_1_502' title='bbox 255 2986 423 3029; x_wconf 85' lang='lat'>90—91).</span> 
     </span>
    </p>
   </div>
   <div class='ocr_carea' id='block_1_14' title="bbox 244 3030 1899 3079">
    <p class='ocr_par' dir='ltr' id='par_1_14' title="bbox 244 3030 1899 3079">
     <span class='ocr_line' id='line_1_89' title="bbox 244 3030 1899 3079; baseline -0.006 -6"><span class='ocrx_word' id='word_1_503' title='bbox 244 3039 256 3059; x_wconf 77' lang='lat'>2</span> <span class='ocrx_word' id='word_1_504' title='bbox 283 3039 382 3072; x_wconf 84' lang='lat' dir='ltr'>Haec</span> <span class='ocrx_word' id='word_1_505' title='bbox 417 3038 525 3072; x_wconf 89' lang='lat' dir='ltr'>vallis</span> <span class='ocrx_word' id='word_1_506' title='bbox 553 3037 657 3072; x_wconf 87' lang='lat' dir='ltr'>Loisa</span> <span class='ocrx_word' id='word_1_507' title='bbox 691 3037 801 3071; x_wconf 89' lang='lat' dir='ltr'>fluvio</span> <span class='ocrx_word' id='word_1_508' title='bbox 831 3034 1014 3079; x_wconf 79' lang='lat' dir='ltr'>(Loisach)</span> <span class='ocrx_word' id='word_1_509' title='bbox 1043 3035 1301 3073; x_wconf 72' lang='lat' dir='ltr'>intersecatur:</span> <span class='ocrx_word' id='word_1_510' title='bbox 1336 3032 1418 3067; x_wconf 85' lang='lat' dir='ltr'>vide</span> <span class='ocrx_word' id='word_1_511' title='bbox 1451 3043 1542 3076; x_wconf 88' lang='lat' dir='ltr'>quae</span> <span class='ocrx_word' id='word_1_512' title='bbox 1569 3031 1635 3065; x_wconf 89' lang='lat' dir='ltr'>sub</span> <span class='ocrx_word' id='word_1_513' title='bbox 1663 3031 1778 3076; x_wconf 87' lang='lat' dir='ltr'>ipsam</span> <span class='ocrx_word' id='word_1_514' title='bbox 1805 3030 1899 3064; x_wconf 84' lang='lat' dir='ltr'>hane</span> 
     </span>
    </p>
   </div>
   <div class='ocr_carea' id='block_1_15' title="bbox 124 3092 536 3127">
    <p class='ocr_par' dir='ltr' id='par_1_15' title="bbox 124 3092 536 3127">
     <span class='ocr_line' id='line_1_90' title="bbox 124 3092 536 3127; baseline -0.005 0"><span class='ocrx_word' id='word_1_515' title='bbox 124 3093 335 3127; x_wconf 82' lang='lat' dir='ltr'>relationem</span> <span class='ocrx_word' id='word_1_516' title='bbox 362 3092 536 3125; x_wconf 87' lang='lat' dir='ltr'>dicentur.</span> 
     </span>
    </p>
   </div>
  </div>
 </body>
</html>
