2044 3335
110 97 195 138 330
620 91 720 126 1672.
749 90 914 126 Canisius
940 89 979 124 P.
998 89 1182 123 Leonardo
1208 88 1348 123 Kessel.

109 228 205 255 cum
238 212 415 265 reliquis
447 210 693 259 lectoribus,
735 209 848 262 quib.
881 208 989 249 haec
1021 207 1336 250 sententiarum
1369 207 1493 261 copia
1525 206 1657 248 ullum
1691 205 1872 256 adferet,

109 281 157 320 ut
198 278 345 332 procul
379 276 506 318 dubio
540 274 723 324 adferet,
768 273 1118 322 emolumentum,
1161 272 1330 314 domino
1373 270 1636 326 adspirante.
1701 270 1874 312 Faciam

111 343 223 396 quod
246 343 291 385 P.
318 341 466 384 Surius
482 342 495 367 1
527 340 749 381 uobiscum
772 339 990 389 admonet,
1024 339 1072 379 ut
1095 336 1293 380 Pontifici
1315 336 1536 379 Maximo2
1559 335 1874 390 Typographus

109 411 199 451 tam
240 407 350 449 fidus
392 408 436 448 et
476 405 571 459 pius
613 403 949 446 commendetur.
1024 401 1233 455 Quicquid
1274 405 1420 445 autem
1466 402 1666 443 effectum
1711 400 1875 442 Romae

109 472 252 522 fuerit,
287 471 466 513 reddam
487 484 565 512 uos
587 469 684 511 ilico
708 469 928 517 certiores,
963 481 1058 508 cum
1082 467 1385 521 responderint
1417 466 1469 508 de
1501 465 1646 519 gratia
1671 478 1876 507 concessa

108 536 338 592 priuilegij.
394 536 526 589 Spero
561 536 706 577 autem
739 533 880 575 isthuc
912 533 998 574 iam
1031 532 1168 574 allata
1190 545 1297 582 esse,
1332 545 1443 585 quae
1464 531 1523 574 M.
1548 530 1739 573 Gerardo
1772 543 1876 583 que-

109 601 222 644 renti
254 601 469 655 respondi.
514 597 758 641 Numerata
781 601 848 640 est
870 597 916 640 P.
941 597 1207 639 Theodorico
1239 596 1365 639 fratri
1394 610 1489 638 meo
1522 609 1623 650 pars
1654 594 1875 650 pecuniae,

111 668 162 709 de
196 681 280 720 qua
311 666 424 708 idem
457 666 692 720 scripserat
723 678 809 705 una
842 677 939 705 cum
971 662 1171 704 Materno
1205 661 1403 704 Cholino:
1441 661 1518 703 sed
1549 660 1760 713 reliquum
1791 674 1876 701 non

110 732 241 774 soluit
272 731 557 784 Augustanus
588 728 835 783 bibliopola,
869 727 921 769 de
954 741 1037 780 quo
1059 727 1285 769 Maternus
1318 727 1372 768 ad
1404 739 1473 767 me
1506 725 1692 779 scripsit,
1726 727 1877 778 utpote

111 796 184 850 qui
216 796 329 838 diem
352 796 509 838 clausit
531 797 775 837 extremum
789 794 819 836 3.
863 792 1063 834 Scatulas
1097 794 1242 834 autem
1275 792 1329 833 ad
1362 791 1584 833 sororem4
1617 804 1712 832 esse
1732 792 1878 832 trans-

111 862 267 903 missas
299 861 482 914 gaudeo.

231 925 400 968 Christo
423 925 591 978 gratias
614 924 796 978 agimus,
822 923 1030 965 Senatum
1052 921 1180 964 isthic
1202 936 1280 976 pro
1305 921 1441 965 veteri
1463 921 1555 963 zelo
1578 935 1668 962 rem
1691 919 1879 961 Catholi-

113 1005 207 1034 cam
250 1004 541 1045 propugnare,
588 992 632 1032 et
676 989 884 1043 profugos
928 987 1167 1040 Religionis
1212 1001 1315 1040 ergo
1360 986 1590 1028 excludere
1635 985 1878 1038 diligenter.

113 1057 351 1098 Conseruet
390 1055 476 1097 illis
508 1054 703 1097 Christus
735 1055 847 1096 hanc
878 1053 1167 1095 immortalem
1201 1051 1397 1105 gloriam,
1441 1065 1569 1104 quam
1602 1065 1697 1092 cum
1730 1049 1880 1104 paucis

113 1121 286 1176 Imperij
320 1120 571 1162 ciuitatibus
603 1120 766 1162 habent
798 1132 1066 1161 communem
1079 1119 1109 1161 5.

232 1185 461 1228 Rossensis
493 1187 662 1238 martyr
678 1184 751 1226 ille
774 1186 952 1226 sanctus
974 1185 1127 1224 contra
1159 1182 1395 1224 Willenum
1428 1181 1614 1235 scripsit,
1649 1183 1693 1223 et
1724 1180 1880 1222 librum

113 1251 241 1293 isthic
273 1253 374 1293 ante
407 1251 567 1292 multos
599 1263 736 1291 annos
769 1249 932 1291 editum
964 1247 1064 1290 uidi.
1098 1247 1265 1290 utinam
1293 1246 1424 1289 liceat
1447 1261 1543 1288 eum
1566 1246 1646 1288 hoc
1678 1246 1771 1287 loco
1804 1259 1882 1299 per

114 1330 192 1358 uos
215 1315 424 1370 accipere.
469 1315 653 1365 Quentel
685 1315 805 1356 illum
839 1313 1028 1364 excudit,
1064 1316 1109 1355 et
1142 1312 1284 1354 breuis
1317 1315 1384 1354 est
1416 1312 1557 1366 plane.
1601 1311 1735 1352 Miror
1766 1310 1881 1352 illius

115 1380 310 1424 authoris
343 1394 476 1435 opera
498 1380 624 1422 simul
647 1394 732 1421 non
756 1379 836 1422 edi.
882 1379 965 1421 Sed
987 1392 1066 1419 nos
1089 1378 1143 1420 ad
1165 1377 1396 1431 legendum
1418 1380 1597 1431 propter
1619 1377 1670 1418 D.
1690 1376 1880 1426 Petrum,

114 1461 200 1488 non
233 1446 287 1488 ad
320 1445 632 1495 excudendum,
666 1445 779 1486 hunc
813 1444 1109 1486 desideramus
1141 1443 1332 1485 libellum
1346 1443 1374 1484 6.

233 1510 423 1553 Adiunxi
465 1524 542 1564 pro
576 1511 626 1552 D.
651 1509 837 1552 Rhetio⁷
879 1509 1090 1562 quaedam
1125 1507 1394 1558 Germanica,
1438 1520 1548 1560 quae
1588 1505 1759 1548 nouerit
1789 1505 1882 1560 ipse

115 1591 193 1631 pro
234 1591 313 1618 sua
353 1575 396 1616 in
437 1589 506 1617 me
547 1574 762 1617 charitate
803 1575 901 1616 boni
944 1573 1180 1623 consulere,
1224 1575 1268 1615 et
1308 1572 1496 1616 fortasse
1534 1571 1802 1625 quibusdam,
1845 1570 1881 1612 si

117 1640 342 1696 placuerit,
377 1639 706 1682 communicare.

241 1804 251 1824 ¹
286 1805 324 1838 P.
353 1803 569 1838 Laurentius
595 1803 720 1837 Surius
748 1801 983 1837 Oartusianus
1019 1801 1250 1843 coloniensis3
1287 1801 1388 1835 cuius
1419 1800 1546 1843 „Vitae
1576 1798 1807 1833 Sanctorum‘*
1839 1809 1884 1832 ex

121 1858 256 1893 Calenii
283 1858 428 1891 officina
454 1859 490 1891 in
515 1857 632 1892 lucem
659 1856 865 1901 proditurae
892 1858 1006 1890 erant.

238 1911 251 1932 ²
277 1911 311 1945 S.
331 1911 397 1945 Pio
412 1911 474 1951 V.;
503 1911 546 1944 de
571 1910 762 1955 privilegio
788 1909 1051 1954 typographico
1078 1908 1122 1942 ab
1149 1920 1189 1941 eo
1216 1918 1385 1942 concesso
1412 1918 1446 1940 v.
1466 1906 1569 1947 infra,
1596 1917 1689 1939 mon.
1708 1905 1776 1939 litt.
1795 1904 1884 1948 (31).

239 1965 252 1984 a
279 1964 455 2007 Georgius
473 1963 604 1997 Willer
635 1963 808 2005 „semol-⁴⁴,
844 1962 946 1996 cuius
981 1973 1090 2007 opera
1117 1960 1281 1995 Canisius
1307 1970 1562 2003 nonnunquam
1588 1958 1765 1999 utebatur,
1802 1960 1885 1992 ante

119 2030 150 2052 a.
172 2017 263 2052 1593
302 2020 464 2051 mortuus
501 2028 572 2050 non
605 2019 659 2050 est
688 2016 750 2060 (K.
780 2018 893 2059 Steiff,
921 2015 1062 2056 Willer,
1100 2015 1136 2048 in
1166 2014 1410 2057 „Allgemeine
1437 2012 1619 2047 Deutsche
1645 2011 1881 2056 Biographie“

119 2071 236 2105 XLIII
261 2070 359 2112 ⁴269).
411 2069 687 2104 Francofurtum
723 2068 767 2102 ad
793 2069 962 2102 Moenum
988 2069 1156 2111 Augusta
1190 2067 1234 2101 ad
1269 2067 1440 2101 librorum
1476 2067 1674 2100 mercatum
1709 2066 1886 2098 venerunt

122 2124 280 2169 (praeter
298 2122 506 2167 Willerum)
545 2134 575 2156 a.
607 2122 696 2156 1565
733 2124 769 2155 et
797 2122 887 2156 1566
914 2122 1065 2156 Ioannes
1091 2119 1331 2161 Burtenbach,
1367 2131 1399 2154 a.
1430 2120 1531 2160 1565,
1569 2118 1671 2160 1566,
1700 2118 1790 2152 1568
1827 2117 1885 2151 Se-

118 2177 304 2211 bastianus
330 2175 545 2210 Rosenblatt
573 2175 718 2218 (Heinr.
734 2175 939 2218 Palzmcmn,
966 2173 1139 2218 Sigmund
1166 2173 1408 2218 Feyerabend,
1435 2173 1470 2206 in
1493 2171 1650 2214 „Archiv
1676 2171 1734 2204 fiir
1750 2169 1884 2204 Frank-

119 2231 213 2265 furts
240 2229 456 2264 Geschichte
483 2229 555 2262 und
581 2229 734 2267 Kunst“,
763 2227 956 2268 N.F.V11‚
983 2227 1182 2260 Frankfurt
1210 2226 1312 2268 1881,
1340 2226 1407 2260 128
1437 2225 1533 2268 132).

239 2285 251 2303 ⁴¹
278 2282 529 2317 VVendelinam
573 2281 680 2315 Canis
723 2280 909 2315 Godefridi
950 2291 1033 2314 vom
1068 2279 1187 2313 Triest
1229 2279 1375 2313 viduam
1417 2277 1614 2322 significari
1655 2278 1758 2322 put0;
1802 2276 1885 2310 vide

122 2348 230 2382 supra
256 2348 289 2381 p.
309 2336 365 2370 22.

240 2391 252 2410 ⁵
278 2389 490 2430 Lutherani,
526 2387 745 2429 Calviniani,
780 2386 1061 2432 Anabaptistae‚
1100 2385 1276 2431 imprimis
1314 2385 1457 2430 plurimi
1487 2383 1651 2427 „Geusii“
1690 2394 1736 2416 ex
1760 2382 1885 2424 Belgio

120 2443 214 2488 pulsi
241 2442 423 2477 Coloniam
450 2443 671 2486 irrepserant
707 2443 743 2475 et
768 2440 900 2474 ibidem
926 2441 1048 2474 domos
1083 2439 1295 2473 locaverant
1329 2450 1371 2473 ac
1396 2438 1539 2472 scholas
1574 2439 1609 2471 et
1635 2435 1886 2470 conventicula

121 2496 213 2530 clam
239 2496 437 2535 habebant:
466 2506 556 2540 quos
581 2496 730 2529 senatus
756 2506 802 2528 ex
827 2494 915 2528 urbe
941 2493 1040 2527 exire
1067 2493 1183 2527 edicto
1209 2493 1241 2526 6.
1266 2491 1401 2537 Ap1ilis
1429 2491 1519 2525 1569
1550 2489 1645 2524 edito
1671 2489 1795 2529 iussit3
1823 2500 1886 2533 per

121 2548 283 2591 singulas
309 2560 451 2592 quoque
486 2547 687 2592 parochias,
723 2547 870 2581 ubinam
897 2546 1020 2581 Geusii
1055 2557 1226 2580 eorumve
1261 2544 1397 2579 similes
1432 2543 1646 2583 habitarent,
1682 2542 1886 2586 quaesitum

123 2604 194 2635 est:
233 2602 325 2644 quod
352 2614 438 2635 vero
465 2602 509 2635 ad
537 2612 658 2635 eorum
686 2600 933 2644 expulsionem
960 2599 1102 2641 attinet,
1129 2610 1187 2633 res
1213 2598 1309 2632 haud
1335 2597 1387 2632 ita
1413 2596 1505 2631 serio
1531 2598 1587 2630 est
1612 2597 1693 2629 acta
1722 2595 1886 2638 (Hansen

122 2654 144 2686 l.
164 2665 193 2687 0.
214 2655 327 2687 567-
287 2654 429 2695 -577).

242 2707 254 2726 ⁶
283 2706 458 2747 Canisius‚
494 2718 586 2750 quae
614 2707 882 2741 Centuriatores
914 2706 957 2740 de
983 2704 1017 2739 S.
1036 2705 1145 2739 Petro
1171 2704 1332 2749 apostolo
1359 2703 1589 2747 scripserant,
1624 2701 1800 2744 singulari
1831 2711 1885 2734 ra-

122 2759 218 2792 tione
245 2758 408 2793 refellere
435 2759 598 2800 volebat;
630 2772 664 2794 v.
691 2760 795 2802 infra,
822 2771 915 2793 mon.
942 2759 1013 2792 litt.
1043 2758 1136 2802 (44).
1187 2757 1239 2791 De
1265 2757 1304 2792 B.
1332 2755 1474 2790 Ioannis
1500 2754 1626 2788 Fisher
1652 2754 1752 2795 libro,
1779 2765 1886 2798 quem

123 2811 229 2845 huius
256 2813 306 2845 rei
333 2812 451 2853 gratia
477 2813 684 2855 quaerebat,
711 2813 793 2847 vide
819 2824 911 2856 quae
938 2812 1004 2846 sub
1031 2812 1128 2856 ipsas
1154 2810 1220 2844 has
1245 2810 1388 2844 litteras
1414 2808 1587 2849 dicentur,
1613 2819 1647 2842 11.
1669 2808 1699 2842 1.

244 2865 255 2884 ⁷
282 2865 412 2897 Ioanne
438 2864 565 2898 Rethio
599 2865 631 2899 S.
658 2866 691 2900 J.
727 2868 875 2909 regente
910 2864 1090 2910 gymnasii
1128 2864 1237 2897 trium
1275 2873 1485 2897 coronarum
1520 2861 1744 2895 coloniensis.
1794 2861 1886 2894 Her-

123 2929 276 2951 manmcs
309 2918 591 2952 Hamelmamzus
628 2918 795 2952 sacerdos
834 2920 999 2963 apostata
1037 2918 1080 2951 de
1118 2917 1204 2950 urbe
1243 2915 1390 2950 Colonia
1427 2914 1492 2949 sub
1531 2925 1563 2948 a.
1592 2914 1682 2948 1568
1720 2913 1884 2958 scripsit:

128 2970 271 3013 „Magni
297 2972 382 3003 sunt
406 2970 510 3003 hodie
538 2970 585 3003 ibi
610 2970 781 3015 Papistae
808 2973 843 3005 et
870 2971 1100 3015 Papistarum
1126 2970 1285 3010 Patroni,
1313 2968 1355 3002 D.
1374 2967 1526 3001 Rethius
1553 2970 1588 3001 et
1612 2967 1653 3000 D.
1672 2966 1885 3000 Franciscus

126 3021 335 3068 [Costerus]‚
374 3022 547 3063 Jesuitae,
586 3034 667 3056 oum
703 3025 777 3057 toto
812 3024 848 3057 in
883 3024 999 3057 Bursa
1035 3033 1246 3057 coronarum
1280 3032 1374 3055 nova
1410 3020 1568 3063 Collegio
1595 3019 1788 3054 Jesuitico“
1818 3021 1885 3053 etc.

126 3075 260 3121 (Opera
287 3074 717 3118 genealogico-historica‚
745 3076 797 3111 ed.
825 3078 867 3109 E.
890 3078 926 3110 C.
947 3077 1187 3115 I‘Vasserbaclt,
1216 3073 1432 3117 Lemgoviae
1452 3074 1553 3114 1711,
1575 3072 1837 3114 1340—1341).
