2044 3335
739 100 769 134 7.
791 101 827 133 et
852 100 884 134 9.
904 98 1124 144 Septembris
1153 99 1253 133 1567.
1584 71 1587 74 Ι
1786 100 1871 141 559

110 214 193 249 hinc
219 212 369 248 Romam
403 213 587 258 profectus
623 216 712 249 est1.
763 215 830 249 His
864 215 915 249 ita
941 215 1147 249 constitutis
1172 214 1338 249 Decanus
1372 214 1485 249 nostri
1520 225 1730 258 responsum
1757 215 1874 257 vrget,

111 268 171 311 qui
205 269 326 301 tamen
362 265 592 301 dissimulans
628 267 776 302 aliorum
816 268 1004 313 colloquijs
1041 268 1262 313 interpositis
1296 266 1385 301 nihil
1423 268 1626 312 respondit,
1662 269 1696 301 et
1732 267 1782 301 ita
1817 278 1876 300 res

108 322 292 354 transacta
319 320 404 354 est.⁴‘
429 346 435 353 .
456 345 463 353 .
483 345 491 353 .

233 373 309 415 „Ex
342 374 445 418 parte
479 375 602 407 nostra
637 375 692 407 est
718 386 789 408 vna
824 374 895 408 alia
930 374 1126 409 difficultas
1159 374 1326 408 nimirum
1352 373 1421 408 loci
1447 376 1483 408 et
1508 373 1617 419 officij
1644 372 1875 408 instabilitas.

111 425 302 460 Jnterdum
329 425 421 459 enim
449 437 494 459 ex
520 438 590 460 vno
617 427 733 461 officio
760 428 795 461 in
813 427 910 461 aliud
937 430 1127 468 mutamur,
1155 426 1253 468 Quod
1281 430 1321 461 vt
1340 427 1443 460 audio
1470 438 1539 461 non
1557 427 1672 461 solum
1699 426 1877 471 facultatj,

111 490 235 512 verum
263 480 370 513 etiam
397 479 464 513 toti
490 480 705 514 Academiae
740 485 776 514 et
809 481 879 525 ipsi
904 480 1063 525 Principi
1090 480 1320 514 vehementer
1354 479 1528 524 displicet,
1563 480 1625 514 sed
1652 479 1719 514 hoc
1750 491 1877 524 parum

111 534 217 573 esset,
244 531 311 566 nisi
338 532 420 566 inde
446 532 542 566 aliud
560 534 776 577 proueniret,
803 534 895 578 quod
922 534 1034 567 multo
1052 534 1168 567 maius
1193 535 1257 574 est,
1286 533 1426 566 Etenim
1452 533 1653 567 huiusmodi
1672 532 1879 567 mutationi-

110 584 177 619 bus
211 584 370 619 fructum
405 585 464 619 vel
499 587 660 628 omnino,
696 587 755 621 vel
790 587 918 621 saltem
953 598 1085 630 magna
1120 598 1164 620 ex
1200 589 1302 630 parte
1344 586 1507 630 impediri
1548 597 1735 620 necessum
1771 588 1878 621 esset.

110 639 227 672 Antea
262 638 354 672 enim
391 650 497 682 quam
525 639 605 683 quis
639 652 759 674 eorum
796 640 924 684 quibus
960 651 1048 685 opus
1083 640 1138 673 est
1172 638 1450 682 intelligentiam
1486 642 1700 683 assequatur
1725 639 1878 673 multum

109 691 281 735 temporis
300 691 463 732 elabitur,
491 690 589 732 Quod
617 692 647 726 si
666 695 752 727 tunc
778 693 830 727 illi
849 693 1101 727 discedendum
1128 693 1232 731 foret,
1259 694 1322 726 aut
1349 691 1455 736 paulo
1483 693 1573 736 post,
1599 692 1720 726 nullus
1738 692 1878 726 fructus

112 746 323 787 emergeret.
374 745 475 779 Addo
502 745 595 789 quod
623 758 692 779 non
719 746 842 780 statim
869 746 1067 780 animorum
1094 745 1345 779 beneuolentia
1372 746 1407 778 et
1442 745 1643 778 authoritas
1669 744 1880 778 conciliatur

111 808 219 841 quam
245 809 461 843 magnopere
488 799 623 832 referre
649 799 693 833 ad
720 802 879 834 nostrum
908 799 1113 833 institutum
1141 801 1277 833 certum
1310 799 1396 832 est.“
1450 797 1580 831 Posset
1606 798 1747 841 quidem
1775 797 1879 839 effici,

111 852 152 884 ut
178 850 251 884 dux
270 850 391 885 Socios
417 851 540 885 statim
562 852 598 885 in
624 852 839 887 facultatem
862 853 972 897 recipi
992 852 1148 893 iuberet;
1176 863 1292 895 neque
1319 850 1463 884 dubium
1492 852 1557 892 est,
1584 851 1668 894 quin
1687 850 1881 884 academici

111 903 146 937 id
173 904 303 938 facturi
332 906 464 938 essent.
515 904 583 938 Sed
610 905 641 939 si
666 905 718 939 ita
744 917 943 949 ageremus,
971 917 1040 949 qua
1066 906 1183 939 fronte
1209 903 1473 949 postularemus
1501 914 1521 937 a
1548 904 1706 947 reliquis,
1739 906 1780 936 ut
1804 902 1881 936 uni-

111 957 297 991 versitatis
323 957 423 1000 leges
448 959 666 992 servarent?
716 958 841 1003 Neque
876 971 918 993 ea
953 959 1090 993 ratione
1116 958 1228 992 Sociis
1263 957 1412 1001 reliqua,
1449 957 1578 1000 quibus
1615 957 1788 1000 indigent,
1818 955 1880 989 tri-

110 1009 315 1052 buerentur,
335 1013 375 1044 ut
392 1022 512 1044 rerum
530 1012 753 1055 experientia
768 1013 881 1047 docet.
912 1013 1010 1055 „Duo
1029 1024 1074 1046 ex
1088 1011 1242 1046 nostris-⁷
1260 1013 1343 1045 ante
1358 1022 1489 1044 annum
1505 1011 1539 1043 in
1555 1011 1730 1054 gremium
1745 1008 1881 1054 recepti

110 1062 212 1097 fuere
238 1065 274 1097 et
300 1066 383 1098 ante
409 1075 475 1097 sex
501 1076 642 1099 menses
669 1066 713 1099 ad
740 1066 950 1100 facultatem
987 1077 1025 1100 se
1060 1065 1169 1110 recipi
1206 1064 1421 1109 petiuerunt‚
1458 1063 1678 1107 admissique
1704 1064 1799 1103 sunt,
1839 1073 1881 1095 ea

110 1118 232 1149 tamen
258 1116 338 1159 lege
357 1119 398 1150 vt
415 1117 514 1161 prius
534 1116 806 1163 [testimonium]
834 1119 987 1162 legitimi
1005 1119 1101 1153 thori
1119 1118 1358 1157 ostenderent,
1385 1117 1421 1150 in
1440 1128 1509 1160 quo
1528 1128 1597 1150 vno
1616 1128 1654 1150 se
1673 1116 1882 1160 dispensare

110 1180 180 1202 non
206 1181 311 1214 posse
338 1169 517 1211 dixerunt,
545 1171 648 1205 Vnde
675 1172 743 1206 nisi
770 1173 804 1205 id
831 1172 933 1206 alteri
949 1174 961 1193 ⁸
988 1171 1189 1206 defuisset.
1209 1198 1216 1205 .
1237 1197 1244 1205 .
1264 1170 1308 1204 ab
1336 1182 1375 1203 eo
1402 1172 1562 1214 tempore
1588 1170 1622 1203 in
1642 1168 1882 1218 eamrecepti

112 1221 279 1257 fuissent.
329 1223 465 1257 Neuter
489 1226 611 1258 tamen
636 1224 812 1260 hactenus
848 1228 903 1260 est
936 1228 1113 1270 receptus,
1149 1225 1232 1268 quia
1259 1223 1367 1257 etiam
1402 1222 1462 1256 ille
1489 1223 1549 1266 qui
1584 1223 1693 1256 habet
1726 1222 1881 1256 nondum

115 1276 281 1316 ostendit,
317 1277 484 1320 quoniam
520 1278 571 1311 ita
608 1277 761 1312 Sanctae
797 1278 1020 1313 obedientiae
1046 1279 1163 1312 visum
1200 1279 1265 1311 est.
1318 1277 1364 1310 Jn
1399 1276 1546 1319 reliquis
1582 1287 1749 1319 magnam
1779 1276 1883 1310 bene-

114 1328 310 1363 uolentiam
338 1332 374 1364 et
399 1330 593 1364 amicitiam
621 1331 724 1366 nobis
749 1343 890 1377 semper
916 1332 1121 1372 ostendunt,
1148 1341 1350 1374 magnoque
1368 1341 1432 1363 nos
1459 1332 1725 1374 prosequuntur
1750 1329 1883 1362 honore

115 1385 151 1417 et
176 1383 388 1424 reuerentia,
414 1384 644 1428 maximoque
672 1386 779 1419 etiam
806 1385 930 1420 honori
957 1388 993 1419 et
1018 1385 1167 1419 vtilitati
1193 1384 1258 1418 toti
1285 1383 1451 1417 facultati
1478 1394 1542 1416 nos
1577 1383 1719 1416 futuros
1745 1382 1878 1416 aiunt.“

233 1442 332 1476 Haec
358 1443 560 1484 ostendunt,
589 1443 769 1478 Canisium
796 1444 867 1478 iam
894 1435 1274 1488 aliquantotempore
1306 1445 1389 1476 ante
1416 1453 1446 1475 a.
1469 1442 1557 1475 1567
1586 1441 1664 1486 paci
1691 1441 1811 1486 potius
1847 1440 1884 1473 in

114 1494 352 1529 universitate
377 1495 652 1539 ingolstadiensi
672 1498 883 1539 servandae,
911 1510 1017 1542 quam
1037 1497 1220 1531 Sociorum
1240 1495 1446 1530 auctoritati
1463 1495 1594 1529 ibidem
1614 1493 1885 1538 amplificandae

114 1548 307 1583 studuisse.
366 1548 490 1593 Neque
528 1552 649 1584 tamen
688 1551 748 1585 ille
786 1552 958 1596 impedire
996 1551 1130 1596 potuit,
1170 1549 1359 1594 quominus
1398 1548 1631 1582 difficultates
1673 1549 1782 1581 etiam
1825 1558 1885 1580 ex-

115 1605 341 1636 acuerentur.
391 1603 446 1636 Ita
484 1614 570 1637 sane
606 1604 646 1638 P.
673 1606 858 1639 Martinus
892 1606 1131 1639 Leubenstam
1166 1603 1309 1646 collegii
1344 1604 1462 1636 rector
1497 1601 1718 1645 Ingolstadio
1747 1601 1775 1634 1.
1804 1599 1885 1634 Iulii

117 1656 206 1690 1567
234 1655 268 1690 S.
295 1656 486 1690 Francisco
512 1657 665 1700 Borgiae
691 1659 896 1703 praeposito
923 1658 1082 1702 generali
1110 1658 1152 1691 de
1178 1657 1218 1691 P.
1245 1656 1400 1690 Henrico
1427 1655 1585 1689 Arboreo
1622 1657 1657 1688 et
1683 1654 1730 1688 M.
1759 1652 1884 1687 Carolo

115 1709 246 1744 Ursino
264 1709 402 1752 logicae
421 1711 457 1744 et
474 1710 721 1755 philosophiae
740 1712 1002 1756 professoribus
1017 1710 1203 1756 *sm-ipsit:
1227 1709 1447 1752 „Habuimus
1466 1709 1573 1743 etiam
1592 1708 1689 1742 litem
1707 1707 1885 1751 quandam

117 1774 197 1797 cum
224 1763 399 1797 facultate
426 1763 598 1806 artistica,
638 1765 779 1799 externi
806 1766 898 1799 enim
927 1766 987 1809 qui
1023 1766 1058 1798 in
1085 1776 1127 1798 ea
1153 1766 1238 1798 sunt
1272 1763 1447 1797 hactenus
1483 1763 1600 1796 onmia
1627 1761 1718 1795 clam
1753 1760 1886 1794 nostris

116 1816 261 1861 impune
287 1817 461 1857 fecerunt,
489 1817 690 1851 clanculum
710 1820 961 1863 promouendo,
978 1847 984 1853 .
1001 1846 1026 1853 ..
1042 1820 1183 1852 nostros
1209 1817 1285 1850 fere
1303 1817 1339 1850 in
1358 1816 1521 1850 omnibus
1542 1814 1886 1858 contemnendo-eto.

115 1868 193 1903 Hoc
219 1882 304 1904 uero
330 1872 490 1915 tempore
516 1882 595 1904 cum
624 1875 746 1906 essent
772 1872 1001 1907 examinandi
1027 1871 1265 1915 magistrandi
1293 1872 1329 1903 et
1346 1870 1393 1903 M.
1412 1869 1596 1903 Arboreus
1616 1895 1622 1902 .
1644 1895 1650 1902 .
1671 1895 1678 1902 .
1697 1870 1794 1901 esset
1819 1866 1887 1900 sub

118 1934 204 1956 cura
229 1923 368 1965 medici,
395 1925 431 1957 et
455 1923 504 1958 M.
533 1923 682 1959 Carolus
719 1926 793 1960 iure
830 1926 976 1960 deberet
1010 1926 1118 1959 etiam
1154 1924 1371 1964 examinare,
1407 1924 1620 1967 sparserunt
1655 1922 1786 1954 famam
1821 1931 1885 1964 per

116 1976 295 2021 oppidum,
314 1977 478 2011 omnibus
496 1978 599 2012 modo
618 1979 726 2012 licere
745 1982 867 2024 petere
886 1980 1047 2022 gradum,
1073 1979 1257 2012 inuentam
1278 1977 1411 2011 etenim
1430 1976 1617 2017 rationem,
1636 1986 1706 2018 qua
1724 1973 1886 2007 Jesuitae

116 2041 238 2064 omnes
265 2029 551 2065 excluderentur.
604 2030 702 2072 Quod
731 2045 809 2067 cum
838 2033 1078 2067 indicaremus
1105 2031 1230 2066 cedere
1265 2030 1300 2064 in
1327 2030 1513 2063 infamiam
1539 2041 1609 2062 non
1643 2028 1884 2073 professorum

116 2086 331 2126 nostrorum,
358 2084 421 2118 sed
447 2084 558 2118 totius
584 2085 748 2131 Collegij,
777 2086 977 2131 Coepimus‚
1005 2088 1147 2130 praeter
1173 2084 1254 2125 alia,
1281 2086 1404 2129 petere
1439 2083 1556 2117 locum
1583 2082 1630 2116 M.
1658 2081 1783 2116 Carolo
1810 2081 1886 2114 iure

117 2137 285 2179 debitum,
313 2149 418 2182 quem
446 2149 525 2171 cum
561 2138 743 2173 iudicante
777 2140 882 2185 pleno
918 2142 1046 2174 senatu
1073 2138 1276 2173 academico
1312 2137 1381 2171 iam
1417 2137 1640 2177 haberemus,
1676 2136 1887 2179 sparserunt

116 2191 246 2224 iterum
273 2202 402 2224 nouam
429 2190 599 2233 fabulam,
628 2204 708 2226 eum
736 2194 875 2228 scilicet
910 2195 1049 2227 tantum
1077 2205 1122 2226 ex
1156 2191 1274 2236 gratia
1301 2191 1509 2225 admissum.
1560 2189 1660 2223 Tunc
1687 2192 1721 2222 et
1747 2188 1823 2229 hoc,
1851 2189 1887 2221 et

116 2244 187 2278 alia
213 2256 305 2288 quae
331 2244 506 2279 hactenus
531 2256 673 2290 semper
699 2247 984 2281 desider-animus
1010 2246 1053 2280 ab
1080 2246 1151 2280 illis
1178 2245 1414 2279 extorsimus:
1441 2243 1609 2278 nimirum
1636 2242 1729 2286 quod
1753 2242 1801 2275 M.
1821 2241 1887 2276 Ca-

116 2298 214 2332 rolus
240 2298 315 2332 iure
350 2309 414 2332 suo
449 2298 498 2332 sit
532 2299 767 2341 examinator,
804 2301 895 2345 qnod
933 2301 1152 2343 cognoscant
1186 2302 1328 2332 nostros
1362 2297 1430 2332 sibi
1465 2298 1501 2331 in
1536 2296 1699 2330 omnibus
1725 2295 1886 2339 aequalis

116 2352 308 2396 potestatis
326 2363 407 2385 cum
434 2351 532 2396 ipsis,
558 2353 729 2387 videlicet
749 2354 842 2398 quod
860 2356 946 2388 sunt
971 2354 1006 2388 in
1025 2353 1172 2396 gremio,
1199 2364 1279 2386 cum
1298 2351 1389 2396 aliis,
1417 2353 1457 2384 vt
1476 2352 1616 2390 vocant,
1643 2348 1886 2392 gremialibus‚

117 2405 210 2449 quod
238 2405 280 2439 de
306 2404 491 2445 facultate,
519 2405 641 2439 eodem
661 2407 775 2448 modo,
802 2410 843 2441 vt
868 2407 996 2451 reliqui
1019 2407 1150 2441 :tertio
1169 2409 1210 2440 vt
1235 2408 1437 2445 teneantur,
1464 2404 1757 2448 quotiescumque
1775 2403 1886 2436 nostri

116 2458 287 2504 petierint
312 2458 461 2492 reddere
486 2459 661 2493 rationem
689 2460 773 2501 dati,
801 2462 835 2494 et
862 2460 1001 2505 accepti
1026 2460 1196 2495 :tandem
1223 2461 1263 2493 vt
1288 2458 1401 2492 nostri
1428 2458 1649 2503 professores
1675 2457 1752 2500 ipso
1778 2456 1887 2499 facto,

118 2523 200 2546 cum
218 2511 436 2556 praestanda
454 2512 712 2556 praestiterint,
740 2514 813 2547 sint
831 2514 873 2547 de
900 2514 1074 2548 facultate
1092 2512 1266 2553 artistica,
1295 2513 1331 2545 et
1349 2512 1409 2555 qui
1436 2513 1530 2545 inter
1548 2513 1703 2555 quatuor
1728 2509 1887 2545 seniores

118 2566 346 2610 reperiuntur
372 2565 414 2599 de
441 2566 588 2600 consilio
616 2567 876 2609 vniuersitatis,
904 2570 939 2600 et
966 2567 1036 2601 alia
1061 2566 1232 2600 nonnulla
1259 2566 1366 2599 etiam
1394 2565 1463 2599 huc
1489 2564 1702 2609 spectantia.
1745 2563 1791 2597 Et
1816 2563 1887 2598 ista

120 2619 238 2653 omnia
264 2630 371 2663 quam
398 2619 551 2664 primum
579 2620 781 2654 referentur
806 2620 842 2654 in
869 2623 950 2654 acta
985 2621 1115 2665 partim
1142 2619 1390 2653 Vniuersitatis
1425 2619 1555 2663 partim
1583 2629 1668 2651 uero
1703 2617 1887 2652 artisticae

118 2672 314 2714 facultatis,
351 2672 444 2706 vnde
479 2684 667 2717 speramus
703 2674 737 2707 in
773 2676 956 2718 posterum
993 2674 1070 2708 sine
1097 2673 1310 2707 difficultate
1337 2684 1400 2706 nos
1427 2683 1558 2716 magna
1592 2682 1680 2716 pace
1706 2671 1887 2714 fruituros,

118 2726 212 2760 sicut
239 2737 318 2760 cum
344 2725 523 2770 theologis
545 2727 708 2768 fruimur,
735 2739 877 2772 semper
900 2727 993 2761 enim
1011 2727 1185 2761 hactenus
1212 2737 1292 2760 cum
1318 2726 1398 2760 istis
1424 2725 1627 2759 hominibus
1652 2725 1721 2759 fuit
1747 2727 1890 2759 conten-

119 2780 292 2814 dendum“
324 2779 391 2833 (exp
412 2783 572 2823 autogr.;
600 2780 642 2815 G.
663 2781 726 2825 Ep.
746 2781 829 2815 VIII
857 2781 880 2815 f.
900 2780 999 2825 211).

243 2875 251 2894 ¹
277 2873 318 2907 in
345 2873 534 2917 collegium
561 2875 806 2917 germanicum
835 2875 1062 2916 (Steinhuber
1086 2875 1108 2908 1.
1128 2886 1156 2908 c.
1176 2874 1208 2907 Ι2
1234 2874 1308 2917 78).

239 2927 252 2948 2
278 2927 318 2961 P.
346 2928 524 2962 Henricus
559 2927 741 2961 Arboreus
779 2928 982 2962 litterarum
1017 2939 1228 2971 graecarum
1264 2927 1445 2972 professor
1482 2929 1518 2961 et
1552 2927 1609 2962 Fr.
1635 2927 1785 2962 Ioannes
1820 2926 1887 2961 Do-

120 2980 272 3015 minicus
298 2981 514 3015 Facciardus
550 2981 812 3025 neapolitanus,
848 2982 1029 3025 professor
1063 2981 1231 3026 physices
1261 2983 1366 3023 (Can.
1393 2981 1443 3015 IV
1469 2981 1554 3016 400¹
1581 2981 1667 3015 441⁹
1695 2981 1761 3015 585
1789 2980 1888 3023 937).

241 3035 253 3054 3
278 3034 471 3068 Facciardo
501 3036 606 3077 (Can.
627 3034 677 3068 IV
697 3035 793 3078 937).
838 3035 1008 3069 Attamen
1034 3035 1092 3069 hic
1119 3047 1271 3079 quoque,
1298 3035 1415 3079 inquit
1440 3036 1659 3079 Ρίηεᾱαηπε,
1684 3034 1888 3069 huiusmodi

120 3088 377 3129 testimonium,
405 3088 435 3122 si
462 3087 560 3129 velit,
592 3088 719 3129 „facile
745 3087 876 3122 habere
903 3091 1056 3133 potest“.
