2044 3335
181 87 265 129 610
582 83 677 118 Mon.
704 81 772 116 978
798 82 876 116 sive
903 93 979 116 oen.
1000 81 1066 125 (6).
1109 82 1164 116 15.
1183 81 1398 115 Novembris
1425 81 1526 115 1567.

180 212 244 245 per
270 199 377 244 quelli
404 199 469 233 che
495 210 580 233 sono
606 198 631 233 li
657 198 774 243 vltimj
811 197 952 242 eccitatj
989 199 1024 231 et
1050 197 1210 231 douendo
1245 198 1323 231 fare
1358 197 1383 231 il
1414 208 1478 232 suo
1513 197 1602 231 letto
1627 196 1768 240 quando
1802 197 1833 231 si
1857 196 1940 231 leua

180 254 345 296 ogniuno,
372 252 548 296 Supposto
572 251 714 295 dunque
733 251 797 285 che
824 251 868 285 ad
886 250 1027 296 alchunj
1054 250 1147 284 basti
1167 262 1214 284 vn
1234 252 1360 294 quarto
1379 262 1442 295 per
1466 250 1599 284 leuarsi
1618 252 1685 284 etc.
1708 249 1737 284 si
1764 249 1940 284 domanda

181 306 210 340 si
238 305 318 349 quel
345 305 436 339 altro
462 306 590 348 quarto
615 316 685 338 non
718 304 749 338 si
784 303 902 348 potria
936 303 1142 349 espendersi
1176 303 1211 337 in
1238 304 1397 337 oratione
1432 315 1530 338 come
1565 302 1599 336 la
1623 305 1722 336 terza
1756 305 1857 347 parte
1883 301 1940 336 del

180 361 299 403 tempo
326 357 391 392 che
418 358 447 392 si
475 358 586 392 debbe
612 358 696 391 dare
722 357 794 391 alla
819 357 978 391 oratione
1004 357 1182 391 matutina
1207 356 1397 390 finiendola
1422 368 1469 390 vn
1497 358 1623 400 quarto
1659 355 1689 389 d’
1704 355 1792 389 hora
1817 355 1938 400 auantj

180 411 246 445 che
272 412 302 445 si
329 411 447 445 tocchi
473 410 506 444 al
532 411 601 444 fine
637 410 730 445 della
765 422 952 444 commune
987 410 1175 444 oratione?
1212 421 1295 454 pero
1329 421 1397 443 non
1433 409 1582 444 facendo
1616 408 1652 442 in
1679 410 1805 453 questo
1834 408 1940 452 legge

180 465 258 498 anzi
284 464 345 508 piu
370 466 465 498 tosto
492 464 729 508 dispensando
765 476 830 498 con
861 462 980 508 alcunj
1016 463 1078 497 alli
1110 463 1206 507 quali
1232 463 1397 497 bastasse
1422 474 1470 497 vn
1497 464 1623 506 quarto
1650 462 1772 496 auanti
1798 462 1833 496 di
1863 462 1941 496 fare

180 518 338 551 oratione
365 517 400 551 in
427 529 623 552 commune.

299 576 398 610 Haec
424 576 534 610 verba
560 576 763 617 ostendunt,
790 587 830 610 eo
856 578 1018 620 tempore
1039 574 1238 619 Oeniponte
1265 575 1394 609 cotidie
1416 574 1572 619 (praeter
1598 573 1745 608 missam
1771 576 1807 608 et
1833 573 1854 608 2
1880 585 1941 608 ex-

180 628 298 663 amina
324 629 578 673 conscientiae)
606 632 681 663 tres
706 629 815 663 horae
842 629 1060 673 quadrantes
1086 627 1238 662 orationi
1259 628 1352 671 (sive
1377 628 1582 662 meditando
1608 627 1685 662 sive
1703 627 1808 662 aliter
1824 627 1939 661 Deum

179 682 371 726 precando)
401 682 580 727 impensos
615 694 693 716 esse
722 683 783 725 (cf.
806 684 891 716 Can.
911 682 943 716 V
961 682 1060 724 296).
1109 681 1275 715 Nondum
1310 681 1422 724 igitur
1451 681 1487 714 in
1512 692 1647 715 morem
1672 681 1857 714 inductum
1891 680 1940 714 ibi

180 737 268 777 erat,
304 736 398 780 quod
425 736 575 778 Borgias
610 738 764 770 exeunte
798 748 843 770 m.
871 735 970 769 Iunio
1005 735 1338 769 commendaverat:
1366 735 1415 769 Ut
1441 734 1616 768 translato
1643 734 1848 779 vespertino
1878 732 1940 767 illo

180 789 351 823 orationis
377 790 575 833 quadrante
610 789 645 822 in
679 792 822 834 tempus
857 788 1073 822 matutinum
1099 800 1162 833 per
1188 788 1365 830 integram
1391 786 1514 822 horam
1542 790 1704 826 orarent:
1731 799 1765 822 v.
1796 788 1882 821 Can.
1907 786 1940 821 V

179 841 379 877 503-504.

182 991 288 1029 978
315 993 392 1027 sive
420 1001 537 1027 oen.
559 990 659 1036 (6).
735 989 1039 1027 SANCTUS
1059 989 1485 1026 FRANGISGUS
1505 989 1815 1026 BORGIAS
1843 1003 1942 1036 prae-

370 1046 509 1090 positus
544 1045 724 1088 generalis
750 1045 942 1079 Societatis
976 1044 1058 1079 Iesu
1092 1044 1291 1078 venerabili
1316 1043 1648 1078 MAGDALENAE
1675 1044 1942 1079 archiducissae

369 1099 548 1133 Austriae.
1338 1097 1452 1131 Roma
1479 1098 1533 1131 15.
1551 1097 1765 1132 Novembris
1793 1098 1894 1132 1567.

299 1169 354 1204 Ex
381 1170 646 1211 commentario,
672 1169 765 1213 quod
793 1169 836 1203 ab
864 1169 984 1212 ignoto
1010 1167 1195 1213 scriptum,
1230 1180 1251 1202 a
1277 1168 1316 1202 Ρ.
1343 1168 1475 1202 Ioanne
1501 1168 1543 1202 de
1570 1168 1725 1202 Polanco
1752 1169 1942 1203 Societatis

180 1224 374 1258 secretario
400 1223 627 1256 emendatum
654 1225 727 1263 est;
754 1223 790 1256 in
816 1222 996 1265 margine:
1027 1221 1250 1266 „Oenyponti
1277 1220 1520 1255 Serenissimis
1540 1221 1721 1265 Reginis“.
1759 1221 1877 1256 Germ.
1897 1223 1940 1256 67

181 1277 204 1311 f.
225 1277 297 1311 82¹³.
348 1276 512 1321 Epistula
538 1287 624 1310 usus
651 1278 706 1309 est
732 1276 849 1319 Duler,
878 1276 950 1309 Jes.
979 1286 1023 1309 an
1051 1274 1313 1309 Fiirstenhofen
1340 1275 1393 1308 76.

303 1342 486 1376 canisium
512 1352 588 1374 cum
615 1343 691 1385 ipsa
719 1343 856 1384 neyoz‘ia
883 1341 1056 1384 quaedam
1080 1351 1144 1373 suo
1170 1341 1309 1373 nominc
1334 1344 1572 1373 tractaturum
1598 1350 1676 1374 esse.

406 1419 690 1462 Serenissima
721 1418 918 1469 Domina,
954 1421 998 1461 et
1029 1418 1072 1459 in
1105 1418 1274 1460 Christo
1308 1417 1714 1460 obseruandissima.

298 1490 516 1541 Quaedam
540 1490 686 1543 magni
710 1489 915 1531 momenti
944 1489 997 1531 ad
1020 1489 1099 1531 Dei
1125 1489 1329 1531 honorem
1354 1491 1396 1530 et
1421 1488 1535 1532 ,CC.³
1558 1488 1665 1532 ,VV.
1690 1488 1940 1542 obsequium

181 1559 226 1599 et
257 1559 433 1599 nostrae
465 1556 597 1597 etiam
621 1555 851 1598 Societatis
883 1554 1154 1609 spiritualem
1182 1553 1430 1605 utilitatem,
1465 1554 1657 1595 commisi
1683 1554 1804 1596 Patri
1827 1555 1939 1596 Doc-

180 1621 265 1664 tori
297 1621 466 1663 Canisio
502 1620 742 1675 Superioris
776 1619 1033 1662 Germaniae
1066 1619 1327 1661 Prouinciali
1368 1619 1637 1673 Praeposito,
1681 1633 1777 1661 cum
1808 1619 1852 1662 C.
1885 1619 1938 1663 V.

180 1687 425 1736 tractanda,
466 1686 565 1739 quia
587 1686 718 1727 uerbo
741 1685 894 1727 melius
927 1699 1054 1738 quam
1088 1684 1226 1726 literis
1258 1684 1310 1726 de
1333 1684 1394 1725 eis
1417 1684 1488 1737 agi
1521 1683 1703 1738 potestb.
1752 1684 1941 1726 Praecor

182 1752 224 1796 C.
258 1752 310 1794 V.
344 1755 414 1794 utc
445 1766 521 1805 pro
555 1765 633 1793 sua
674 1750 943 1804 benignitate
976 1753 1019 1792 et
1057 1763 1162 1802 erga
1194 1763 1272 1791 nos
1305 1749 1520 1791 charitate
1552 1749 1613 1790 sic
1646 1763 1743 1790 eum
1777 1749 1828 1791 de
1860 1750 1940 1791 hoc

180 1816 360 1870 negocio
392 1819 656 1859 tractantem
690 1816 851 1866 audiat,
886 1818 934 1857 ut
967 1829 1033 1857 me
1066 1817 1340 1869 praesentem
1373 1814 1555 1857 audiret.
1611 1815 1668 1856 Et
1701 1828 1812 1867 quae
1844 1828 1939 1856 meo

182 1881 351 1923 nomine
393 1881 519 1932 dicet,
563 1895 667 1923 uera
706 1895 884 1935 prorsus
919 1894 1013 1922 esse
1046 1880 1208 1922 credat.
1272 1879 1452 1932 Rogabo
1493 1879 1666 1921 interim
1699 1879 1778 1921 Dei
1819 1879 1941 1921 boni-

180 1948 317 1989 tatem
351 1949 399 1988 ut
431 1960 525 1988 eam
559 1949 746 1988 mentem
780 1946 1054 1998 animumque
1085 1945 1129 1986 in
1161 1945 1254 1993 hac,
1289 1946 1333 1985 et
1364 1944 1406 1985 in
1439 1944 1567 1986 rebus
1599 1944 1833 1994 omnibus&
1867 1945 1942 1987 det

180 2012 233 2054 V.
268 2012 325 2061 C..
367 2014 416 2052 ut
457 2025 627 2065 semper
668 2011 780 2063 quod
822 2011 876 2052 ad
909 2010 1113 2052 maiorem
1148 2014 1293 2051 suame
1325 2009 1508 2062 gloriam
1549 2009 1741 2051 futurum
1775 2012 1854 2060 est,
1897 2013 1941 2052 et

180 2076 397 2130 intelligat
430 2079 473 2118 et
504 2076 622 2126 uelit,
657 2076 860 2128 dignetur
891 2076 1020 2117 etiam
1052 2075 1103 2117 V.
1128 2074 1191 2117 Cf
1220 2088 1288 2115 me
1321 2077 1365 2115 et
1397 2088 1565 2116 omnem
1599 2074 1861 2117 Societatem
1892 2077 1942 2117 ut

180 2142 272 2192 sibi,
308 2155 357 2183 ac
380 2141 680 2183 serenissimae
701 2141 910 2182 Familiae
934 2140 1275 2182 addictissimosg
1297 2139 1456 2181 habere
1479 2142 1523 2181 et
1556 2142 1760 2182 consueto
1791 2140 1941 2182 fauore

181 2221 231 2250 ac
264 2206 592 2249 beneuolentiah
624 2205 839 2260 prosequi.
963 2205 1125 2247 Romae
1162 2206 1235 2246 15ῗι
1266 2204 1477 2247 Nouemb.
1516 2206 1640 2247 1567.

297 2288 397 2322 Licet
422 2288 457 2322 in
475 2287 642 2331 Registro
668 2289 831 2321 notatum
857 2287 915 2328 sit,
946 2286 1211 2329 „Serenissimis
1230 2285 1398 2329 Reginis“
1424 2285 1676 2329 (Magdalenae
1706 2288 1741 2319 et
1764 2285 1938 2328 Helenae)

180 2341 273 2376 hanc
300 2341 490 2386 epistulam
519 2341 733 2374 destinatam
760 2352 849 2381 esse,
878 2340 1043 2383 Borgiam
1081 2340 1141 2373 uni
1167 2339 1403 2382 Magdalenae
1437 2339 1625 2384 scripsisse
1662 2339 1848 2373 dicendum
1874 2341 1942 2373 est.

179 2395 330 2439 Borgias
355 2406 440 2429 sane
464 2395 495 2430 8.
514 2394 728 2428 Novembris
749 2394 837 2428 1567
858 2393 999 2427 Canisio
1025 2394 1187 2438 scripsit:
1220 2393 1349 2435 „Forsa
1375 2393 1509 2426 andara
1535 2393 1594 2436 qui
1620 2404 1691 2426 una
1716 2392 1788 2426 mia
1813 2393 1942 2427 lettera

179 2461 243 2493 per
279 2449 313 2482 la
352 2448 490 2491 Regina
525 2447 714 2481 Mad-alena
751 2447 787 2480 in
827 2447 1040 2487 credenza“;
1082 2449 1117 2480 et
1144 2446 1307 2480 Canisius
1344 2447 1375 2480 9.
1403 2445 1609 2480 Decembris
1647 2446 1736 2480 1567
1773 2446 1941 2488 Borgiam

180 2502 367 2536 certiorem
400 2502 496 2542 fecit,
533 2513 571 2535 se
598 2501 781 2545 accepisse
808 2500 949 2534 litteras
980 2500 1043 2542 „ad
1070 2499 1245 2542 Reginam
1272 2499 1526 2542 Magdalenam
1551 2499 1723 2543 scriptas“
1757 2500 1806 2541 (v.
1833 2510 1942 2543 supra

180 2567 212 2600 p.
234 2556 298 2590 107
318 2555 413 2597 131).
449 2555 503 2588 Ex
522 2555 597 2599 ipso
616 2565 756 2598 quoque
775 2554 1038 2594 commentario,
1058 2554 1150 2597 quod
1170 2553 1282 2598 posui,
1302 2555 1411 2597 patet,
1431 2564 1451 2586 a
1466 2552 1598 2595 Borgia
1616 2563 1720 2585 unam
1737 2564 1781 2586 ex
1795 2552 1941 2595 reginis,

181 2620 248 2642 non
275 2608 408 2649 ambas,
435 2608 606 2652 appellari
628 2606 682 2651 (C.
702 2606 745 2641 V.
765 2621 808 2636 z
829 2607 1011 2641 Celsitudo
1030 2606 1199 2649 Vestra);
1226 2605 1441 2649 Magdalena
1459 2607 1578 2639 autem
1602 2607 1689 2638 natu
1708 2605 1819 2638 maior
1844 2606 1940 2649 erat;

180 2672 224 2695 ex
252 2661 328 2706 ipsa
354 2661 556 2705 pendebant
581 2661 760 2705 pleraque.

300 2720 397 2761 Quae
424 2720 567 2763 negotia
594 2719 735 2754 Canisio
762 2730 842 2753 cum
869 2718 1085 2762 Magdalena
1112 2717 1300 2752 tractanda
1326 2717 1468 2758 fuerint,
1495 2728 1529 2750 v.
1556 2727 1664 2761 supra
1691 2728 1722 2761 p.
1742 2717 1787 2750 49
1816 2716 1894 2751 107.

300 2779 463 2813 canisius
490 2779 554 2813 has
581 2779 721 2813 litteras
746 2777 859 2812 Roma
886 2778 930 2811 ad
966 2789 1004 2812 se
1030 2777 1160 2811 missas
1186 2776 1423 2820 Magdalenae
1450 2775 1647 2820 Oeniponte
1681 2778 1762 2820 post
1786 2776 1941 2809 medium

181 2842 225 2864 m.
253 2832 482 2865 Decembrem
510 2832 676 2872 tradidit;
703 2843 736 2865 V.
764 2842 873 2875 supra
899 2842 930 2875 p.
955 2830 1150 2864 146—153.

298 2907 325 2936 a)
348 2908 393 2931 Ita
423 2908 450 2931 in
479 2916 525 2939 ap.
546 2910 703 2931 correctum
729 2910 770 2931 est
796 2915 831 2931 vx
851 2904 1073 2932 celsitudinum.
1183 2905 1212 2936 b)
1234 2906 1281 2930 Sic
1299 2905 1443 2929 Polcmcus
1461 2912 1516 2929 sua
1536 2912 1624 2928 mame
1644 2904 1771 2928 correxit
1790 2911 1825 2928 ex
1844 2901 1942 2928 literis

182 2946 306 2971 tractari
327 2948 463 2978 possunt.
572 2948 598 2979 c)
619 2948 758 2979 Sequitur
777 2954 854 2977 eum,
875 2948 964 2972 oblitt.
1074 2946 1103 2973 d)
1126 2947 1264 2978 Sequitur
1283 2945 1358 2977 alijs,
1379 2946 1469 2970 obliti.
1577 2948 1605 2973 e)
1626 2946 1671 2969 Ita
1689 2946 1745 2970 Ιόἷ.
1759 2945 1886 2969 correxit
1904 2952 1941 2969 ex

181 2986 244 3017 Dei,
270 2988 342 3018 quud
369 2989 511 3013 {ilum-ins
536 2989 704 3019 scripserat.
797 2988 825 3019 f)
847 2989 894 3013 Ita
919 2989 980 3013 Pol.
1001 2988 1128 3013 correxit
1153 2996 1190 3012 ac
1209 2987 1239 3012 et
1260 2987 1367 3019 pergat
1386 2985 1420 3011 V.
1442 2985 1490 3017 C.;
1511 2986 1586 3010 idem
1602 2985 1733 3016 primum
1753 2988 1942 3010 corre-verat:

182 3027 323 3059 dignetur
348 3029 437 3053 etiam
458 3029 492 3054 V.
508 3029 536 3054 C.
557 3036 701 3061 pergere;
727 3030 831 3054 deinde
858 3030 990 3054 ultimum
1016 3031 1067 3054 hoc
1094 3037 1116 3053 v.
1137 3029 1322 3053 oblitteravit.
1414 3027 1444 3059 g)
1465 3026 1673 3052 additissimos
1700 3034 1764 3058 ap.;
1784 3028 1800 3051 2
1819 3034 1861 3051 vv.
1881 3034 1940 3058 sqq,

181 3078 198 3093 α
220 3070 279 3093 Ιόῖ.
299 3077 389 3100 supra
419 3078 528 3094 vers-cam
550 3072 659 3101 scripta
680 3074 756 3095 sunt.
832 3070 862 3099 h)
886 3072 929 3094 lea
950 3071 1009 3095 l‘ol.
1031 3070 1158 3095 rorreoeit
1179 3078 1214 3094 ea:
1233 3068 1391 3095 charitate.
