2044 3335
651 128 874 172 Ingolstadio
902 129 956 163 18.
976 127 1197 173 Septembris
1226 126 1326 161 1567.
1821 127 1875 168 41

104 264 210 292 uero
241 249 285 291 in
308 249 473 291 Senatu
495 248 822 297 Vniuersitatis,
856 261 907 289 ac
938 250 1159 301 postremo
1189 259 1333 287 coram
1357 244 1463 299 ipsis
1485 243 1750 298 Consiliarijs
1772 244 1881 287 haec

104 316 158 357 lis
190 315 418 368 agebatur,
461 316 506 355 et
546 313 773 366 utriusque
814 312 954 366 partis
997 311 1211 354 extabant
1251 310 1398 360 libelli,
1441 309 1693 364 priusquam
1726 310 1779 350 ad
1813 323 1882 351 me

108 380 341 433 quidquam
384 379 437 420 de
478 381 573 421 tota
617 392 749 420 causa
790 378 977 419 relatum
1011 380 1140 419 esset.
1204 375 1331 417 Vnde
1363 375 1515 428 rogaui
1550 374 1881 424 Cancellarium,

103 445 256 487 liceret
296 446 345 486 ut
385 443 489 485 mihi
531 457 706 485 causam
741 442 1006 496 Jngolstadij
1051 454 1330 494 cognoscere,
1372 440 1474 481 illuc
1517 439 1630 481 enim
1662 439 1748 481 iam
1781 454 1881 493 pro-

103 510 300 553 fecturus
333 523 487 559 essem,
522 510 567 550 et
597 508 679 550 hoc
711 507 935 561 negotium
967 508 1083 549 inter
1115 508 1264 560 partes
1298 518 1557 559 componere
1591 518 1674 557 quo
1708 504 1763 546 ad
1790 504 1883 546 eius

104 575 198 617 fieri
229 576 391 630 posset.
456 573 629 616 Placuit
661 573 931 615 Cancellario
965 571 1203 621 consilium,
1239 570 1310 623 qui
1343 570 1533 622 alioquin
1560 569 1772 624 Principis
1805 584 1881 611 no-

105 641 221 683 mine
262 654 364 682 suas
406 641 556 694 partes
589 641 686 681 erat
717 638 1069 692 interpositurus
1134 636 1228 678 Nec
1262 635 1482 677 minimam
1515 635 1758 677 huiusmodi
1790 638 1883 677 tur-

105 706 257 748 barum
282 719 456 747 causam
489 704 702 758 praebuit,
738 704 851 757 quod
883 703 1021 745 nostri
1053 703 1174 744 uelut
1197 701 1521 743 examinatores
1544 700 1881 743 Candidatorum

105 786 191 813 non
232 772 504 825 paterentur,
548 784 643 811 eam
680 769 889 823 pecuniae
923 767 1181 822 portionem,
1226 780 1337 819 quae
1368 765 1474 820 ipsis
1507 779 1563 807 ex
1594 765 1734 808 ueteri
1766 779 1885 807 more

106 836 367 886 debebatur,
414 835 468 878 ad
509 834 700 887 reliquos
739 831 1058 887 Professor[es]
1104 832 1184 874 hoc
1226 832 1393 873 lucrum
1435 831 1678 873 ambientes
1718 831 1882 872 redire:

106 902 182 944 sed
204 901 479 956 postularent
502 900 684 942 eandem
707 899 935 954 pecuniam
957 898 1039 940 sibi
1061 897 1375 939 numerandam
1398 896 1572 938 restitui
1590 895 1841 938 Candidatis
1855 897 1885 939 1.

107 968 211 1009 Cum
231 967 317 1008 iam
342 965 557 1008 uenissem
573 966 600 1007 J
604 965 912 1019 ngolstadium,
937 963 1227 1006 exacerbatos
1245 962 1448 1015 utrinque
1468 962 1768 1003 Professorum
1793 961 1886 1003 ani-

106 1046 200 1074 mos
242 1031 415 1082 offendi,
458 1033 503 1073 et
544 1030 722 1085 scripta,
767 1044 878 1083 quae
913 1029 1029 1072 inter
1060 1042 1107 1070 se
1140 1031 1290 1069 mutuo
1324 1027 1567 1080 agitabant,
1612 1026 1886 1068 contentiosa

106 1097 213 1152 legi:
254 1111 395 1150 neque
433 1096 573 1138 solum
605 1095 649 1137 in
682 1095 793 1149 alijs,
838 1095 914 1137 sed
948 1095 1079 1136 etiam
1112 1093 1156 1135 in
1188 1093 1352 1135 nostris
1385 1092 1594 1134 maiorem
1626 1091 1884 1134 modestiam

107 1162 366 1205 desideraui.
411 1162 519 1204 Tum
553 1161 737 1203 moleste
768 1161 850 1203 tuli
882 1160 994 1202 hanc
1016 1159 1262 1212 tragediam
1284 1158 1327 1200 in
1351 1158 1464 1199 hunc
1487 1158 1627 1200 locum
1651 1157 1885 1200 adductam

107 1242 216 1280 esse,
250 1242 319 1270 me
351 1241 530 1282 prorsus
561 1226 806 1269 inconsulto
841 1229 885 1268 et
917 1225 1066 1276 inscio,
1110 1238 1250 1278 neque
1282 1224 1497 1266 rationem
1528 1223 1680 1265 haberi
1712 1221 1884 1264 humili-

105 1293 213 1337 tatis
246 1296 290 1335 et
312 1293 564 1342 modestiae,
599 1306 685 1346 qua
706 1306 786 1334 nos
809 1291 906 1346 alijs
928 1291 1181 1345 praelucere
1204 1290 1481 1332 debebamus
1525 1288 1715 1330 Admisit
1737 1291 1883 1330 autem

106 1373 210 1414 pars
232 1362 419 1412 utraque
441 1373 509 1400 me
533 1358 655 1400 uelut
677 1357 963 1400 mediatorem
987 1359 1031 1399 et
1053 1355 1279 1398 arbitrum.
1323 1354 1515 1396 Adiunxi
1537 1353 1641 1395 mihi
1658 1355 1711 1397 D.
1730 1353 1885 1395 Eisen-

107 1425 351 1478 granium2,
395 1427 443 1466 ut
484 1423 623 1465 maior
664 1423 894 1465 accederet
936 1421 1183 1465 authoritas
1224 1421 1267 1462 in
1309 1420 1386 1463 lite
1428 1419 1739 1474 componenda.
1802 1418 1886 1460 Hic

108 1490 284 1545 scriptis
316 1491 568 1544 pugnarunt
593 1488 766 1538 iterum,
800 1491 844 1530 et
866 1487 1050 1542 primum
1076 1486 1265 1529 omnium
1289 1501 1315 1528 a
1337 1486 1395 1528 M.
1420 1486 1574 1527 Carolo
1607 1485 1888 1539 postularunt

108 1556 195 1610 alij,
229 1558 278 1598 ut
304 1569 389 1597 non
412 1555 552 1597 solum
575 1554 701 1596 unius
724 1553 1004 1603 Professoris,
1038 1552 1114 1594 sed
1138 1552 1270 1594 etiam
1293 1551 1429 1594 totius
1453 1550 1696 1593 Facultatis
1718 1551 1885 1592 laesum

107 1621 314 1663 honorem
359 1620 626 1671 restitueret,
672 1623 749 1662 aut
793 1633 857 1669 ea,
905 1633 1015 1672 quae
1057 1618 1226 1672 publice
1268 1617 1489 1659 obiecerat
1531 1630 1678 1658 coram
1720 1616 1885 1658 Senatu

106 1686 432 1738 Professorum,
481 1686 651 1740 publice
698 1689 941 1727 reuocaret.
1014 1683 1315 1737 Mitigauiinus
1362 1683 1497 1736 igitur
1541 1682 1746 1724 ardentes
1791 1680 1885 1722 ani-

107 1767 213 1803 mos,
257 1755 302 1794 et
334 1752 391 1795 M.
426 1752 626 1794 Carolum
660 1750 989 1793 excusauimus:
1024 1764 1076 1792 ac
1109 1749 1274 1799 deinde,
1310 1751 1357 1791 ut
1389 1751 1567 1791 mutuae
1601 1749 1716 1789 esset
1751 1747 1885 1787 offen-

107 1832 183 1860 sae
224 1818 394 1859 sincera
435 1816 709 1867 condonatio,
745 1815 925 1858 iuuante
958 1815 1128 1857 Christo
1171 1815 1433 1856 effecimus3.
1499 1814 1563 1855 De
1604 1811 1782 1865 reliquis
1815 1825 1886 1853 ar-

106 1883 265 1933 ticulis,
309 1882 381 1936 qui
421 1882 466 1924 in
508 1883 852 1925 controuersiam
894 1881 1141 1930 ueniebant,
1184 1881 1333 1922 multis
1375 1879 1446 1933 egi
1487 1893 1582 1921 cum
1623 1876 1798 1927 nostris,
1842 1879 1886 1918 et

108 1948 277 1992 ostendi
309 1947 523 1990 rationem
556 1948 669 1990 hanc
702 1947 1024 1990 confirmandae
1056 1946 1099 1988 in
1129 1949 1353 2001 posterum
1387 1943 1644 1987 concordiae
1677 1942 1887 1997 optimam

107 2015 214 2065 fore,
263 2013 300 2056 si
344 2014 615 2067 argumentis
659 2012 994 2068 praetermissis,
1044 2011 1126 2053 iuri
1171 2026 1262 2062 suo,
1313 2025 1396 2064 quo
1442 2010 1540 2065 alijs
1584 2010 1628 2051 in
1672 2008 1887 2050 facultate

109 2094 239 2134 pares
281 2080 586 2129 censebantur,
630 2079 766 2120 libere
807 2080 853 2120 et
893 2080 1048 2132 sponte
1081 2077 1402 2127 renunciarent,
1447 2089 1682 2128 curamque
1716 2087 1885 2115 omnem

110 2145 356 2188 Facultatis
388 2145 762 2188 administrandae
795 2143 984 2197 Collegis
1016 2143 1101 2184 illis
1134 2142 1455 2197 permitterent,
1490 2142 1565 2191 ita,
1608 2143 1656 2182 ut
1689 2139 1781 2181 solo
1816 2138 1891 2179 do-

111 2211 236 2253 cendi
277 2224 456 2252 munere
498 2211 693 2253 contenti
737 2212 899 2252 essent.
963 2209 1087 2251 Haec
1128 2209 1200 2250 uia
1232 2210 1281 2250 ut
1312 2207 1499 2261 simplex
1532 2209 1577 2249 et
1609 2219 1762 2247 secura
1795 2217 1891 2246 esse

110 2276 355 2326 uidebatur,
397 2276 461 2319 ita
501 2276 686 2318 tollebat
727 2275 861 2318 etiam
903 2274 1070 2316 semina
1109 2274 1421 2316 discordiarum
1455 2275 1499 2314 et
1531 2274 1705 2314 nostros
1738 2269 1792 2311 ad
1825 2269 1891 2310 in-

236 2397 244 2415 ¹
275 2394 498 2437 „Statuimus
526 2396 562 2428 et
588 2394 808 2434 ordinamus,
834 2395 876 2426 ut
893 2393 1047 2436 quisque
1073 2391 1465 2426 baccalaureandorum
1494 2389 1689 2432 sexaginta
1716 2386 1891 2428 denarios,

110 2448 384 2492 magistrandus
411 2459 497 2482 vero
535 2447 721 2481 dimidium
757 2447 933 2480 florenum
971 2445 1283 2479 examinatoribus
1319 2446 1382 2478 aut
1416 2443 1661 2477 tentatoribus
1695 2442 1772 2476 suis
1808 2442 1893 2474 ante

111 2502 324 2536 tentaminis
350 2503 414 2535 aut
440 2501 619 2535 examinis
645 2501 753 2535 finem
781 2500 905 2534 salarii
932 2499 1076 2533 nomine
1102 2499 1246 2533 solvere
1272 2499 1450 2539 teneatur,
1487 2497 1530 2530 de
1557 2508 1627 2540 qua
1654 2495 1798 2540 quidem
1834 2506 1893 2539 pe-

113 2555 220 2590 cunia
245 2566 433 2590 commune
469 2555 565 2588 inter
600 2566 639 2589 se
674 2554 866 2599 prandium
902 2555 1074 2598 poterunt
1098 2552 1233 2586 habere
1259 2552 1403 2586 residuo
1437 2550 1672 2584 nihilominus
1706 2549 1801 2582 inter
1836 2559 1898 2582 eos

112 2610 240 2654 aequis
274 2608 500 2654 portionibus
536 2607 805 2642 distribuend0“
839 2606 1001 2649 (Statuta
1028 2605 1217 2640 facultatis
1243 2605 1376 2640 artium
1413 2604 1479 2638 sub
1505 2615 1537 2638 a.
1558 2603 1649 2638 1519
1677 2602 1894 2636 reformata:

116 2664 154 2698 0.
172 2664 313 2706 Prantl‚
341 2661 560 2697 Geschichte
588 2661 651 2695 der
676 2659 1345 2704 Ludwig·Maximilians-Universitat
1379 2658 1414 2692 in
1445 2656 1659 2700 Ingolstadt‚
1695 2655 1894 2698 Landshut,

112 2717 296 2751 Mi'mchen
321 2716 365 2757 II,
392 2715 698 2755 Mfinchen1872‚
727 2715 826 2757 157).
863 2715 899 2748 S.
928 2715 1093 2757 Iynatessus
1119 2715 1240 2746 autem
1268 2711 1530 2746 constituerat:
1561 2711 1622 2753 „In
1648 2710 1868 2754 gradibus..
1885 2735 1892 2743 .

114 2769 317 2814 magisterii
336 2770 479 2803 Artium
499 2796 507 2804 .
523 2797 530 2804 .
548 2797 555 2803 .
583 2770 654 2803 tria
681 2769 943 2803 observentur:
971 2795 978 2801 .
996 2795 1002 2801 .
1020 2794 1027 2801 .
1055 2767 1215 2807 tertium,
1242 2768 1283 2799 ut
1308 2764 1610 2810 quemadmodum
1636 2764 1752 2807 gratis
1779 2763 1894 2803 docet,

113 2824 166 2858 ita
193 2826 229 2858 et
254 2823 299 2857 ad
326 2823 461 2866 gradus
488 2822 653 2857 Societas
679 2822 796 2865 gratis
822 2823 1047 2866 promoveat.
1167 2819 1301 2853 Videat
1327 2820 1436 2853 etiam
1463 2818 1607 2859 Rector,
1632 2829 1677 2851 ne
1704 2816 1894 2860 Magistris

114 2877 174 2912 vel
199 2877 285 2911 ullis
310 2876 393 2910 aliis
419 2876 463 2910 de
490 2875 683 2917 Societate,
718 2875 789 2909 sibi
824 2877 888 2909 aut
915 2873 1076 2917 Collegio
1111 2874 1302 2918 pecuniam
1337 2875 1401 2907 aut
1432 2872 1525 2906 dona
1551 2872 1703 2916 quaevis
1738 2871 1782 2904 ab
1808 2869 1894 2911 ullo,

114 2943 178 2976 pro
204 2943 242 2965 re
269 2930 400 2974 quavis
424 2930 461 2964 in
487 2930 649 2974 ipsorum
673 2929 872 2963 utilitatem
898 2928 1007 2969 facta,
1044 2928 1208 2972 accipere
1234 2926 1444 2971 permittat“
1478 2924 1780 2970 (Constitutiones
1807 2923 1842 2957 S.
1861 2923 1893 2957 J.

115 2984 156 3019 P.
182 2984 216 3026 4,
243 2995 272 3018 c.
302 2984 355 3025 15,
382 2995 416 3018 n.
443 2982 495 3027 4).

236 3037 250 3057 2
274 3036 471 3071 Martinum
487 3036 702 3080 Eisengrein
723 3036 966 3080 professorem
987 3034 1194 3078 theologiae
1213 3036 1249 3068 et
1267 3033 1464 3078 parochum
1479 3032 1654 3067 ecclesiae
1670 3030 1703 3065 S.
1719 3029 1894 3065 Mauritii.

237 3091 250 3110 ³
275 3089 341 3124 Die
367 3090 400 3124 7.
428 3089 670 3135 Septembris;
700 3092 740 3123 ut
767 3089 845 3134 ipsa
868 3091 979 3132 „Acta
998 3087 1221 3122 Facultatis“
1244 3087 1390 3121 habent.
1430 3085 1524 3127 Quid
1551 3086 1594 3120 de
1620 3085 1729 3119 huius
1755 3087 1895 3118 contro-

117 3144 258 3179 versiae
285 3143 542 3188 compositione
567 3143 603 3176 in
630 3142 703 3177 illis
729 3142 833 3176 Actis
859 3143 1037 3183 narretur,
1064 3154 1099 3176 v.
1126 3141 1232 3182 infra,
1260 3152 1353 3175 mon.
1372 3140 1445 3184 ing.
1469 3140 1534 3183 (l).
