2044 3335
158 91 243 134 560
797 90 892 124 Mon.
918 91 987 125 944
1012 90 1090 124 sive
1116 91 1188 134 ing.
1211 90 1275 135 (l)-

274 206 442 240 Facultas
468 206 598 239 artium
624 204 713 238 haec
736 205 922 239 constituit
947 205 1003 240 30.
1023 205 1113 238 Iunii
1134 206 1243 245 1567;
1272 205 1432 239 decrevit
1456 205 1574 246 simul,
1600 208 1641 240 ut
1666 206 1919 241 restitueretur

156 271 232 293 mos
251 259 429 302 antiquus,
456 269 524 301 quo
543 257 729 292 consilium
747 257 932 292 facultatis
955 269 1020 292 sex
1037 258 1191 293 habebat
1209 261 1404 299 senatores,
1431 262 1539 303 atque
1565 260 1614 293 ita
1634 259 1797 300 Ursinus
1823 271 1919 294 cum-

156 313 310 357 primum
338 311 570 355 disputationi
596 310 760 355 publicae
790 311 1019 355 praefuisset,
1055 312 1090 344 in
1120 311 1306 346 consilium
1332 312 1562 356 reciperetur.
1613 314 1662 346 At
1697 313 1825 346 breves
1850 312 1918 346 hae

156 365 314 398 indutiae
347 363 458 397 fuere.
509 363 659 407 Aliquot
689 363 920 398 hebdomadis
955 366 1035 409 post
1070 364 1224 399 facultas
1259 376 1340 398 cum
1376 364 1463 398 duce
1498 365 1541 399 de
1568 365 1710 400 Iesuitis
1747 368 1803 399 est
1837 377 1917 400 con-

156 421 285 462 questa
314 417 457 458 (Prantl
482 416 504 450 l.
525 416 588 450 c.I
614 417 710 460 231),
738 419 772 450 et
799 417 932 451 bellum
950 418 1194 452 academicum
1221 429 1270 459 ea,
1298 429 1405 462 quam
1424 417 1588 453 Canisius
1614 419 1690 463 ipse
1717 418 1917 463 descripsit,

154 470 293 504 ratione
322 470 370 512 (v.
399 481 506 514 supra
531 481 565 514 p.
585 470 628 503 26
653 470 716 514 40)
747 471 892 504 exarsit.

274 537 338 578 De
367 551 470 591 pace
500 537 668 578 tandem
703 539 810 579 inita
842 538 944 578 haec
978 539 1017 578 in
1043 538 1159 578 Actis
1188 537 1408 591 facultatis
1440 539 1598 579 artium
1632 539 1749 579 iussu
1783 539 1918 593 ipsius

153 600 374 653 facultatis
397 617 422 642 a
444 602 503 643 ill.
528 602 750 644 Friderc'co
772 603 986 644 Landazco
1008 601 1289 654 (Landauer)
1316 603 1621 655 „lzumam'tatis
1650 601 1915 657 professore“

161 668 196 708 7.
230 666 415 708 Octobris
448 670 563 708 1567
595 672 739 709 notata
771 673 895 709 sunt:

982 740 1092 780 1567

278 814 533 857 Transactio
567 817 611 857 et
642 815 901 869 Compositio
935 814 1267 857 Controuersiae
1299 815 1424 857 Jnter
1446 815 1618 857 Art-ium
1643 815 1920 857 Professores

157 878 277 920 facta
318 892 396 933 per
435 880 553 921 Duos
593 879 795 922 Arbitros
835 880 949 922 infra
990 880 1188 934 scriptos,
1232 883 1277 922 et
1309 894 1334 922 a
1375 880 1656 922 Serenissimo
1702 879 1919 921 Bauariae

157 943 356 997 Principe
389 944 442 986 ad
475 945 555 986 hoc
588 945 839 998 designatos
872 947 912 988 9.
946 945 1211 1000 Septembris
1244 945 1369 987 Anno
1407 947 1531 987 1567.

276 1008 565 1062 Posteaquam
612 1010 726 1053 inter
773 1011 1005 1053 Senatores
1052 1011 1276 1053 facultatis
1317 1010 1489 1052 Artium
1532 1011 1583 1053 D.
1618 1010 1734 1064 Mag.
1769 1009 1917 1052 Vitum

155 1073 419 1133 Jacobaeum
453 1074 638 1117 Poeseos
672 1075 965 1118 Professorem
999 1078 1044 1117 et
1075 1090 1151 1129 pro
1184 1078 1379 1130 tempore
1411 1076 1651 1126 Decanum,
1687 1076 1766 1117 Do.
1800 1075 1917 1126 Mag.

157 1137 482 1192 Vuolfgangum
514 1139 752 1182 Zethelium
776 1140 964 1191 Ethioes,
999 1142 1043 1182 et
1065 1141 1122 1182 M.
1146 1140 1410 1182 Fridericum
1437 1140 1689 1182 Landauum
1721 1139 1918 1181 humani-

156 1202 263 1245 tatis
284 1203 592 1255 Professorem,
626 1206 770 1259 Atque
788 1207 914 1249 Jnter
936 1206 1215 1248 Reuerendos
1238 1206 1443 1247 Dominos
1470 1206 1522 1248 de
1545 1205 1762 1248 Societate
1790 1205 1917 1246 Ihesu

158 1268 208 1310 D.
232 1268 289 1311 M.
314 1268 547 1311 Henricum
571 1270 810 1312 Arboreum
838 1271 1005 1324 logicae
1029 1273 1073 1313 et
1097 1272 1145 1313 D.
1171 1272 1227 1313 M.
1252 1271 1451 1312 Carolum
1477 1271 1679 1312 Vrsinum
1713 1269 1919 1324 physicae

159 1332 446 1384 Professores,
488 1335 531 1376 in
563 1335 615 1389 ijs
647 1336 809 1387 Causis,
853 1350 963 1389 quae
996 1336 1050 1378 ad
1083 1336 1290 1379 Rationes
1333 1338 1609 1390 acceptorum
1643 1337 1686 1377 et
1719 1335 1920 1376 datorum

156 1398 363 1440 Gamerae
396 1400 598 1450 eiusdem,
634 1415 744 1454 quae
776 1401 830 1443 ad
862 1401 1067 1456 pecunias
1100 1415 1154 1443 ex
1176 1401 1516 1455 promotionibus
1548 1400 1818 1454 recipiendas
1851 1402 1919 1442 at-

157 1477 238 1516 que
262 1464 315 1505 ad
333 1465 691 1508 Examinatorum
710 1466 978 1509 Electionem
1000 1466 1281 1521 pertinerent,
1306 1466 1496 1508 nonnihil
1518 1465 1919 1508 Controuersiarum

157 1532 357 1571 exortum
391 1532 519 1581 esset,
555 1534 599 1573 et
629 1534 768 1574 totum
792 1532 1055 1585 Negocium³
1087 1534 1215 1586 prout
1246 1536 1416 1585 gestum
1445 1534 1552 1581 erat,
1587 1531 1641 1573 ad
1664 1530 1919 1583 Magnificos

156 1593 364 1636 Dominos
386 1595 600 1638 Patronos
615 1598 628 1624 ¹
650 1597 706 1638 Jn
731 1597 887 1638 Aulam
910 1611 935 1639 a
958 1597 1186 1639 Facultate
1209 1596 1380 1639 Artium
1407 1597 1593 1638 fideliter
1615 1595 1917 1650 perscriptum,

155 1658 379 1703 Illustriss.
412 1660 617 1716 Princeps
640 1676 691 1704 ac
709 1662 916 1704 Dominus
934 1663 1057 1705 Dom.
1078 1663 1283 1704 Albertus
1307 1662 1521 1704 Bauariae
1542 1661 1779 1714 Vtriusque
1802 1662 1916 1710 Dux,

156 1722 361 1778 Princeps
394 1728 438 1767 et
469 1725 678 1768 Dominus
710 1730 857 1769 noster
890 1727 1257 1769 Clementissimus
1289 1741 1366 1768 suo
1399 1726 1650 1780 Rescripm,
1685 1725 1917 1778 Magnifico

157 1788 208 1830 D.
233 1788 436 1843 Rectorj2
468 1794 599 1844 atque
623 1792 902 1835 Senatoribus
931 1792 1042 1834 serio
1065 1791 1279 1842 Jniunxit,
1314 1794 1362 1834 vt
1389 1792 1541 1846 positis
1573 1791 1703 1844 animj
1729 1791 1916 1833 affectib.

156 1852 484 1908 Disceptatores
516 1857 719 1910 vtrinque
752 1858 964 1907 audirent,
998 1861 1128 1911 atque
1160 1862 1314 1912 postea
1348 1871 1432 1898 non
1474 1859 1645 1899 tantum
1678 1856 1827 1898 audita
1859 1856 1916 1897 Jn

156 1919 300 1960 aulam
333 1920 560 1972 referrent,
603 1923 678 1964 sed
719 1923 850 1965 etiam
892 1923 980 1965 litis
1011 1923 1136 1964 huius
1178 1922 1442 1964 dirimendae
1474 1921 1589 1963 viam
1623 1921 1839 1975 quandam
1873 1925 1917 1963 et

154 1983 380 2036 rationem,
415 1986 448 2027 si
483 2001 593 2039 quae
625 2002 719 2030 esse
751 1988 1029 2030 Judicaretur
1062 1987 1420 2042 praescriberent.

275 2050 498 2094 Illustriss.
540 2052 688 2105 itaque
725 2053 930 2107 Princeps
972 2056 1119 2095 noster
1152 2053 1337 2095 Senatus
1370 2052 1598 2094 Relatione
1639 2051 1807 2106 plenius
1847 2052 1914 2093 in-

155 2114 390 2165 formatus,
434 2116 616 2159 Causam
659 2118 992 2161 Controuersam
1035 2119 1088 2160 ad
1129 2118 1323 2172 priuatos
1354 2117 1556 2160 Arbitros
1601 2117 1914 2159 deuoluendam

155 2180 334 2223 censuit.
398 2181 582 2223 Proinde
623 2182 888 2224 Reuerendis
933 2187 977 2226 et
1016 2183 1260 2236 Magnificis
1294 2183 1409 2225 Viris
1450 2184 1500 2226 D.
1536 2183 1724 2226 Martino
1762 2183 1915 2224 Eisen-

153 2245 304 2297 grenio
338 2246 598 2300 Theologiae
626 2248 881 2298 Licentiato,
916 2248 1216 2302 Oettingensi3
1249 2248 1502 2302 Praeposito
1536 2251 1580 2291 et
1612 2248 1725 2302 apud
1758 2248 1913 2290 Diuum

154 2309 404 2352 Mauritium
445 2311 512 2353 hic
544 2312 759 2363 Parocho,
801 2313 895 2355 Nec
935 2328 1019 2355 non
1053 2314 1175 2356 Dom.
1210 2314 1387 2368 Doctorj
1421 2314 1550 2356 Petro
1584 2313 1753 2356 Canisio
1785 2314 1912 2355 Jesu-

152 2374 313 2417 itarum
336 2376 608 2431 Prouincialj,
643 2392 768 2420 omne
800 2379 879 2421 hoc
903 2379 1234 2421 Controuersiae
1259 2379 1403 2421 Genus
1435 2379 1728 2428 demandauit,
1761 2379 1822 2421 Vt
1853 2378 1915 2420 illi

153 2439 236 2494 ipsi
268 2455 370 2484 suas
402 2444 550 2496 partes
580 2443 932 2498 Jnterponeient,
967 2447 1098 2497 atque
1126 2444 1433 2487 Contentiones
1465 2445 1593 2487 Jnter
1624 2444 1781 2486 artium
1807 2444 1912 2485 Pro-

153 2504 341 2548 fessores
372 2510 500 2549 natas
532 2508 715 2561 quauuis
746 2509 916 2551 ratione
947 2509 1165 2552 tollerent.

271 2570 351 2620 Qui
382 2572 464 2614 duo
497 2573 787 2628 Commissarij
820 2588 952 2617 causa
983 2574 1147 2616 denuob
1181 2574 1356 2627 cognita
1388 2588 1443 2616 ex
1475 2574 1678 2616 mandato
1701 2573 1911 2628 Principis

154 2648 323 2677 omnem
355 2641 584 2680 mouerunt
621 2638 830 2693 lapidem,
866 2640 925 2682 Vt
959 2639 1177 2681 discordes
1219 2639 1378 2681 artium
1409 2638 1683 2681 Professores
1715 2638 1911 2681 Jnuicem

154 2700 504 2752 reconciliarent,
547 2706 678 2757 atque
721 2703 764 2745 in
799 2704 1002 2747 Veterem
1045 2704 1235 2757 gratiam
1275 2704 1569 2746 restituerent.
1634 2704 1775 2754 Quare
1818 2717 1909 2745 rem

153 2762 291 2816 ipsam
336 2766 504 2808 demum
549 2769 798 2822 aggressurj
844 2769 1020 2811 definita
1061 2770 1115 2811 ab
1158 2769 1264 2823 ipsis
1306 2771 1344 2811 7.
1379 2769 1446 2810 die
1488 2769 1752 2823 Septembris
1796 2768 1909 2822 apud

277 2847 306 2875 a)
328 2846 465 2876 Sequitur
484 2847 559 2872 idem
582 2856 614 2879 zu,
634 2849 723 2874 oblitt.
814 2848 844 2880 b)
865 2849 1004 2881 Sequitur
1023 2855 1070 2880 ex,
1090 2849 1181 2874 oblitt.

279 2964 286 2981 ¹
313 2962 488 2998 Simonem
507 2964 736 3000 Thaddaeum
755 2967 833 3002 Eck
857 2967 1086 3012 reliquosque
1104 2967 1326 3001 consiliarios
1343 2966 1590 3001 universitatis
1609 2977 1730 3000 curam
1748 2968 1909 3009 agentes.

273 3016 286 3087 ἶ
311 3015 483 3102 Ιὲᾔρῗΐώ
510 3018 738 3062 Ninguardae
763 3020 851 3054 iuris
877 3020 1070 3065 professori
1096 3020 1274 3064 (Mederer
1299 3020 1323 3054 l.
1342 3020 1406 3054 c.I
1432 3020 1530 3063 300).

374 3081 392 3102 o
429 3081 499 3112 ing.
