2044 3335
582 106 750 149 Augusta
770 105 1041 141 Vindelicorum
1072 107 1125 141 12.
1145 105 1225 140 Iulii
1254 105 1355 140 1569.
1769 107 1853 147 343

84 222 231 276 itaque
262 222 412 265 Ariani
455 223 568 273 noui,
612 237 791 276 quorum
836 226 961 266 extat
1005 222 1242 277 disputatio
1284 221 1479 275 publice³
1519 221 1669 263 habita
1708 235 1854 263 coram

84 287 411 330 Transiluaniae
444 288 651 342 principe,
686 288 942 342 praecipueb
967 286 1028 342 [P]
1061 287 1238 329 fuerunt
1270 289 1440 329 actores
1473 286 1732 329 Franciscus
1765 286 1855 327 Da-

83 352 193 394 uidis
234 355 278 395 et
311 353 522 406 Georgius
555 353 823 403 Blandiata⁰,
867 353 1135 406 disputatum
1179 354 1246 393 est
1287 352 1412 393 albae
1444 350 1587 393 Juliae
1627 350 1853 392 horrendis

84 431 179 459 cum
212 418 541 472 Blasphemijs1,
586 420 631 460 et
663 421 940 472 propugnata
978 421 1079 460 sunt
1110 417 1218 459 haec
1252 416 1579 459 Samosatenica
1611 415 1775 458 Ariana
1809 417 1854 457 et

83 483 377 525 Eunomianad
409 483 616 536 dogmata
629 485 657 533 2,
703 497 813 536 quae
854 483 952 537 piae
984 485 1153 525 mentes
1195 484 1239 524 et
1272 495 1398 523 aures
1431 495 1516 523 non
1555 484 1737 536 possunt
1770 495 1855 523 non

83 548 291 598 execrari,
335 563 418 590 non
460 551 551 591 tres
590 562 799 602 personas
840 562 935 590 esse
969 547 1224 597 diuinitatis,
1267 560 1350 587 non
1393 546 1526 587 filium
1569 549 1612 588 et
1654 546 1854 600 spiritum

83 615 280 655 sanctum
313 627 408 655 esse
440 627 648 668 personas
681 613 862 663 diuinas,
896 627 981 654 non
1014 613 1148 654 filium
1183 611 1252 653 dei
1285 611 1338 653 ab
1372 614 1551 653 aeterno
1581 611 1773 664 genitum
1803 611 1855 653 de

82 691 266 732 persona
298 678 449 732 patris,
492 693 575 720 non
609 679 739 720 alium
773 678 987 721 Christum
1034 680 1078 720 et
1111 677 1178 719 dei
1211 676 1342 717 filium
1379 689 1487 726 esse,
1531 689 1659 728 quam
1693 676 1766 728 qui
1797 675 1855 718 sit

81 743 207 784 homo
241 747 474 798 conceptus
507 747 551 786 et
582 746 711 785 natus
735 744 787 785 de
810 743 949 785 Maria
972 742 1166 796 Virgine,
1200 741 1349 794 Jgitur
1380 755 1464 782 non
1497 743 1641 782 cessat
1664 740 1854 783 Sathane

82 822 160 849 sua
192 822 361 850 venena
400 823 619 863 spargere,
664 811 708 851 et
740 823 875 850 nouas
908 808 1112 850 inducere
1145 809 1289 849 sectas
1330 819 1407 860 per
1445 805 1603 860 jmpios
1644 805 1853 856 homines,

82 872 153 926 qui
177 886 271 914 cum
296 873 475 917 Christif
494 888 648 928 corpus
672 873 787 915 omni
810 888 864 915 ex
886 877 1013 928 parte
1036 873 1338 926 deturparunt,
1372 874 1415 914 et
1436 871 1542 912 nihil
1564 871 1606 912 in
1630 870 1854 912 Ecclesiae

82 937 277 980 doctrina
304 938 522 992 integrum
555 939 678 980 nobis
711 938 994 991 reliquerunt,
1029 952 1142 980 nunc
1176 937 1229 979 ad
1263 939 1395 990 caput
1426 936 1565 990 ipsum
1599 949 1854 989 oppugnan-

82 1003 194 1053 dum,
220 1003 520 1057 Christumque
543 1003 771 1046 diuinitate
794 1018 872 1045 sua
894 1003 1181 1057 spoliandum,
1215 1002 1331 1043 vires
1364 1004 1408 1043 et
1431 1004 1549 1043 artes
1572 1014 1673 1043 suas
1695 1000 1853 1043 iterum

82 1068 376 1122 experiuntur.
439 1069 495 1111 ‚Jn
531 1069 638 1110 haec
672 1069 919 1111 miseranda
951 1071 1161 1122 tempora,
1206 1081 1288 1120 que
1320 1066 1495 1120 impune
1527 1067 1650 1108 alunt
1683 1079 1852 1107 omnem

80 1132 348 1186 impietatem
372 1134 616 1176 reseruauit
637 1148 715 1176 nos
739 1135 868 1184 Deus,
894 1137 943 1176 vt
964 1133 1049 1175 iam
1073 1147 1212 1186 neque
1233 1132 1374 1174 Verbo
1400 1131 1480 1181 dei,
1514 1145 1652 1184 neque
1675 1133 1854 1173 sanctae

81 1198 302 1240 Ecclesiae
335 1213 438 1240 suus
471 1202 643 1242 constet
676 1199 823 1250 honos,
869 1199 944 1240 sed
988 1198 1161 1252 priuata
1194 1197 1436 1251 scripturae
1477 1195 1852 1250 interpretatione,

83 1266 127 1306 et
158 1264 378 1317 praetoria
401 1264 670 1307 authoritate
693 1279 818 1306 sacra
841 1264 985 1306 omnia
1017 1278 1095 1317 pro
1119 1263 1323 1316 cuiusque
1346 1262 1534 1311 libidine,
1570 1261 1852 1316 abripiantur‚

80 1330 377 1380 inuertantur‚
433 1333 785 1384 corrumpantur;
840 1330 981 1383 quue
1029 1329 1121 1371 fieri
1163 1342 1341 1370 necesse
1382 1330 1449 1370 est
1489 1327 1561 1368 vbi
1604 1327 1854 1369 catholicisg

81 1394 334 1436 authoribus
388 1395 557 1437 obscuri
603 1395 839 1449 scriptores
884 1409 980 1436 sese
1025 1394 1105 1448 ipsi
1151 1393 1407 1448 praeferunt
1455 1395 1499 1434 et
1543 1392 1759 1445 virgulam
1804 1395 1853 1434 vt

81 1462 240 1501 vocant
273 1460 534 1511 Censoriam‚
569 1461 626 1502 Jn
659 1475 808 1502 omnes
841 1459 1120 1513 quantumuis
1153 1459 1360 1513 probatos
1392 1460 1541 1512 patres
1573 1461 1750 1500 sumunt
1782 1472 1852 1499 ar-

80 1528 323 1578 rogantque
355 1525 449 1576 sibi,
483 1528 527 1568 et
553 1525 714 1567 nullum
750 1525 891 1567 ferreh
924 1525 1107 1566 iudicem
1139 1524 1381 1577 legitimum
1407 1524 1558 1565 volunt
1571 1524 1599 1565 3.
1644 1522 1852 1565 Videmus

80 1590 254 1632 interim
278 1605 406 1643 quam
439 1591 616 1644 pulchre
640 1591 872 1632 conueniat
903 1589 1038 1632 interi
1060 1590 1168 1632 istos
1202 1589 1274 1642 qui
1297 1589 1349 1631 de
1372 1589 1506 1630 verbo
1530 1588 1598 1630 dei
1621 1591 1851 1642 tantopere

198 1672 225 1703 a)
248 1671 368 1704 puplice
390 1680 437 1703 ap.
512 1671 540 1701 b)
562 1673 610 1697 Sic
629 1680 695 1704 ap.;
714 1673 764 1696 sed
785 1673 878 1703 leyeoe
899 1672 1000 1696 malim
1020 1670 1183 1703 praecipui.
1265 1671 1289 1701 c)
1312 1671 1377 1701 Sil-,-
1396 1670 1582 1695 scribendum
1601 1670 1660 1700 fuit
1682 1668 1850 1695 Blaudrata

81 1714 124 1738 rel
144 1712 330 1744 Biandrata;
353 1721 374 1738 v.
397 1714 491 1744 infra,
513 1714 581 1738 adn.
602 1715 626 1738 1.
693 1712 722 1744 d)
744 1712 927 1738 Euroniama
947 1721 994 1744 ap.
1060 1713 1087 1743 e)
1110 1714 1135 1737 A
1156 1713 1222 1737 libr.
1243 1720 1316 1737 corr.
1337 1720 1373 1737 erz-
1393 1710 1504 1737 Sallan.
1570 1710 1592 1742 f)
1615 1712 1674 1736 Hoc
1700 1719 1723 1736 v.
1744 1720 1760 1735 (ι
1782 1711 1849 1736 libr.

80 1755 111 1779 rin
132 1755 263 1786 maryiue
284 1755 416 1779 additum
439 1758 488 1779 est.
550 1754 580 1787 g)
603 1753 766 1780 Chatolicis
787 1763 834 1786 ap.
904 1753 935 1785 11)
957 1754 975 1785 1)
997 1755 1058 1779 Hoc
1079 1762 1100 1778 r.
1115 1762 1208 1785 snpra
1231 1761 1342 1778 versum
1364 1754 1505 1784 scriptum
1527 1756 1576 1778 est.

199 1869 207 1888 ¹
235 1867 448 1901 Franciscus
474 1866 636 1907 Davidis,
673 1866 895 1911 Claudiopoli
934 1866 1035 1900 circa
1062 1878 1094 1900 a.
1116 1867 1206 1901 1510
1241 1868 1360 1907 natus,
1395 1867 1564 1900 sacerdos
1599 1867 1764 1911 apostata
1796 1865 1851 1908 (ut

83 1921 251 1962 videtur),
278 1921 534 1964 Vitembergae
570 1921 613 1954 ad
650 1920 870 1962 theologiam
906 1920 1105 1961 institutus,
1142 1920 1178 1953 in
1211 1919 1485 1954 'Pranssilvania
1520 1920 1672 1964 primum
1707 1919 1851 1962 quidem

83 1974 142 2017 (ab
168 1986 199 2008 a.
222 1974 327 2017 1556)
357 1974 642 2008 Lutheranorum
669 1973 979 2019 superintendens,
1007 1974 1134 2007 deinde
1161 1976 1283 2008 autem
1307 1973 1600 2007 Calvinianorum
1626 1974 1851 2017 superinten-

78 2028 165 2062 dens
204 2027 263 2069 (ab
301 2039 332 2061 a.
363 2028 468 2071 1564)
506 2030 541 2061 et
576 2027 719 2061 loannis
754 2027 977 2070 Sigismundi
1013 2027 1191 2072 Zapolyae
1232 2027 1404 2072 principis
1438 2023 1733 2060 Transsilvaniae
1772 2038 1851 2060 con-

77 2081 233 2115 tionator
259 2080 397 2115 aulicus
424 2083 518 2121 erat;
547 2081 691 2115 tandem
722 2080 805 2123 (sub
835 2092 866 2114 a.
888 2080 995 2124 1568)
1024 2081 1162 2125 primus
1190 2080 1332 2114 exstitit
1362 2081 1592 2125 „episcopus“
1624 2080 1702 2113 sive
1728 2091 1850 2124 super-

78 2134 267 2168 intendens
294 2134 537 2168 Unitariorum
577 2134 655 2168 sive
692 2133 973 2175 Socinianorum,
1013 2134 1075 2178 qui
1114 2134 1290 2179 imprimis
1324 2133 1384 2168 SS.
1412 2133 1601 2168 Trinitatis
1639 2133 1850 2178 mysterium

78 2188 274 2222 reiciebant
294 2188 474 2231 (†1579);
502 2199 571 2231 qua
598 2188 633 2221 in
660 2199 697 2222 re
724 2187 956 2233 praecipuum
985 2188 1183 2222 adiutorem
1211 2187 1368 2222 habebat
1394 2187 1588 2230 Georgium
1616 2186 1850 2220 Blandratam

81 2241 307 2285 (Biandrata)
348 2241 525 2275 medicum
565 2241 886 2286 pedemontanum,
928 2241 1081 2286 primum
1122 2253 1142 2275 a
1180 2242 1250 2275 fide
1289 2241 1467 2275 catholica
1507 2241 1550 2274 ad
1590 2240 1849 2274 Calvinismum

78 2297 347 2339 transgressum
374 2297 410 2328 et
436 2294 655 2339 aliquamdiu
682 2296 717 2328 in
736 2295 884 2329 Polonia
911 2297 1114 2336 ve1·satum;
1143 2296 1203 2339 qui
1230 2295 1357 2329 deinde
1387 2295 1446 2337 (ab
1474 2305 1504 2328 a.
1528 2294 1634 2337 1563)
1664 2295 1698 2327 in
1719 2293 1849 2328 Trans-

78 2348 233 2383 silvania
268 2348 483 2382 versabatur
521 2350 557 2382 et
591 2348 734 2382 Ioannis
771 2348 990 2391 Sigismundi
1026 2348 1199 2393 principis
1234 2348 1412 2382 medicum
1452 2348 1593 2391 agebat.
1654 2347 1742 2381 Post
1780 2347 1849 2381 dis-

78 2402 297 2447 putationem
313 2401 427 2435 Albae
446 2401 556 2436 Iuliae
573 2401 1055 2446 (Fehervar,Weif3enburg,
1074 2404 1200 2446 postea
1216 2401 1432 2445 Karlsburg)
1454 2413 1517 2446 per
1534 2402 1576 2436 10
1596 2401 1671 2434 dies
1689 2400 1848 2435 habitam

79 2455 187 2490 etiam
214 2455 290 2500 ipse
314 2455 465 2489 Ioannes
485 2454 736 2498 Sigismundus
762 2455 929 2500 princeps
956 2457 991 2489 et
1016 2456 1130 2489 maior
1156 2455 1354 2489 nobilitatis
1380 2466 1464 2499 pars
1483 2454 1848 2488 Antitrinitarismum

78 2508 231 2553 professi
258 2511 352 2543 sunt.

198 2562 211 2582 2
237 2562 373 2596 Paulus
400 2561 655 2595 Samosatenus
685 2561 795 2604 (saec.
822 2561 900 2603 ΙΙΙ.)
929 2561 1047 2595 Iesum
1075 2561 1258 2596 Christum
1294 2573 1409 2605 neque
1442 2572 1568 2595 verum
1595 2560 1709 2594 Deum
1735 2572 1850 2604 neque

79 2617 276 2657 aeternum,
311 2615 374 2649 sed
400 2614 516 2649 solum
542 2614 722 2648 hominem
749 2625 828 2648 esse
855 2614 1035 2656 docuerat,
1072 2615 1106 2648 in
1140 2626 1209 2659 quo
1236 2615 1303 2649 Dei
1338 2615 1516 2659 sapientia
1544 2614 1734 2648 habitaret.
1780 2615 1848 2649 Eu-

78 2669 218 2703 nomius
248 2669 283 2712 (†
310 2680 351 2703 ca
370 2668 454 2712 395)
482 2680 551 2702 non
587 2668 702 2702 solum
736 2679 817 2702 cum
843 2668 989 2702 Arianis
1025 2668 1189 2702 omnibus
1216 2670 1415 2711 negaverat
1450 2667 1562 2701 filium
1590 2667 1654 2702 Dei
1689 2668 1847 2702 eiusdem

78 2722 304 2757 substantiae
336 2725 444 2766 atque
471 2722 616 2756 Patrem
644 2733 734 2763 esse,
769 2721 832 2755 sed
858 2721 967 2755 etiam
994 2722 1241 2756 affirmaverat
1267 2733 1346 2755 eum
1373 2733 1418 2756 ne
1444 2721 1573 2755 similis
1599 2721 1742 2766 quidem
1770 2733 1848 2756 esse

79 2775 314 2810 substantiae.

199 2829 212 2848 ³
241 2828 475 2870 „Franciscus
501 2828 617 2863 Dauid
646 2855 679 2862 ..
701 2855 708 2862 .
735 2828 926 2872 disputans
960 2828 1152 2872 aliquando
1189 2840 1268 2862 cum
1298 2827 1525 2869 Caluinistis,
1561 2827 1768 2873 Scripturae
1804 2827 1847 2862 ab

78 2883 155 2927 ipso
182 2882 225 2915 ad
253 2893 339 2916 suae
365 2882 541 2926 opinionis
567 2882 811 2916 defensionem
847 2881 957 2915 allata
984 2881 1062 2915 loca
1089 2893 1133 2915 ex
1161 2881 1220 2915 SS.
1248 2881 1399 2916 Patruin
1425 2893 1534 2916 sensu
1570 2884 1606 2915 et
1632 2881 1848 2917 auctoritate

79 2935 349 2979 interpretanda
375 2947 454 2969 esse
480 2935 692 2976 dicentibus,
728 2934 895 2969 Profecto
922 2946 1065 2977 suaues,
1092 2935 1218 2979 inquit,
1255 2935 1416 2969 homines
1444 2935 1543 2977 estis,
1581 2935 1641 2979 qui
1669 2935 1782 2969 vultis
1809 2937 1849 2969 vt

79 2989 172 3033 apud
199 3000 255 3022 nie
273 2988 423 3022 Patruin
442 2988 565 3023 valeat
591 2989 807 3028 auctoritas3
836 2999 942 3032 quam
970 2988 999 3022 si
1026 2988 1198 3033 Papistae
1217 2989 1319 3023 vobis
1346 2991 1537 3034 opponant,
1565 2989 1688 3023 statim
1717 2988 1847 3031 dicitis,

78 3042 239 3076 homines
266 3041 346 3076 illos
372 3042 495 3083 fuisse,
523 3045 558 3076 et
583 3053 703 3075 errare
730 3042 908 3086 potuisse“
935 3041 1212 3085 (Florimmzd‘zcs
1230 3043 1463 3076 Raemundus
1488 3042 1522 3086 [†
1543 3042 1660 3086 1603]Υ
1688 3042 1848 3076 Historia

81 3095 123 3129 de
141 3096 231 3136 ortu,
256 3106 460 3140 progreSSU,
488 3097 524 3129 et
549 3095 651 3129 ruina
678 3095 873 3129 haereseon
899 3095 1004 3129 huius
1023 3095 1159 3130 saeculi
1185 3095 1208 3130 l.
1223 3097 1255 3137 4,
1276 3107 1304 3130 c.
1322 3096 1340 3130 7
1362 3095 1543 3140 [Coloniae
1564 3096 1664 3138 1614,
1685 3108 1718 3140 p.
1735 3094 1847 3139 53OJ).

244 3149 253 3163 Ι
