2044 3335
657 83 700 117 II.
728 83 952 117 Prooemium
980 82 1173 116 voluminis
1199 82 1306 117 sexti.
1800 95 1871 119 xxx

101 201 182 246 plus
208 211 314 245 quam
340 199 548 242 vulgarem“
584 199 684 243 (419)
714 202 899 244 praestare
934 200 970 232 et
995 199 1138 242 praeter
1166 197 1437 233 Centuriatores
1463 198 1620 242 reliquos
1647 210 1788 243 quoque
1814 200 1870 234 sui

97 254 270 299 temporis
295 253 506 294 haereticos,
534 252 595 297 qui
630 253 773 296 quidem
801 252 946 286 maioris
970 251 1125 285 nominis
1152 253 1283 291 essent,
1311 251 1492 285 debellare
1519 251 1686 286 Canisius
1724 252 1871 286 volebat

100 308 186 349 (419
221 306 327 349 436);
366 306 498 340 idcirco
537 305 690 350 plurima
728 307 933 339 sanctorum
971 304 1118 338 Patrum
1160 307 1195 338 et
1233 305 1419 338 doctorum
1458 304 1695 349 posteriorum
1733 306 1870 350 scripta

98 360 325 404 excerpebat,
365 370 407 393 ac
433 359 628 393 multorum
661 358 937 403 protestantium
975 359 1011 391 et
1044 357 1154 391 libros
1189 357 1334 400 legebat
1369 360 1404 391 et
1439 358 1535 391 dicta
1562 357 1750 402 permulta,
1777 370 1871 392 novo

98 412 192 457 apud
218 412 413 446 catholicos
449 411 625 456 exemplo,
665 412 709 446 ad
745 411 894 445 verbum
930 410 1156 455 exprimebat
1195 410 1319 453 (437);
1356 422 1483 444 verum
1520 421 1566 444 ex
1602 422 1671 454 quo
1709 412 1870 455 tempore

96 465 253 500 scribere
280 466 397 510 coepit
423 486 465 490 —
493 465 544 499 ita
570 465 811 499 Theodoricus
838 465 915 498 eius
942 464 1055 497 frater
1080 475 1144 497 suo
1171 466 1207 497 et
1242 463 1530 497 consiliariorum
1556 463 1698 497 nomine
1724 463 1871 507 Dilinga

97 519 141 553 ad
159 519 329 562 Borgiam
356 518 483 552 scribit
509 538 552 542 —-
584 518 666 561 „vix
694 530 757 563 per
782 518 906 551 horam
933 517 1022 551 bene
1048 516 1184 558 valuit;
1212 528 1407 560 numquam
1434 517 1502 550 sibi
1528 516 1728 557 satisfacit;
1756 528 1870 561 paene

95 584 134 606 se
161 572 324 606 conficit“
349 571 434 615 (682
461 572 567 615 699);
596 583 853 615 nonnunquam
879 572 987 615 caput
1013 569 1167 614 aliquod,
1195 582 1275 604 cum
1300 570 1412 604 octies
1431 570 1500 603 iam
1521 569 1686 604 deciesve
1705 569 1869 604 immuta-

95 627 171 659 tum
198 627 235 659 et
251 625 509 670 transcriptum
528 627 635 663 esset,
662 625 777 659 denuo
797 624 1055 658 emendabatur
1075 623 1176 666 (709)
1193 636 1200 663 ;
1229 634 1299 666 qua
1317 623 1455 656 ratione
1475 628 1511 656 et
1529 622 1804 657 domesticorum
1834 626 1869 657 et

94 678 314 723 typographi
340 679 515 722 patientia
541 678 751 712 tentabatur
781 678 864 721 (708
892 677 990 718 711).
1026 676 1215 710 Timebant
1234 676 1346 719 igitur
1364 675 1546 710 Sociorum
1566 676 1688 720 aliqui,
1716 678 1755 710 ut
1781 688 1870 720 opus

95 731 358 776 exspectationi
377 731 632 765 catholicorum
649 731 881 766 satisfaceret
899 731 982 771 (699
1002 729 1105 772 708);
1126 732 1251 763 contra
1266 730 1406 763 evenit:
1427 729 1570 763 Primus
1585 729 1646 763 ille
1664 730 1869 771 „Commen-

94 785 269 819 tariorum
296 785 338 819 de
364 784 474 819 Verbi
501 784 566 819 Dei
592 784 807 829 corruptelis
833 784 957 825 liber“‚
985 783 1046 827 qui
1073 783 1116 817 de
1143 782 1178 817 S.
1196 783 1329 817 Ioanne
1348 782 1514 827 Baptista
1541 785 1630 822 erat,
1657 794 1727 816 non
1753 782 1869 816 solum

94 838 314 872 doctissimis
353 838 544 872 Societatis
582 838 796 877 hominibus,
837 837 900 872 sed
943 837 1052 870 etiam
1096 836 1177 870 aliis
1215 836 1398 881 perfectae
1437 836 1650 870 eruditionis
1689 835 1788 877 viris,
1831 838 1871 870 ut

94 890 235 932 Sirleto,
263 890 482 931 Fontidonio,
511 891 606 936 Copo
634 891 868 925 vehementer
902 890 1140 935 probabatur;
1176 890 1333 923 maxime
1368 892 1489 923 autem
1517 889 1709 923 cardinalis
1735 888 1869 923 Hosius

93 944 130 977 in
149 955 190 977 eo
208 944 380 978 laudabat
398 944 607 985 doctrinam,
635 944 756 978 iudicii
776 944 900 984 aciem,
918 943 1143 985 modestiam,
1170 942 1419 987 prudentiam,
1447 945 1610 976 veterum
1630 953 1674 975 ex
1694 953 1735 976 eo
1752 942 1870 987 splen-

94 997 178 1030 dere
204 997 376 1042 pietatem
402 997 571 1038 Patrum;
610 998 749 1032 dicendi
776 1009 890 1041 genus
915 997 1045 1031 melius
1072 1008 1151 1031 esse
1187 1008 1294 1040 quam
1322 996 1356 1029 in
1384 995 1536 1029 caeteris
1563 995 1697 1029 Canisii
1723 995 1869 1040 scriptis

95 1050 219 1094 (444s7
247 1051 351 1094 710);
380 1062 491 1095 quare
517 1051 604 1085 Pius
631 1051 674 1086 V.
701 1051 886 1086 Canisium
911 1052 1161 1084 remuneratus
1188 1052 1244 1084 est
1270 1049 1494 1092 indulgentia
1520 1048 1691 1093 plenaria,
1719 1060 1810 1092 quae
1836 1049 1869 1082 ei

97 1103 255 1146 „ingenti
281 1104 535 1138 consolationi“
566 1107 644 1139 erat
672 1104 793 1148 (489);
821 1104 988 1147 Dilingae
1015 1106 1137 1137 autem
1162 1103 1241 1148 ipso
1277 1114 1369 1137 anno
1398 1102 1508 1143 1571,
1546 1114 1614 1146 quo
1650 1102 1740 1136 liber
1766 1102 1868 1146 prod-

92 1157 194 1198 ierat,
233 1157 347 1191 altera
383 1158 490 1192 editio
526 1158 646 1203 parari
673 1161 799 1203 coepta
827 1160 882 1192 est
910 1158 994 1201 (475
1024 1157 1138 1200 713¹).
1190 1156 1267 1190 Hoc
1294 1167 1436 1201 quoque
1461 1158 1588 1189 notatu
1614 1155 1765 1199 dignum
1790 1157 1865 1189 est:

93 1211 168 1245 lam
195 1211 229 1244 in
257 1223 297 1244 eo
324 1215 412 1252 erat,
438 1214 478 1245 ut
504 1211 587 1246 huic
613 1211 703 1245 libro
730 1212 921 1246 adderetur
940 1210 1218 1245 commentarius
1245 1209 1315 1251 ille,
1342 1221 1412 1254 quo
1431 1209 1645 1243 Franciscus
1670 1208 1868 1243 Turrianus

91 1264 150 1309 pio
189 1265 332 1309 quidem
367 1265 430 1299 sed
473 1265 632 1300 infausto
668 1265 815 1299 consilio
853 1265 1222 1310 pseudo-isidorianas
1264 1264 1346 1298 illas
1389 1263 1596 1308 pontificum
1639 1274 1868 1297 romanorum

93 1318 268 1362 epistulas
294 1318 522 1353 authenticas
558 1319 678 1353 facere
713 1319 910 1353 conabatur
937 1318 1060 1362 (171);
1097 1318 1160 1352 sed
1196 1317 1341 1352 tandem
1369 1317 1535 1352 Canisius
1570 1329 1610 1351 eo
1636 1316 1797 1351 addendo
1824 1316 1867 1350 ob

91 1383 212 1405 rerum
237 1372 485 1417 sermonisque
504 1372 751 1406 diversitatem
771 1372 976 1417 supersedit
1003 1372 1126 1415 (368);
1154 1371 1276 1415 itaque
1294 1370 1461 1405 Turriani
1478 1370 1568 1405 liber
1586 1370 1735 1404 seorsim
1764 1372 1867 1403 extra

92 1424 321 1460 Germaniam
350 1438 506 1460 excusus
541 1429 597 1460 est
630 1426 761 1470 (337³).
812 1426 982 1461 Libenter
1017 1425 1145 1459 deinde
1172 1425 1338 1459 Canisius
1373 1425 1549 1468 reliquam
1577 1424 1866 1459 Centuriatorum

90 1478 355 1520 refutationem,
392 1479 448 1513 cui
483 1480 645 1525 ineptum
681 1492 720 1514 se
756 1491 834 1514 esse
869 1492 933 1525 pro
968 1491 1034 1513 sua
1069 1479 1246 1513 modestia
1271 1478 1433 1523 putabat,
1468 1477 1548 1512 aliis
1584 1478 1755 1512 cessisset
1782 1476 1867 1520 (418

88 1532 159 1566 438
186 1533 292 1576 441);
322 1536 358 1567 et
385 1533 523 1567 Hoffaei
550 1527 794 1578 provincialis,
831 1533 965 1568 Canisii
1000 1533 1097 1566 vitae
1124 1532 1329 1573 metuentis,
1370 1532 1510 1566 animus
1536 1531 1572 1565 in
1598 1531 1633 1565 id
1661 1531 1867 1571 inclinabat,

90 1588 130 1619 ut
163 1585 224 1619 ille
258 1587 294 1620 in
334 1589 515 1631 posterum
550 1587 692 1621 libellos
726 1587 901 1621 scriberet
937 1586 1163 1630 germanicos
1207 1585 1388 1629 simulque
1431 1585 1657 1619 contionibus
1692 1584 1866 1619 habendis

90 1642 327 1684 occuparetur
356 1641 441 1684 (700
468 1640 569 1683 711);
604 1643 855 1674 verumtamen
881 1641 994 1681 Hosii,
1030 1643 1070 1674 ut
1096 1640 1250 1680 videtur,
1276 1639 1504 1684 potissimum
1531 1649 1639 1683 opera
1668 1638 1751 1681 (446
1778 1637 1863 1681 488)

89 1692 254 1727 effectum
281 1696 346 1734 est,
374 1697 412 1728 ut
432 1694 598 1728 Canisius
617 1694 817 1739 Oeniponte
847 1693 931 1738 (quo
958 1694 1129 1728 librorum
1148 1693 1298 1738 copiam,
1329 1693 1419 1728 1500
1438 1692 1553 1737 pondo
1572 1691 1693 1733 libras,
1721 1691 1866 1734 Dilinga

88 1746 158 1780 sibi
184 1746 432 1781 advehendam
460 1750 606 1782 curarat
634 1747 761 1792 [624]),
788 1747 893 1782 alteri
912 1747 963 1781 illi
983 1746 1330 1782 Commentariorum
1349 1746 1450 1787 libro,
1478 1745 1537 1790 qui
1558 1746 1601 1779 de
1621 1745 1732 1779 Beata
1750 1745 1867 1778 Maria

89 1798 238 1843 Virgine
270 1801 416 1835 futurus
451 1804 487 1835 et
521 1813 552 1835 a.
584 1802 673 1836 1577
713 1802 749 1835 in
788 1801 904 1835 lucem
944 1801 1150 1846 proditurus
1186 1802 1281 1841 erat,
1324 1812 1469 1845 operam
1508 1799 1610 1833 daret
1649 1799 1732 1841 (476
1765 1798 1865 1842 494).

89 1853 190 1887 Alios
216 1856 338 1888 autem
373 1854 483 1888 libros
518 1855 562 1889 ab
589 1854 668 1889 aliis
704 1855 867 1900 componi
902 1854 962 1889 ille
998 1854 1176 1899 cupiebat.
1227 1854 1282 1888 Ita
1318 1856 1353 1887 et
1380 1854 1419 1888 P.
1446 1853 1660 1887 Torrensem
1687 1863 1795 1897 saepe
1821 1852 1866 1886 ad

89 1906 280 1951 primatum
327 1908 424 1942 Petri
464 1907 755 1952 reliquorumque
794 1908 1004 1953 pontificum
1052 1907 1308 1942 vindicandum
1355 1906 1609 1941 cohortabatur
1655 1906 1777 1949 (715);
1829 1908 1866 1939 et

89 1960 128 1995 P.
157 1960 331 2004 Gregorio
358 1960 516 1996 Roseffio
544 1961 577 1996 S.
598 1962 630 1996 J.
668 1961 886 1996 cathedralis
924 1961 1100 1996 ecclesiae
1136 1963 1363 2004 augustanae
1399 1959 1636 1994 contionatori
1679 1959 1866 2000 suadebat,

87 2016 127 2048 ut
153 2015 333 2049 orationes
359 2015 402 2049 de
428 2014 660 2060 paenitentia,
694 2026 784 2059 quas
820 2027 951 2059 magna
988 2027 1068 2049 cum
1104 2015 1209 2048 laude
1244 2014 1440 2055 habuerat,
1474 2014 1574 2059 typis
1609 2013 1865 2047 describendas

86 2069 230 2101 curaret
266 2068 391 2112 (336);
428 2071 465 2102 et
490 2069 647 2103 Martino
683 2069 850 2103 Cromero
883 2070 1053 2103 canonico
1089 2068 1311 2102 cracoviensi
1347 2067 1632 2107 commendabat,
1678 2069 1718 2100 ut
1757 2078 1865 2111 opera

85 2132 162 2162 sua,
190 2121 304 2155 denuo
331 2122 527 2165 recognita,
562 2134 631 2156 uno
659 2122 840 2156 volumine
866 2121 1187 2167 comprehenderet
1215 2121 1314 2165 (35);
1349 2124 1385 2155 et
1422 2123 1547 2155 sancto
1575 2120 1705 2164 gaudio
1732 2120 1864 2154 afficie-

86 2175 203 2217 batur,
231 2187 312 2209 cum
338 2175 509 2217 audisset,
536 2176 576 2210 Ρ.
593 2175 863 2210 Emmanuelem
884 2176 1058 2210 Alvarum
1077 2175 1111 2209 S.
1132 2176 1165 2210 J.
1192 2175 1323 2209 librum
1342 2175 1546 2220 Syntaxeos
1565 2173 1720 2208 edidisse
1748 2172 1863 2216 (481),

86 2228 127 2262 Ρ.
145 2228 377 2263 Franciscum
395 2229 561 2263 Toletum
588 2229 622 2263 S.
642 2230 674 2263 J.
701 2241 786 2264 suos
817 2230 952 2272 „Casus
971 2229 1231 2264 conscientiae“
1260 2229 1360 2273 typis
1378 2228 1530 2271 vulgare
1555 2227 1729 2261 statuisse
1750 2227 1862 2269 (490),

86 2281 126 2316 P.
154 2282 378 2327 Alphonsum
406 2283 649 2318 Salmeronem
677 2282 712 2318 S.
744 2283 778 2317 J.
805 2283 840 2317 in
869 2283 1134 2317 Commentario
1170 2283 1206 2316 in
1232 2282 1376 2316 Novum
1411 2282 1684 2316 Testamentum
1710 2281 1863 2315 conscri-

86 2336 200 2371 bendo
227 2337 393 2381 progredi
422 2337 547 2381 (481);
575 2340 612 2371 et
638 2348 718 2371 cum
746 2337 785 2371 P.
814 2337 1059 2371 Emmanuelis
1085 2337 1155 2371 Saa
1181 2336 1216 2371 S.
1237 2337 1270 2371 J.
1299 2335 1582 2370 Commentarios
1608 2335 1643 2368 in
1663 2334 1864 2377 Evangelia

85 2401 258 2424 excusum
286 2390 329 2424 iri
354 2391 565 2435 accepisset,
592 2390 815 2436 praepositos
842 2390 996 2434 rogavit,
1034 2391 1296 2436 permitterent,
1332 2392 1372 2423 ut
1399 2390 1434 2423 in
1461 2388 1653 2423 Germania
1679 2388 1863 2433 superiore

85 2443 143 2477 vel
169 2443 204 2477 in
231 2444 417 2488 provincia
442 2445 564 2489 aliqua
589 2445 709 2478 vicina
735 2444 842 2478 iidem
868 2444 967 2489 typis
994 2445 1285 2479 exscriberentur
1312 2443 1427 2487 (489).
1468 2442 1571 2476 Circa
1598 2442 1693 2476 idem
1719 2445 1861 2486 tempus

86 2496 252 2531 Canisius
299 2497 335 2531 id
374 2498 513 2541 agitare
552 2498 684 2542 coepit,
732 2500 773 2532 ut
819 2497 855 2531 in
894 2497 1076 2532 Societate
1128 2497 1442 2542 „scriptorum
1482 2495 1762 2538 colleginm⁴‘
1807 2496 1863 2537 (ut

85 2550 257 2585 Hoffaeus
274 2552 506 2596 provincialis
525 2551 575 2586 ait
596 2552 709 2595 [624])
731 2551 909 2596 quoddam
928 2552 1227 2592 constitueretur3
1257 2550 1460 2593 collegium,
1486 2550 1652 2594 inquam;
1679 2561 1750 2583 non
1768 2549 1861 2593 quod

84 2604 144 2638 ille
171 2605 313 2639 domuin
340 2606 557 2650 scriptorum
583 2606 627 2639 ab
654 2606 734 2639 aliis
753 2605 935 2639 Sociorum
964 2605 1127 2638 domibus
1154 2604 1362 2638 distinctam
1388 2604 1466 2637 sive
1484 2606 1691 2648 separatam
1718 2604 1862 2636 exstare

85 2657 257 2699 voluerit;
294 2671 410 2703 neque
437 2660 532 2693 enim
567 2658 602 2692 id
629 2659 731 2693 ullibi
757 2659 902 2693 invenio
937 2659 981 2692 ab
1009 2670 1050 2692 eo
1076 2658 1341 2701 significatum;
1379 2657 1442 2691 sed
1469 2657 1627 2702 optabat,
1653 2658 1695 2690 ut
1720 2656 1862 2690 sodales

84 2711 196 2756 aliqui
223 2712 479 2756 deligerentur,
507 2725 656 2757 quorum
683 2713 867 2758 proprium
888 2724 1017 2746 munus
1036 2714 1132 2746 esset
1151 2712 1328 2746 adversus
1347 2711 1548 2745 haereticos
1566 2710 1723 2744 scribere
1745 2710 1860 2753 (460).

88 2764 180 2806 „Vix
206 2766 402 2810 quidquam
441 2768 527 2811 puto
561 2767 696 2801 rectius
731 2778 773 2800 ac
800 2765 1022 2811 praeclarius
1048 2765 1092 2799 ad
1129 2776 1354 2799 communem
1390 2764 1574 2799 Ecclesiae
1612 2764 1814 2808 profectum
1841 2776 1861 2797 a

83 2818 227 2854 Nostris
252 2819 393 2854 institui
420 2831 462 2854 ac
488 2820 612 2865 peragi
650 2831 776 2865 posse,
814 2819 1026 2864 praesertim
1061 2819 1097 2853 in
1124 2818 1243 2854 Gallia
1270 2820 1306 2852 et
1331 2821 1485 2863 utraque
1512 2817 1716 2858 Germania,
1751 2817 1861 2851 simul

84 2874 120 2906 et
139 2873 296 2915 Polonia,
323 2873 383 2908 ubi
409 2885 504 2908 nova
531 2875 667 2918 scripta
693 2874 735 2908 de
762 2873 935 2917 religione
962 2872 1158 2918 plurimum
1184 2872 1307 2906 valere
1333 2871 1451 2906 solent
1477 2874 1513 2905 et
1531 2871 1727 2906 Catholicis
1753 2870 1860 2905 vehe-

83 2929 223 2960 menter
257 2926 404 2961 afflictis
439 2927 635 2961 maximam
670 2928 826 2961 afferunt
861 2926 1141 2961 consolationem
1177 2926 1244 2960 hoc
1279 2929 1455 2971 tempore,
1492 2937 1561 2969 quo
1596 2925 1860 2959 haereticorum

84 2980 165 3014 libri
192 2979 346 3014 volitant
372 2983 408 3014 et
445 2981 488 3014 de
513 2981 629 3015 medio
656 2981 732 3015 tolli
759 2992 830 3015 non
856 2981 1038 3025 possunt.“
1092 2981 1148 3014 lta
1175 2979 1341 3014 Canisius
1377 2979 1416 3014 P.
1444 2978 1564 3013 Natali
1599 2979 1661 3012 uni
1687 2990 1733 3012 ex
1760 2989 1859 3022 prae-

82 3033 192 3078 positi
210 3033 390 3076 generalis
409 3035 664 3069 assistentibus
683 3034 830 3078 scripsit
847 3034 969 3078 (419);
990 3034 1217 3068 Mercuriano
1236 3044 1377 3077 quoque
1396 3032 1583 3067 assistenti
1602 3032 1669 3066 hoc
1691 3033 1860 3076 „scripto-

82 3088 182 3121 rum‘
225 3087 556 3122 constituendorum
600 3090 785 3130 „sanctum
820 3087 1046 3122 institutum“
1091 3087 1357 3121 commendavit
1403 3086 1519 3130 (441).
1571 3086 1696 3130 Neque
1737 3085 1858 3119 surdis
