2044 3335
659 125 879 170 Ingolstadio
907 126 960 161 18.
981 124 1203 170 Septembris
1232 125 1333 160 1567.
1828 129 1883 169 43

112 246 259 298 sciam,
302 247 602 300 perpetratum
644 245 768 295 fuita,
811 248 856 288 et
897 259 1010 287 nunc
1053 244 1213 287 celebri
1250 258 1423 286 rumore
1455 244 1658 288 iactatur.
1722 245 1792 286 Ex
1824 244 1891 286 his

110 312 238 354 malis
279 310 442 364 aliquid
482 310 584 352 boni
625 324 705 352 nos
746 324 904 364 capere
942 310 1080 361 decet,
1125 311 1174 352 ut
1214 308 1414 351 nimirum
1455 309 1813 364 praescindamus
1847 312 1891 352 et

111 390 338 420 arceamus
372 375 622 418 libertatem
654 375 698 416 in
731 375 894 418 nostris
928 374 1178 429 disputandi
1211 376 1256 416 et
1289 374 1589 425 contendendi,
1629 373 1889 428 praesertim

112 442 166 484 de
188 441 345 483 sacris:
379 442 513 494 utque
535 439 857 494 pmuideamus,
891 454 946 482 ne
968 440 1110 482 locum
1135 440 1249 494 apud
1272 453 1351 481 nos
1373 439 1508 481 ullum
1530 439 1692 482 habeat
1713 438 1893 493 spiritus

112 505 396 549 infidelitatis.

232 571 393 614 Rector
424 569 692 624 Dilingensis
724 569 847 611 breui
879 584 957 612 suo
990 569 1192 612 Ministro
1226 569 1272 612 P.
1309 569 1498 622 Georgio
1538 569 1814 620 destituetur,
1858 568 1893 610 si

51 651 54 654 ’
112 636 350 690 Collegium
383 635 701 690 Herbipolense
732 634 988 678 instituetur
1003 637 1030 678 1.
1089 635 1282 677 Laborat
1313 634 1487 676 interim
1522 648 1654 688 supra
1686 634 1814 684 uires,
1849 636 1894 676 et

112 701 354 745 immodicis
395 701 510 743 curis
551 714 598 742 se
636 702 849 742 conficere
882 700 1055 743 uidetur
1086 700 1130 741 in
1162 699 1245 741 hac
1277 699 1442 741 difficili
1474 699 1719 748 Prouincia,
1764 713 1893 752 quam

112 767 301 810 sustinet
333 781 389 808 ex
420 769 548 820 parte
580 765 712 808 trium
747 765 1037 819 Collegiorum
1069 764 1272 818 Dilingae
1306 765 1594 806 curandorum
1610 765 1639 807 2.
1697 764 1894 818 Jmponit

114 833 247 876 etiam
289 832 377 874 illib
418 830 824 873 Reuerendissimus
866 844 1000 873 onera
1045 830 1260 883 quaedam
1306 830 1671 880 extraordinaria,
1718 833 1766 872 ut
1809 844 1894 871 non

113 898 253 953 possit
294 897 367 939 ille
405 911 491 939 non
524 896 680 938 anxius
713 898 758 938 et
790 895 1135 939 ualetudinarius
1168 909 1277 938 esse.
1344 895 1471 937 Vnde
1503 895 1671 948 indiget
1703 894 1894 936 subsidio

113 963 317 1014 Ministri,
330 976 456 1016 quem
472 961 640 1004 utinam
654 961 716 1003 illi
731 961 924 1015 reperire
941 975 1127 1016 possem.
1152 960 1408 1014 Cogitabam
1422 960 1610 1003 utiliter⁰
1622 957 1684 1014 [P]
1702 960 1893 1002 futuram

115 1029 228 1071 hanc
260 1028 561 1078 mutationem,
595 1030 644 1069 ut
678 1027 722 1070 P.
759 1026 987 1079 Georgius,
1021 1026 1057 1067 si
1090 1025 1363 1080 Herbipolim
1396 1040 1482 1068 non
1515 1025 1780 1075 mitteretur,
1817 1024 1896 1066 ι111-

117 1093 322 1148 golstadij
356 1096 571 1136 rectorem
606 1094 783 1145 ageret:
828 1094 872 1134 et
904 1092 952 1135 P.
985 1091 1202 1134 Martinus
1216 1092 1245 1142 3,
1290 1091 1361 1145 qui
1394 1105 1508 1133 nunc
1540 1093 1685 1133 rector
1719 1091 1787 1132 est
1817 1090 1895 1131 ι111-

69 1188 72 1192 -
115 1159 439 1213 golstadiensis,
474 1157 676 1211 Dilingae
709 1157 910 1199 Minister
942 1159 1073 1207 esset,
1108 1159 1153 1199 et
1185 1157 1240 1198 ab
1273 1170 1323 1198 eo
1356 1157 1544 1198 Rectore
1576 1155 1739 1198 rectius
1771 1154 1896 1197 insti-

115 1227 326 1268 tueretur.
402 1223 570 1265 Deinde
617 1222 852 1265 Rectorem
902 1222 1136 1276 Oeniponti
1184 1221 1234 1265 R.
1285 1222 1379 1264 Tua
1427 1221 1694 1264 constituere
1748 1223 1897 1275 posset

115 1290 163 1333 P.
188 1289 414 1344 Aloysium
438 1288 650 1331 Mendoza
683 1302 810 1341 quem
843 1287 933 1330 scio
966 1287 1030 1329 illi
1061 1286 1255 1340 Collegio
1288 1286 1499 1330 multumd
1530 1286 1573 1328 in
1602 1286 1775 1328 domino
1799 1299 1895 1328 esse

116 1355 436 1410 profuturum4‚
482 1356 616 1407 atque
659 1352 723 1396 ita
767 1354 819 1396 D.
863 1353 1087 1406 Lanoyum
1131 1352 1213 1394 1100
1256 1351 1593 1407 insupportabili
1638 1365 1782 1401 onere,
1829 1350 1895 1392 cui

116 1421 243 1463 modo
276 1420 531 1470 succumbit,
566 1419 866 1468 liberaremus,
900 1418 1114 1471 simulque
1148 1417 1359 1460 fratribus
1388 1417 1476 1459 illic
1505 1418 1583 1458 sub
1606 1416 1687 1458 hoc
1710 1416 1896 1458 Rectore

117 1486 295 1529 afflictis
321 1487 598 1540 praesentem
622 1484 965 1526 consolationem
989 1483 1164 1525 adferre
1186 1497 1427 1542 possemus.
1471 1483 1564 1532 Qua
1588 1482 1640 1524 de
1661 1495 1709 1524 re
1733 1481 1898 1535 cogitet

118 1566 280 1606 quaeso
313 1551 360 1594 P.
394 1551 488 1592 Tua
520 1563 730 1603 suamque
768 1549 893 1591 nobis
927 1563 1052 1603 opem
1084 1549 1251 1591 tribuat
1284 1549 1327 1590 in
1358 1549 1441 1590 hac
1474 1547 1600 1601 graui
1632 1547 1897 1589 necessitate

118 1617 344 1670 utriusque
376 1615 555 1669 Collegij
589 1618 682 1657 tum
715 1614 1098 1668 Jngolstadiensis,
1133 1617 1226 1657 tum
1261 1613 1567 1668 Oenipontani.

238 1683 284 1726 P.
317 1682 540 1725 Joannes5
572 1681 690 1723 Saxo
723 1680 1012 1723 Concionator
1044 1680 1158 1721 male
1190 1693 1237 1721 se
1269 1679 1385 1732 gerit
1416 1677 1662 1733 Oeniponti,
1697 1680 1745 1720 ut
1777 1677 1897 1718 illum

119 1748 204 1791 3110
237 1747 481 1791 transferre
513 1746 703 1789 fortasse
737 1760 948 1799 cogamur
980 1745 1063 1787 etsi
1092 1745 1256 1786 nullum
1280 1744 1652 1793 Concionatorem,
1687 1757 1815 1796 quem
1837 1742 1898 1783 illi

118 1813 448 1863 substituamus,
491 1812 621 1854 facile
654 1811 777 1854 nobis
809 1811 942 1853 liceat
973 1810 1179 1865 reperire.
1244 1809 1470 1864 Respiciat
1501 1824 1580 1851 nos
1614 1810 1731 1850 Deus
1764 1807 1899 1849 oculis

118 1878 442 1922 misericordiae
474 1891 579 1920 suae
593 1878 623 1921 6.
666 1877 878 1919 Miramur
900 1876 1156 1919 Pontificem
1180 1876 1299 1919 MaX.
1343 1875 1526 1929 Reginis
1548 1875 1629 1917 hoc
1654 1873 1901 1924 indulsisse,

119 1948 168 1988 ut
210 1945 264 1987 ad
304 1946 503 1986 nostrum
536 1942 774 1996 Collegium
816 1943 999 1985 iterume
1039 1941 1210 1995 ingredi
1247 1940 1459 1995 possint7.
1525 1941 1633 1983 Oret
1664 1953 1743 1994 pro
1777 1938 1900 1980 nobis

119 2011 166 2054 P.
201 2011 295 2053 Tua
336 2012 381 2052 et
425 2012 548 2052 curet
588 2022 752 2062 quaeso
785 2008 837 2050 de
870 2008 1131 2050 Rectoribus
1164 2006 1397 2057 mutandis,
1441 2008 1490 2049 ut
1522 2005 1625 2048 dixi.
1690 2004 1900 2047 Dominus

119 2076 356 2119 nobiscum.
419 2074 685 2129 Jngolstadij
724 2075 790 2116 18.
825 2073 1095 2128 Septembris
1132 2074 1258 2114 1567.

1014 2150 1176 2193 Seruus
1208 2149 1252 2190 in
1285 2148 1455 2192 Christo
1489 2149 1535 2191 P.
1570 2147 1779 2190 Canisius.

240 2236 268 2287 †
301 2235 544 2277 Admodum
578 2234 835 2276 Reuerendo
868 2233 911 2274 in
936 2232 1106 2276 Christo
1130 2232 1253 2274 Patri
1276 2231 1509 2274 Francisco
1533 2246 1559 2274 a
1581 2231 1745 2284 Borgia
1767 2230 1901 2271 Prae-

119 2299 261 2356 posito
296 2300 500 2343 GeneraJi
533 2299 767 2342 Societatis
799 2298 954 2341 JESV.
1086 2298 1265 2341 Romae.

245 2393 435 2438 Epistulae
461 2393 547 2427 huic
573 2393 650 2427 dies
671 2392 725 2427 18.
745 2391 969 2438 Septembris
997 2392 1180 2436 ascriptus
1207 2392 1283 2431 est3
1310 2392 1348 2424 at
1367 2390 1535 2425 Canisius
1562 2401 1641 2423 eam
1668 2389 1738 2423 iam
1766 2388 1906 2432 aliquot

127 2447 253 2482 diebus
279 2449 364 2481 ante
390 2446 597 2487 incohavit;
633 2446 669 2480 in
698 2446 845 2480 exordio
873 2446 967 2479 enim
995 2445 1176 2479 affirmat:
1216 2443 1327 2487 „Sunt
1354 2444 1432 2477 dies
1458 2443 1535 2477 fere
1563 2443 1618 2485 14,
1655 2453 1746 2486 quos
1772 2442 1808 2476 in
1834 2441 1902 2475 hoc

242 2528 270 2560 a)
294 2529 424 2560 Quinque
444 2536 487 2554 vv.
507 2536 566 2560 sqq.
586 2529 622 2552 ab
643 2528 707 2559 ipso
729 2529 757 2552 C.
779 2528 810 2551 in
830 2527 964 2558 maryine
985 2526 1091 2551 addita
1111 2529 1187 2551 sunt.
1255 2524 1284 2554 b)
1306 2526 1367 2550 IIoc
1395 2533 1416 2549 ι’.
1437 2533 1532 2556 supra
1554 2532 1669 2549 versum
1689 2524 1834 2555 scriptam
1853 2526 1904 2548 est.

122 2571 149 2602 c)
171 2571 218 2596 Sic
237 2571 335 2600 α)“1“11.;
364 2570 626 2602 corriyenclumne:
654 2568 784 2594 utilem?
887 2567 918 2600 d)
940 2568 1079 2599 Sequitur
1099 2567 1177 2600 opis,
1206 2568 1298 2592 oblitt.
1409 2568 1437 2597 0)
1458 2567 1519 2591 Hoc
1541 2574 1564 2590 r.
1585 2574 1603 2590 ιι
1624 2566 1653 2590 C.
1673 2573 1767 2597 supra
1788 2572 1904 2590 versum

122 2612 265 2644 scriptum
286 2615 336 2637 est.

246 2707 256 2727 ¹
282 2706 322 2740 P.
351 2705 531 2750 Georgius
558 2706 676 2740 Bader
701 2705 786 2739 huic
812 2704 966 2748 collegio
994 2704 1199 2738 destinatus
1226 2705 1304 2738 erat
1331 2705 1469 2743 rector;
1496 2714 1532 2736 v.
1560 2714 1671 2748 supra
1698 2714 1732 2747 p.
1753 2702 1808 2737 13.

244 2760 257 2779 ²
284 2759 486 2802 Collegium
522 2759 726 2801 Societatis,
764 2769 919 2803 quocum
954 2757 1176 2791 universitas
1213 2757 1293 2802 ipsa
1328 2757 1520 2791 coniuncta
1555 2758 1644 2797 erat,
1682 2758 1790 2799 atque
1823 2767 1905 2790 con-

125 2813 329 2847 tubernium
356 2812 391 2848 S.
418 2813 642 2858 Hieronymi,
678 2812 714 2846 in
741 2823 811 2856 quo
839 2814 875 2845 et
901 2811 1037 2845 alumni
1064 2822 1243 2856 pauperes
1270 2810 1442 2855 expensis
1469 2810 1665 2844 cardinalis
1691 2809 1905 2850 Truchsess.

124 2869 160 2901 et
187 2867 414 2901 convictores
440 2867 518 2901 suis
543 2866 749 2911 sumptibus
776 2865 978 2906 alebantur,
1004 2864 1206 2908 significari
1232 2864 1414 2898 videntur.

246 2921 258 2940 3
284 2920 540 2954 Leubenstain.
689 2921 701 2940 ⁴
727 2919 780 2953 De
807 2918 875 2952 hoc
902 2930 936 2952 V.
964 2930 1073 2963 supra
1099 2930 1133 2962 p.
1161 2918 1192 2952 2.

244 2975 257 2993 ⁵
283 2973 501 3018 Merquitius
527 2972 746 3018 parochialis
773 2971 949 3006 ecclesiae
975 2971 1237 3015 oenipontanae
1264 2970 1490 3005 contionator
1516 2969 1772 3014 (Can.V111⁶
1796 2968 1903 3012 473);

126 3027 172 3062 cf.
199 3039 309 3072 supra
336 3039 369 3071 p.
392 3027 445 3061 16.

246 3081 259 3101 ⁶
286 3081 341 3114 Cf.
368 3080 417 3115 Ps
446 3080 500 3122 10,
526 3080 568 3121 53
596 3080 652 3121 24,
682 3080 743 3120 16;
772 3079 829 3121 85,
858 3079 921 3119 16;
950 3078 1051 3113 Εο011
1078 3078 1135 3120 36,
1165 3078 1182 3112 1
1212 3080 1280 3112 etc.

247 3135 260 3154 ⁷
285 3133 377 3168 Vide
404 3145 496 3178 quae
523 3134 589 3168 sub
616 3134 716 3178 ipsas
741 3132 808 3166 has
834 3132 977 3166 litteras
1004 3132 1180 3166 dicentur.
