2044 3335
113 114 197 154 476
612 111 714 144 1748.
743 108 907 143 Canisius
934 110 972 143 P.
992 108 1210 153 Hieronymo
1235 108 1367 144 Natali.

112 242 186 270 oro
210 230 355 270 autem
378 227 424 269 P.
450 226 744 274 Emanuelemy
779 228 828 267 ut
851 225 928 266 hos
950 225 1145 267 residuos
1168 225 1499 278 quaterniones‘*
1521 226 1726 280 corrigat,
1760 227 1872 269 sicut

110 293 151 334 in
186 292 282 346 alijs
314 291 431 339 fecit,
466 304 573 343 quos
606 293 734 332 antea
767 289 974 332 misimus.

229 357 445 398 Hortatur
468 369 535 396 me
558 355 608 397 R.
634 355 680 397 T.
706 355 762 396 ad
794 355 1138 396 emendationem
1173 354 1352 396 duarum
1387 354 1572 408 partium
1607 356 1659 397 de
1682 356 1873 410 Deipara

112 421 291 475 Virgine
324 423 367 462 et
389 420 600 474 Apostolo
629 420 772 462 Petro.
827 420 910 462 Sed
943 433 1050 473 opus
1083 422 1149 462 est
1180 420 1328 461 labore
1360 434 1444 461 non
1477 420 1658 470 modico,
1691 424 1740 464 ut
1772 435 1872 475 pars

111 490 295 538 utraque
328 485 445 538 prius
478 485 745 535 absoluatur,
780 499 830 527 ac
864 488 1017 538 postea
1049 485 1315 527 emendetur.
1370 484 1451 526 Hic
1483 499 1621 526 annus
1654 486 1755 527 mihi
1788 500 1873 528 non

111 550 331 593 suffecerit
363 550 417 591 ad
450 550 684 592 secundam
717 553 885 604 partem
920 550 1243 600 absoluendam‚
1287 552 1331 591 et
1367 549 1663 592 intercurrunt
1693 550 1873 605 impedi-

112 618 272 666 menta,
308 629 418 668 quae
451 614 743 668 superioribus
775 614 912 656 literis
946 614 1075 668 attigi
1093 616 1119 657 ¹.
1177 614 1462 656 Contionandi
1495 629 1648 656 munus
1680 630 1766 657 non
1798 629 1873 670 po-

110 683 198 723 test
229 680 332 722 mihi
363 694 448 721 non
481 680 700 722 facessere
723 679 967 732 negotium:
1002 680 1077 721 sed
1109 679 1269 721 faciam
1292 683 1440 722 tamen
1464 681 1576 733 quod
1608 694 1796 734 possum,
1830 683 1874 722 et

110 747 221 788 sicut
261 741 456 800 postulat
488 745 538 787 R.
572 745 619 787 T.
652 746 824 787 labores
863 747 907 787 et
939 745 1082 787 studia
1115 745 1372 786 moderabor
1405 745 1586 786 Domino
1620 745 1874 788 auxiliante.

109 810 313 853 Permisit
335 812 479 852 autem
505 810 722 864 Princeps,
757 812 805 852 ut
827 810 910 851 huc
933 824 1224 859 excurrerem,
1249 810 1363 863 quod
1386 810 1583 852 Viennae
1605 825 1717 852 nunc
1739 810 1874 852 inter-

109 876 166 917 sit
198 875 348 917 fratris
381 875 523 917 Caroli
556 876 716 929 nuptijs
731 876 759 924 2,
801 875 924 927 eique
957 875 1152 916 dedicaui
1188 889 1307 929 opus,
1342 877 1391 917 ut
1423 878 1467 917 et
1499 875 1609 917 alias
1641 875 1829 918 indicaui
1845 876 1873 918 3.

228 940 349 990 Quod
381 940 435 982 ad
459 940 707 982 academiae
730 940 1092 992 Jngolstadianae
1114 940 1360 982 institutum
1384 954 1542 982 nouum
1567 940 1739 991 attinet,
1774 955 1874 983 con-

109 1006 189 1049 tuli
222 1006 274 1047 de
305 1005 380 1047 illo
414 1019 508 1047 cuni
540 1005 585 1048 P.
611 1005 907 1047 Tlieodorico4
930 1009 974 1047 et
996 1006 1047 1048 D.
1073 1005 1186 1055 Pisa,
1221 1005 1366 1047 cuiusb
1388 1005 1475 1046 uidi
1507 1006 1657 1047 literas
1671 1007 1699 1050 5.
1752 1006 1875 1047 Prior

112 1071 225 1113 enim
251 1070 336 1112 iam
361 1073 462 1112 ante
486 1071 602 1112 misit
633 1071 676 1112 in
699 1071 847 1112 urbem
871 1071 1078 1124 scriptum
1102 1085 1369 1124 responsum,
1404 1071 1524 1112 cuius
1548 1070 1737 1124 aliquam
1760 1086 1876 1113 sum-

111 1150 225 1177 mam
258 1135 469 1178 intellexi.
519 1136 618 1178 Mea
649 1136 868 1178 sententia
890 1150 1003 1177 nunc
1027 1139 1106 1186 est,
1142 1150 1253 1189 quae
1285 1135 1368 1178 fuit
1400 1138 1542 1186 antea,
1578 1150 1672 1177 cum
1695 1150 1877 1189 rogarer

113 1216 138 1243 a
156 1201 202 1245 P.
219 1200 485 1243 Prouintiale
497 1202 525 1251 6,
548 1215 633 1242 11011
652 1201 779 1243 facile
797 1201 920 1242 nobis
943 1201 1261 1255 suscipiendum
1279 1204 1323 1243 et
1340 1201 1581 1242 adeundum
1607 1215 1701 1242 esse
1724 1216 1878 1243 munus

114 1269 158 1308 et
199 1280 318 1316 onus,
363 1266 476 1319 quod
515 1266 629 1308 circa
660 1266 979 1321 poedagogium
1012 1269 1057 1308 et
1089 1280 1258 1307 cursum
1293 1266 1638 1320 Philosophicum
1673 1266 1878 1320 Princeps

117 1331 323 1374 Albertus
356 1332 496 1374 offert.
553 1332 666 1373 Hinc
699 1331 860 1374 nostris
892 1345 1052 1384 magna
1085 1332 1270 1374 conflata
1305 1335 1373 1374 est
1404 1331 1577 1381 inuidia,
1611 1345 1752 1384 neque
1785 1346 1877 1373 ces-

115 1396 230 1439 sabit
261 1396 390 1438 facile
423 1396 660 1438 communis
693 1396 960 1449 querimonia
986 1397 1248 1449 reliquorum
1280 1396 1574 1450 professorum
1597 1396 1877 1450 Jngolstadij.

115 1462 208 1504 Nec
249 1461 578 1515 impetrabimus
618 1476 807 1515 unquam
849 1476 1015 1512 uereor,
1051 1466 1099 1504 vt
1141 1462 1287 1504 debita
1320 1465 1364 1504 et
1400 1462 1647 1503 necessaria
1679 1461 1877 1504 societati

115 1530 292 1570 nostrae
324 1527 505 1569 libertas
538 1530 709 1570 constet
741 1527 833 1569 siue
863 1528 976 1581 apud
1000 1527 1238 1582 Principem
1265 1530 1309 1570 et
1341 1530 1539 1569 senatum
1563 1527 1654 1569 eius
1677 1527 1876 1577 aulicum,

116 1592 235 1634 cuius
268 1593 494 1634 uoluntate
536 1595 748 1646 reguntur
790 1593 945 1642 omnia,
989 1593 1081 1634 siue
1113 1593 1228 1646 apud
1261 1592 1489 1634 Rectorem
1524 1594 1568 1634 et
1608 1592 1878 1646 professores

117 1657 224 1700 alios
257 1657 582 1707 Vniuersitatis‚
626 1657 779 1710 quibus
812 1657 988 1699 nimium
1022 1657 1159 1700 nostri
1196 1672 1242 1699 se
1276 1657 1546 1699 conformare
1578 1657 1780 1699 iubentur
1812 1658 1879 1699 at-

118 1737 200 1776 que
234 1727 460 1776 coguntur.
526 1723 618 1765 Nec
650 1723 799 1764 uidere
831 1737 1018 1777 possum,
1055 1737 1180 1776 quem
1213 1723 1382 1764 felicem
1417 1726 1461 1765 et
1493 1722 1677 1763 solidum
1711 1736 1765 1763 ex
1797 1721 1879 1763 hac

117 1788 358 1830 mutatione
391 1788 579 1830 fructum
612 1802 836 1842 speremus
867 1788 909 1829 in
934 1788 1215 1838 auditoribus,
1250 1788 1286 1829 si
1317 1788 1455 1830 maior
1477 1790 1521 1829 et
1552 1788 1749 1840 legitima
1781 1801 1880 1840 pro-

117 1853 357 1895 fessoribus
378 1854 539 1895 nostris
562 1868 647 1895 non
671 1853 753 1896 erit
779 1855 977 1907 potestas
998 1853 1041 1894 in
1064 1853 1389 1905 gubernatione,
1423 1853 1499 1894 sed
1531 1852 1776 1906 promiscua
1798 1851 1882 1893 erit

116 1918 372 1968 authoritas,
411 1921 455 1961 et
487 1919 626 1960 minor
656 1922 903 1961 nostrorum
938 1933 1141 1960 numerus
1173 1920 1265 1960 tum
1299 1918 1341 1959 in
1375 1918 1677 1968 examinando,
1710 1921 1801 1960 tum
1834 1917 1878 1958 in

114 1983 326 2025 facultate
357 1986 466 2032 tota,
500 1987 548 2026 ut
576 1987 748 2033 uocant,
783 1984 941 2026 artium
957 1985 984 2026 7.
1033 1983 1210 2026 Nostris
1233 1983 1365 2025 etiam
1387 1997 1473 2025 non
1496 1982 1701 2037 expedire
1723 1982 1876 2032 iudico,

116 2052 163 2091 ut
203 2048 284 2090 hac
327 2049 552 2090 occasione
584 2050 691 2090 fiant
723 2049 962 2099 liberiores,
1006 2049 1232 2101 minusque
1265 2048 1440 2090 Rectori
1486 2048 1654 2102 collegij
1699 2052 1744 2090 et
1775 2047 1875 2088 sim-

114 2113 300 2168 plicitati
333 2114 605 2156 obedientiae
638 2114 850 2163 deferant,
885 2114 998 2156 sicut
1029 2128 1160 2168 saepe
1192 2117 1323 2155 antea
1346 2128 1493 2155 sumus
1516 2113 1698 2167 experti.
1748 2113 1876 2154 Prae-

113 2182 236 2221 terea
258 2192 465 2233 perquam
489 2179 664 2220 difficile
687 2179 819 2221 fuerit
849 2179 946 2221 huic
968 2179 1226 2232 prouintiae,
1263 2179 1344 2220 duo
1368 2180 1584 2221 sustinere
1606 2177 1835 2232 gymnasia
1849 2178 1877 2227 8,

115 2246 159 2286 et
197 2244 368 2296 utrique
399 2244 495 2285 1000
528 2244 705 2286 idoneos
738 2245 947 2298 praebere
979 2245 1166 2286 lectores
1199 2244 1391 2297 quolibet
1423 2258 1550 2288 anno.
1613 2242 1876 2296 Jngolstadij

115 2309 277 2351 facilisc
309 2312 353 2351 et
394 2309 597 2361 frequens
639 2309 722 2351 erit
763 2309 1044 2362 querimonia,
1088 2324 1172 2351 non
1211 2309 1319 2352 satis
1351 2312 1545 2351 maturos
1578 2311 1623 2350 et
1655 2310 1780 2362 aptos
1812 2307 1877 2348 in-

234 2389 262 2417 a)
284 2390 451 2421 Sequuntur
476 2391 492 2413 2
519 2397 560 2414 vv.
586 2390 687 2420 oblitt„
712 2397 784 2421 quae
810 2390 869 2414 iam
895 2390 951 2421 Ieyi
977 2397 1034 2414 non
1055 2393 1187 2421 possunt.
1321 2389 1351 2420 b)
1373 2391 1512 2422 Sequitur
1537 2387 1670 2419 adiunxi,
1698 2396 1716 2413 a
1737 2388 1765 2412 C.
1785 2387 1877 2412 oblim.

117 2431 142 2458 c)
165 2431 303 2462 Sequitur
322 2430 462 2461 excitabi,
482 2439 498 2455 α
521 2432 548 2455 C.
569 2432 659 2456 oblite.

240 2563 248 2581 ¹
275 2561 367 2595 Vide
393 2573 503 2606 supra
529 2573 563 2606 p.
581 2562 650 2596 443
677 2562 758 2596 458.

237 2615 249 2634 2
275 2614 423 2648 Carolus
458 2615 643 2656 archiduX‚
680 2615 820 2656 Stiriae,
849 2615 1054 2649 Cariuthiae
1081 2617 1147 2649 etc.
1175 2615 1350 2660 princeps,
1378 2614 1608 2648 Vindobonae
1635 2614 1690 2648 26.
1720 2614 1873 2657 Augusti

120 2668 206 2701 1571
244 2678 324 2701 cum
350 2668 464 2701 Maria
499 2668 638 2702 Alberti
657 2668 699 2702 V.
728 2668 905 2702 Bavariae
940 2669 1040 2702 ducis
1066 2669 1140 2702 filia
1174 2668 1338 2702 sollemni
1374 2668 1445 2702 ritu
1479 2667 1745 2701 matrimonium
1776 2667 1874 2707 iniit;

116 2720 216 2753 cuius
242 2720 354 2753 frater
372 2720 629 2761 Ferdinandus,
648 2721 778 2756 Tirolis
796 2724 863 2756 etc.
891 2721 1058 2766 princeps
1085 2721 1204 2764 (cuius
1230 2721 1512 2755 contionatorem
1539 2720 1695 2754 aulicum
1711 2719 1874 2754 Canisius

117 2772 314 2816 Oeniponte
341 2784 448 2815 agere
475 2774 670 2818 coeperat),
699 2775 753 2809 23.
781 2775 938 2818 Augusti
958 2774 1206 2808 Vindobonam
1232 2774 1397 2813 advenit;
1426 2774 1518 2808 unde
1545 2776 1628 2807 ante
1655 2773 1686 2807 3.
1714 2773 1873 2817 Septem-

116 2824 190 2858 bris
215 2824 334 2858 abisse
359 2837 427 2858 non
455 2827 598 2861 videtur
619 2827 779 2870 (Friedr.
802 2829 949 2872 Heu-ter,
970 2827 1188 2861 Geschichte
1207 2827 1336 2861 Kaiser
1353 2826 1573 2860 Ferdinands
1593 2826 1635 2860 H.
1663 2826 1734 2860 und
1758 2826 1876 2859 seiner

117 2877 241 2911 Eltern
269 2877 293 2917 I,
321 2878 580 2913 Schaffhausen
610 2881 710 2922 1850,
740 2880 954 2924 181—188).

238 2931 250 2949 ³
275 2929 366 2963 Vide
392 2942 501 2975 supra
527 2944 561 2976 p.
579 2935 659 2968 451.
807 2937 818 2954 ⁴
845 2934 998 2968 Canisio.
1144 2934 1157 2953 ⁵
1183 2933 1259 2967 Has
1285 2932 1366 2967 vide
1392 2944 1501 2977 supra
1527 2944 1560 2977 p.
1579 2931 1778 2966 465-468.

237 2984 249 3001 ‘²
276 2982 386 3016 Paulo
413 2984 571 3018 Hoffaeo.
715 2988 727 3007 ⁷
753 2987 844 3020 Vide
870 2999 979 3032 supra
1005 2999 1037 3032 p.
1056 2986 1153 3028 462⁶,
1179 2987 1274 3021 464³.

239 3036 251 3055 ⁸
276 3035 467 3069 Provincia
495 3037 706 3072 Germaniae
741 3040 935 3084 superioris
970 3042 1114 3085 praeter
1147 3039 1428 3083 ingolstadiense
1466 3039 1694 3083 gymnasium
1720 3037 1876 3072 habebat

120 3088 348 3133 gymnasium
375 3088 606 3131 dilinganum.
