2044 3335
676 89 876 135 Oeniponte
904 91 934 124 1.
954 90 1110 134 Augusti
1141 91 1240 125 1571.
1757 92 1840 131 451

198 205 582 248 SERENISSIMO
620 204 624 261 Ι
657 207 731 248 ΕΤ
774 207 1114 250 ILLVSTRISS.
1150 204 1448 262 PRIN-yclpl
1485 205 1557 248 AC
1599 206 1842 255 DOMINO,

77 269 128 311 D.
153 269 481 312 FERDINAN-
496 269 498 319 Ι
514 270 591 313 DO
615 272 820 315 Austriae
843 272 1088 322 Archiduci,
1113 272 1298 314 Sueuiae
1320 270 1569 326 Prin-lcipi,
1594 271 1844 324 Burgauiae

77 334 329 385 Marchioni,
373 335 545 389 Tyrolis
575 334 579 391 Ι
607 339 651 378 et
683 337 934 391 Habspurgi
967 336 1122 378 Comiti
1156 340 1238 379 etc.
1273 334 1510 391 patro-an
1544 335 1735 390 ampliss.
1770 336 1845 377 be-

76 399 415 453 nignissimoque
445 399 449 454 Ι
478 401 635 443 Petrus
668 402 864 444 Canisius
893 402 897 456 Ι
927 401 1174 454 Theologus
1202 399 1208 452 Ι
1237 401 1278 443 S.
1298 402 1344 444 P.
1365 402 1415 444 D.

195 465 656 514 QVEMADMODVM
698 467 740 508 in
784 467 914 508 rebus
953 466 1154 508 humanis
1196 465 1301 507 nihil
1335 470 1414 516 est,
1457 466 1845 510 FERDINANDE

77 529 282 584 Princeps
315 530 627 581 Illustrissime,
669 532 803 573 verbo
846 532 915 573 dei
955 531 1190 573 secundum
1224 530 1474 573 Catholicae
1515 532 1615 573 fidei
1647 533 1844 586 regulam

76 596 208 647 atque
249 595 656 649 interpretationem
697 596 935 647 intellecto,
979 598 1024 638 et
1066 595 1120 637 ad
1153 609 1286 637 verae
1328 595 1506 649 pietatis
1540 597 1729 639 studium
1772 611 1844 639 ac-

76 660 348 702 commodato
395 661 713 715 praestantius,
768 662 1062 713 bonorumque
1110 660 1265 702 animis
1312 661 1558 711 iucundius,
1614 664 1658 704 et
1705 662 1844 715 magis

76 725 299 767 Ecclesiae
332 726 549 768 salutare:
594 741 649 768 ex
681 726 762 768 hoc
794 727 907 768 enim
941 725 1085 768 diuino
1119 725 1283 767 semine
1324 725 1368 766 in
1401 725 1621 767 hominum
1656 728 1846 769 animos²

74 789 269 843 insperso
302 791 544 833 laetissima
567 791 778 834 virtutum
812 791 1001 833 omnium
1035 804 1161 844 seges
1195 790 1404 840 exoritur,
1441 793 1486 832 et
1517 790 1685 833 fructus
1717 792 1844 834 vber-

74 854 170 896 rimi
200 869 305 897 sane
337 856 668 910 proferuntur1:
701 856 765 898 ita
788 856 978 898 vicissim
1012 856 1117 897 n'ihil
1150 855 1243 897 fere
1266 856 1521 909 comperias,
1556 856 1670 909 quod
1693 857 1843 898 eodem

74 920 207 961 verbo
241 921 320 962 Dei
352 935 582 975 perperam
617 925 811 975 accepto,
856 924 900 964 et
941 921 996 963 ad
1036 922 1230 975 impuros
1263 921 1396 962 animi
1427 923 1572 963 motus
1606 922 1844 975 explendos

74 984 246 1028 detorto
279 986 576 1040 perniciosius,
620 986 674 1028 ad
716 986 1104 1039 sanctissimaeque
1147 985 1369 1039 religionis
1411 985 1681 1040 disciplinam
1724 987 1844 1028 labe-

72 1049 324 1092 factandam
358 1065 408 1093 ac
441 1051 763 1093 dissoluendam
797 1051 1096 1106 opportunius,
1136 1051 1191 1093 ad
1224 1053 1365 1093 tetras
1399 1051 1581 1104 denique
1613 1052 1842 1106 impiarum

73 1114 319 1168 opinionum
361 1118 509 1169 pestes
550 1115 592 1157 in
637 1116 846 1170 Rempub.
881 1116 1170 1158 Christianam
1211 1115 1511 1169 importandas
1545 1117 1843 1159 vehementius

73 1193 168 1221 esse
199 1181 350 1234 possit.
386 1182 481 1234 Ego
515 1195 619 1222 vero
654 1195 748 1223 cum
781 1182 874 1235 ipse
907 1196 1073 1223 mecum
1108 1181 1359 1234 diligentius
1392 1181 1644 1234 cogitarem,
1679 1185 1843 1235 quanta

74 1248 203 1295 esset,
245 1245 312 1287 his
344 1246 604 1300 praesertim
637 1247 918 1300 temporibus,
954 1247 1186 1289 multorum
1220 1246 1264 1287 in
1297 1245 1433 1287 sacris
1466 1246 1605 1288 literis
1637 1261 1842 1300 peruerse

71 1311 314 1353 tractandis
337 1314 468 1365 atque
492 1312 816 1366 corrumpendis
840 1312 910 1354 vel
942 1311 1132 1362 licentia,
1168 1311 1238 1353 vel
1269 1311 1451 1362 insania,
1487 1316 1530 1354 et
1563 1312 1714 1365 quanti
1744 1313 1843 1355 hinc

71 1376 282 1418 malorum
315 1377 473 1419 fluctus
505 1391 556 1419 ac
588 1379 877 1431 tempestates
894 1377 1186 1419 Christianum
1220 1376 1366 1417 orbem
1400 1377 1646 1427 obruerent,
1680 1379 1842 1420 totam-

72 1455 154 1494 que
187 1441 344 1484 Christi
377 1441 618 1484 Ecclesiam
662 1456 717 1484 ex
750 1443 864 1484 omni
897 1445 1023 1497 parte
1057 1455 1310 1484 concussam
1344 1442 1636 1495 exagitarent,
1684 1457 1841 1497 operae

71 1506 261 1560 precium
295 1521 364 1548 me
397 1507 614 1550 facturum
647 1508 812 1562 putaui,
859 1508 895 1549 si
928 1521 1054 1549 omne
1087 1521 1227 1548 meum
1262 1507 1451 1549 studium
1486 1521 1536 1549 eo
1569 1508 1840 1562 potissimum

71 1571 326 1622 conferrem,
350 1575 399 1615 vt
421 1573 682 1627 multiplices
705 1573 827 1615 verbi
850 1574 930 1615 Dei
953 1572 1239 1626 corruptelas,
1275 1586 1386 1625 quae
1416 1572 1497 1614 hac
1519 1577 1666 1616 aetate
1690 1577 1841 1616 nostra

70 1651 199 1690 quam
243 1637 455 1680 latissime
488 1641 654 1692 patent,
696 1638 1022 1691 inuestigarem,
1067 1641 1111 1680 et
1145 1641 1354 1691 quantum
1390 1638 1562 1690 quidem
1603 1653 1680 1692 per
1713 1653 1839 1681 occu-

69 1702 270 1756 pationes
301 1703 466 1753 liceret,
500 1703 639 1745 literis
672 1703 954 1757 consignatas
987 1704 1030 1744 in
1063 1703 1203 1744 lucem
1239 1706 1550 1756 aspectumque
1582 1704 1836 1757 proferrem.

69 1767 205 1817 Quam
239 1768 292 1810 ad
326 1782 416 1810 rem
449 1768 644 1823 inprimis
678 1783 746 1811 me
778 1772 1090 1823 permouerunt
1123 1771 1171 1810 vt
1204 1769 1318 1818 noui,
1353 1768 1413 1809 sic
1436 1770 1687 1822 petulantes
1709 1770 1838 1824 plane

69 1833 304 1887 scriptores
335 1834 378 1887 ij,
413 1834 482 1887 qui
517 1834 572 1876 ab
594 1834 778 1876 historia
810 1835 885 1876 illa
917 1848 996 1876 sua
1018 1833 1329 1875 Ecclesiastica
1361 1848 1438 1888 per
1461 1834 1687 1877 Centurias
1720 1835 1837 1878 edita

66 1897 110 1940 id
142 1898 339 1948 nominis,
374 1902 423 1941 vt
445 1899 770 1942 Centuriatores
794 1899 1054 1950 dicerentur,
1090 1899 1221 1952 vulgo
1255 1901 1356 1940 sunt
1389 1900 1620 1942 consecuti.
1661 1900 1836 1942 Etenim

66 1964 109 2004 in
131 1963 282 2005 horum
306 1964 609 2015 voluminibus,
645 1979 756 2018 quae
788 1964 851 2006 illi
883 1979 988 2006 sane
1011 1965 1150 2006 multa
1184 1968 1228 2006 et
1250 1964 1447 2017 ingentia
1471 1964 1833 2019 conscripserunt,

67 2043 152 2070 non
185 2043 325 2083 pauca
357 2029 505 2071 videre
536 2030 652 2081 licet,
687 2044 798 2083 quae
831 2031 884 2072 ob
917 2030 1111 2083 insignes
1143 2030 1337 2071 locorum
1371 2030 1471 2071 noui
1504 2031 1759 2074 testamenti
1792 2035 1836 2074 et

66 2094 274 2136 historiae
318 2095 612 2148 Euangelicae
658 2095 1013 2149 deprauationes,
1060 2095 1219 2149 partim
1268 2095 1428 2137 iustam
1476 2095 1832 2149 indignationem,

66 2159 225 2213 partim
268 2174 372 2202 vero
415 2160 833 2203 commiserationem
882 2161 962 2215 pijs
1005 2161 1204 2202 omnibus
1249 2175 1334 2202 non
1376 2161 1634 2203 mediocrem
1678 2163 1831 2204 merito

65 2225 281 2268 adferant.
346 2225 449 2275 Quis
483 2225 594 2267 enim
637 2227 689 2267 de
721 2226 968 2269 Christiana
1000 2240 1089 2280 rep.
1127 2227 1233 2267 bene
1267 2226 1473 2277 sentiens,
1517 2241 1655 2280 aequo
1689 2228 1831 2269 animo

63 2290 180 2332 ferre
222 2291 373 2345 possit,
416 2291 727 2333 audacissimos
769 2292 963 2334 homines
1005 2292 1084 2333 Dei
1119 2292 1300 2333 verbum
1342 2291 1403 2333 sic
1445 2292 1739 2346 interpretari,
1784 2297 1832 2335 vt

64 2356 180 2398 omni
211 2355 474 2409 antiquitate
507 2359 771 2410 contempta,
816 2361 861 2400 et
893 2357 1110 2398 communi
1143 2357 1368 2399 doctorum
1401 2357 1558 2398 iudicio
1600 2371 1730 2411 saepe
1762 2371 1831 2400 re-

66 2421 254 2475 pudiato,
289 2421 522 2463 veritatem
546 2421 872 2475 Euangelicam,
907 2436 993 2475 qua
1025 2422 1131 2463 nihil
1164 2423 1287 2464 nobis
1320 2422 1540 2475 antiquius
1574 2436 1669 2464 esse
1702 2423 1830 2465 debe-

62 2487 150 2537 bat,
197 2488 252 2529 ad
284 2489 427 2529 sectas
460 2501 596 2528 nouas
629 2490 783 2529 contra
815 2488 978 2529 veteris
1010 2487 1236 2529 Ecclesiae
1270 2487 1510 2529 doctrinam
1545 2488 1829 2530 corroboran-

63 2553 158 2604 das,
206 2557 250 2596 et
297 2553 351 2594 ad
396 2566 534 2606 praua
579 2552 830 2606 dogmatum
880 2553 1084 2594 instituta
1133 2553 1449 2603 confirmanda,
1497 2554 1611 2594 omni
1659 2554 1827 2597 abiecto

62 2619 223 2672 pudore
255 2618 442 2672 rapiant,
476 2617 781 2670 malitioseque
804 2620 1094 2660 conuertant?
1142 2617 1275 2667 Quem
1310 2622 1455 2661 autern
1490 2633 1574 2660 non
1606 2619 1826 2673 misereat,

60 2687 150 2726 tam
185 2684 357 2734 multos,
400 2683 659 2737 praesertim
692 2683 902 2734 rudiores,
947 2697 1001 2724 ex
1042 2684 1226 2725 istorum
1269 2683 1500 2726 authorum
1542 2684 1722 2739 impuris
1763 2687 1827 2728 la-

61 2749 181 2791 cunis
213 2763 349 2802 aquas
383 2748 557 2790 minime
589 2749 808 2791 salutares
841 2749 1029 2800 haurire,
1065 2751 1109 2790 et
1140 2763 1218 2802 pro
1252 2749 1450 2791 antidoto
1485 2750 1663 2793 exitiale
1695 2766 1828 2795 vene-

60 2829 160 2856 num
193 2814 361 2856 bibere:
404 2828 544 2867 neque
586 2815 725 2856 solum
759 2815 888 2856 horas
922 2814 1057 2856 bonas
1099 2813 1142 2855 in
1175 2814 1419 2856 huiusmodi
1452 2816 1668 2870 Centurijs
1699 2819 1826 2861 malis

60 2880 310 2922 euoluendis
333 2879 527 2934 perdere,
562 2894 713 2921 verum
749 2879 880 2922 etiam
905 2879 1177 2922 Christianae
1209 2880 1388 2933 pietatis
1422 2884 1467 2923 et
1498 2882 1598 2924 fidei
1621 2898 1825 2938 magnum

177 2955 205 2985 a)
226 2954 334 2980 animis
354 2956 370 2979 3
389 2957 412 2979 4.

181 3085 189 3103 ¹
217 3083 270 3118 Cf.
298 3083 352 3117 Mt
381 3084 434 3126 13,
461 3084 596 3125 3—233
624 3085 682 3118 Mc
709 3085 741 3126 4,
769 3084 906 3125 3—21;
935 3084 983 3118 Lc
1010 3084 1041 3126 8,
1070 3085 1196 3120 5—15.

1464 3146 1538 3182 29*
