2044 3335
739 100 883 135 Colonia
910 101 965 136 30.
985 100 1141 144 Augusti
1170 99 1270 134 1571.
1800 99 1885 139 473

122 217 320 252 mentarius
356 228 377 250 a
412 216 554 250 Canisio
593 216 673 250 aliis
709 228 849 262 quoque
886 217 1063 261 episcopis
1098 215 1237 250 ostendi
1272 217 1406 260 posset.
1457 214 1589 248 Exstat
1626 214 1814 258 praeterea
1852 212 1888 245 in

122 271 246 305 eodem
274 270 403 304 Codice
431 269 470 313 (f.
501 270 731 314 1272—1282)
761 270 905 304 tertium
934 270 1119 314 scriptum,
1146 269 1253 313 idque
1279 268 1323 302 ab
1351 268 1474 302 eodem
1500 267 1561 301 illo
1588 266 1710 301 Rethii
1744 265 1888 300 librario

122 325 288 358 curatum
323 325 360 357 et
397 335 504 357 manu
531 324 650 357 Rethii
683 324 717 357 in
751 324 855 358 dorso
890 324 942 357 sic
976 323 1179 366 signatum:
1223 320 1424 363 „Quomodo
1459 320 1495 354 in
1523 319 1715 354 Germania
1750 318 1890 364 possint

123 377 237 411 iuuari
264 376 432 421 Episcopi
459 379 494 410 et
521 388 641 410 eorum
668 377 837 411 subditi“.
889 376 988 418 Quod
1015 387 1084 410 non
1111 375 1288 420 episcopO,
1324 374 1388 408 sed
1414 373 1521 408 alicui
1548 373 1741 408 Societatis
1775 371 1889 406 sodali

123 429 342 464 destinatum
369 441 447 464 esse
474 431 594 474 patet;
622 429 748 474 incipit
774 430 885 464 enim:
931 429 1150 471 „Admodum
1177 428 1388 462 Reuerende
1414 427 1450 461 in
1477 426 1621 461 Christo
1648 427 1766 467 Pater,
1794 425 1890 460 circa

122 483 221 524 illud,
258 481 438 524 Quomodo
474 483 588 517 iuuari
623 483 762 527 possint
796 483 832 516 in
869 482 1062 517 Germania
1087 481 1264 526 Episcopi,
1302 483 1338 514 et
1373 492 1495 514 eorum
1530 479 1674 519 subditi,
1710 479 1800 513 haec
1835 489 1890 512 oc-

124 537 291 571 currunt“
323 538 409 577 etc.;
447 538 483 570 et
510 536 552 570 de
579 536 756 581 episcopis
782 536 881 576 haec,
908 538 1051 580 praeter
1077 535 1158 575 alia,
1186 534 1372 568 dicuntur:
1413 533 1635 575 „Prodesset,
1662 533 1692 567 si
1719 531 1891 566 nobilium

123 601 268 624 suorum
294 590 387 624 filios
413 591 510 624 recte
537 590 631 634 apud
657 591 799 624 nostros
826 591 995 623 curarent
1020 588 1192 622 institui.“
1235 587 1352 621 Huius
1377 586 1488 630 igitur
1507 585 1753 620 commentarii
1772 584 1891 629 capita

123 643 316 688 praecipua
343 644 548 686 germanice
574 643 695 688 posuit
722 644 840 686 Duhr,
869 643 943 677 Jes.
970 642 985 675 I
1013 642 1092 681 766,
1126 640 1218 674 libro
1245 651 1332 674 usus
1358 641 1498 683 Iosephi
1523 641 1684 683 Hansen,
1712 639 1772 683 qui
1802 638 1839 681 (l.
1860 649 1889 672 c.

126 696 328 740 772—773)
358 697 538 740 integrum
565 696 861 730 commentarium
888 695 999 730 latine
1018 694 1138 735 edidit,
1158 696 1270 734 ratus,
1297 693 1391 727 hunc
1418 693 1534 737 ipsum
1561 704 1582 726 a
1600 692 1729 726 Rethio
1749 691 1891 726 Canisio

124 761 204 784 esse
230 750 380 784 missum
408 749 492 792 (non
520 749 631 792 illum,
668 761 772 793 quem
809 750 903 783 infra
929 749 1096 794 ponain);
1132 747 1302 781 Rethium
1338 748 1459 780 autem
1494 746 1599 790 lapsu
1633 745 1786 789 quodam
1821 755 1891 777 me-

124 803 258 837 moriae
284 803 342 837 vel
370 803 498 837 calami
525 803 636 837 verba
666 804 737 845 „De
764 803 881 837 officio
908 802 1075 847 Episcopi
1102 800 1354 835 transmissum
1383 799 1424 833 R.
1451 799 1492 834 Ρ.
1518 799 1626 832 Petro
1653 798 1815 833 Canisio“
1852 808 1891 831 eo

124 856 212 896 loco,
240 868 308 900 quo
335 857 416 901 poni
444 868 513 890 non
540 856 759 898 debuissent,
787 857 961 901 posuisse.
1005 855 1129 899 Neque
1156 857 1276 888 tamen
1304 853 1469 897 equidem
1496 853 1530 886 id
1557 852 1739 886 affirmare
1766 850 1892 885 ausim.

123 909 215 943 Nam
240 910 302 951 „de
321 909 439 943 officio
462 910 638 954 episcopi“
662 910 820 954 scriptus
847 911 903 943 est
929 909 1021 943 alter
1047 908 1107 942 ille
1134 907 1412 942 commentarius
1438 905 1554 949 magis
1581 905 1688 938 etiam
1717 915 1825 948 quam
1851 903 1893 942 is,

127 963 188 1007 qui
213 963 258 997 ad
284 963 420 997 socium
447 962 549 996 illum
577 963 684 997 datus
710 965 784 1003 est;
821 973 1039 1006 quamquam
1069 961 1161 995 enim
1197 960 1234 994 in
1259 960 1326 994 hoc
1353 970 1494 1004 quoque
1521 959 1564 993 de
1591 958 1709 993 officio
1736 956 1894 1001 episcopi

124 1016 239 1050 multa
275 1027 388 1060 eaque
415 1015 540 1050 iisdem
576 1027 690 1061 paene
716 1016 837 1050 verbis
873 1019 981 1059 atque
1016 1015 1052 1049 in
1087 1014 1148 1048 illo
1176 1014 1355 1055 dicuntur,
1391 1013 1463 1047 alia
1489 1015 1610 1046 tamen
1646 1022 1759 1055 eaque
1787 1010 1893 1044 valde

123 1070 252 1113 gravia
290 1069 332 1103 de
368 1069 498 1103 officiis
533 1070 653 1104 curiae
688 1081 857 1103 romanae
896 1068 1105 1114 (pontificis,
1141 1068 1347 1102 nuntiorum
1383 1064 1678 1111 apostolicorum)
1716 1064 1893 1098 dicuntur.

123 1122 249 1167 Neque
284 1122 480 1156 verisimile
518 1125 582 1163 est,
618 1123 778 1157 sodalem
814 1122 927 1163 illum,
963 1122 1020 1157 cui
1046 1121 1199 1155 Rethius
1234 1121 1390 1165 scripsit,
1428 1119 1611 1154 Canisium
1638 1118 1772 1158 fuisse;
1811 1128 1893 1150 nam

125 1176 277 1210 Rethius
305 1188 386 1210 eum
413 1176 593 1221 appellat:
625 1176 847 1218 „Admodum
874 1176 1085 1210 Reuerende
1111 1176 1146 1209 in
1173 1174 1308 1209 christo
1335 1174 1480 1218 pater“;
1516 1173 1567 1207 ita
1592 1175 1714 1206 autem
1741 1183 1781 1205 eo
1807 1173 1895 1205 tem-

125 1241 210 1274 pore
245 1241 266 1263 a
292 1229 421 1263 Rethio
457 1230 685 1274 praepositus
712 1230 892 1273 generalis
919 1228 1111 1263 Societatis
1147 1230 1183 1262 et
1217 1227 1445 1272 praepositus
1480 1226 1687 1271 provinciae
1713 1224 1895 1258 rhenanae

124 1283 421 1328 appellabantur3
459 1283 561 1317 velut
598 1283 633 1316 in
674 1283 839 1327 epistulis
878 1283 933 1317 27.
961 1282 1183 1327 Septembris
1212 1281 1302 1316 1570
1342 1282 1378 1314 et
1415 1281 1447 1315 5.
1484 1278 1692 1314 Decembris
1721 1277 1812 1312 1570
1850 1277 1896 1311 ad

124 1337 158 1371 S.
185 1336 417 1371 Franciscum
446 1337 614 1380 Borgiam
641 1339 677 1370 et
703 1337 746 1370 ad
774 1336 813 1371 P.
833 1335 1028 1370 Antonium
1046 1335 1165 1370 Vinck
1192 1335 1286 1369 datis
1315 1334 1353 1377 (l.
1381 1346 1410 1369 c.
1438 1333 1463 1368 f.
1486 1334 1550 1367 175
1580 1333 1684 1376 182);
1712 1331 1895 1366 Canisium

124 1402 210 1424 vero
237 1389 389 1424 Rethius
423 1390 460 1424 in
486 1390 585 1435 ipsis,
622 1401 713 1434 quas
749 1389 851 1423 modo
878 1390 990 1434 posui,
1026 1389 1158 1423 litteris
1190 1387 1457 1431 „Reum-endum
1494 1387 1530 1420 in
1557 1386 1699 1420 Christo
1725 1384 1891 1419 Patrem“

124 1445 242 1484 vocat,
269 1444 376 1488 idque
404 1445 519 1483 recte;
547 1455 663 1488 neque
690 1443 782 1477 enim
799 1442 965 1477 Canisius
992 1455 1032 1476 eo
1059 1445 1220 1487 tempore
1247 1441 1306 1476 vel
1332 1440 1566 1486 provincialis
1592 1439 1651 1473 vel
1670 1441 1788 1473 rector
1806 1439 1896 1471 erat.

125 1496 226 1538 Quod
253 1497 405 1541 denique
423 1496 576 1531 Rethius
602 1497 654 1531 sic
672 1497 968 1530 commentarium
988 1496 1178 1530 terminat:
1211 1495 1267 1538 „Si
1294 1495 1379 1539 quid
1405 1506 1476 1528 non
1502 1493 1593 1528 satis
1619 1493 1708 1527 bene
1728 1490 1896 1536 [scripsi],

126 1551 269 1585 veniam
295 1550 383 1584 mihi
409 1550 485 1584 dari
511 1551 629 1595 pet0“,
664 1551 743 1584 viro
769 1550 959 1595 scripsisse
987 1550 1139 1591 videtur,
1175 1549 1277 1583 cuius
1303 1548 1452 1593 imperio
1485 1547 1562 1592 ipse
1589 1550 1667 1580 erat
1692 1545 1895 1584 subiectus;

126 1616 232 1648 quem
258 1603 376 1638 virum
411 1604 524 1638 fuisse
560 1603 695 1638 conicio
731 1606 795 1638 aut
821 1603 1015 1637 Vinckium
1051 1606 1113 1637 aut
1143 1603 1192 1647 (id
1219 1603 1313 1646 quod
1340 1601 1428 1636 mihi
1454 1600 1571 1644 magis
1596 1598 1783 1645 probatur)
1814 1599 1897 1632 Bor-

126 1657 241 1701 giam;
278 1657 339 1702 qui
365 1657 500 1692 Romae
536 1669 577 1692 ea
613 1669 738 1692 curare
764 1659 915 1702 poterat,
952 1669 1045 1701 quae
1080 1656 1122 1691 de
1157 1656 1304 1698 nuntiis,
1341 1656 1383 1690 de
1419 1654 1569 1698 collegio
1596 1652 1802 1698 germanico
1829 1654 1896 1685 etc.

127 1722 146 1745 a
174 1711 303 1745 Rethio
329 1711 630 1756 proponebantur.
681 1711 735 1745 Ita
762 1710 873 1754 igitur
899 1712 1068 1744 Rethins:

251 1779 290 1819 „†
309 1776 621 1811 Reuerendissime
640 1779 676 1811 et
694 1776 949 1811 Jllustrissime
968 1776 1127 1817 Domine,
1147 1787 1233 1819 rogo
1253 1786 1373 1809 amore
1393 1773 1527 1819 Christj
1547 1771 1899 1807 Reuerendissimam

127 1833 164 1865 et
190 1831 487 1865 Jllustrissimam
507 1830 743 1865 Clementiam
769 1832 880 1871 tuam,
909 1831 949 1863 vt
976 1829 1035 1863 vbi
1063 1829 1287 1863 commodum
1315 1828 1425 1862 fuerit
1452 1826 1678 1861 considerare
1706 1824 1897 1868 dignerisa,

125 1897 211 1919 num
237 1885 280 1919 ad
309 1884 516 1919 Catholicae
543 1884 728 1928 religionis
755 1883 1065 1918 conseruationem
1094 1883 1131 1917 in
1159 1882 1352 1916 Germania
1379 1881 1613 1915 conduceret:

249 1945 293 1978 1¹³
320 1943 357 1978 Si
375 1943 544 1989 Episcopi
563 1944 722 1987 cogitent
747 1955 785 1977 se
804 1943 1012 1988 EpiscopOS‚
1037 1944 1073 1976 et
1091 1941 1233 1987 qualem
1252 1943 1364 1976 vitam
1385 1952 1426 1975 ac
1443 1940 1723 1975 sollicitudinem
1742 1938 1899 1983 dignitas

126 1998 189 2033 illa
215 1997 387 2042 requirat.

249 2057 270 2092 2
310 2056 346 2092 Si
385 2057 508 2091 crebro
543 2056 617 2091 sint
651 2068 730 2091 cum
768 2056 941 2090 fratribus
976 2056 1074 2090 suis¹
1105 2055 1141 2089 in
1168 2055 1286 2089 choro.
1338 2054 1417 2089 Non
1453 2053 1572 2089 absint
1606 2065 1627 2088 a
1659 2051 1899 2087 concionibus,

129 2111 302 2146 Homines
338 2110 432 2144 enim
468 2112 553 2144 sunt
588 2112 623 2144 et
650 2110 737 2155 ipsi:
773 2122 843 2144 non
878 2110 997 2144 minus
1023 2109 1265 2144 admonitione
1301 2110 1337 2142 et
1368 2108 1594 2142 institutione
1629 2106 1692 2141 illa
1727 2106 1899 2147 indigent,

129 2177 237 2211 quam
263 2164 428 2210 populus
466 2163 545 2199 Nou
572 2164 643 2198 alia
669 2164 808 2198 ratione
835 2164 1056 2198 commodius
1075 2163 1243 2204 efficient,
1271 2165 1312 2196 vt
1328 2161 1498 2196 Canonici
1525 2161 1568 2195 ad
1588 2160 1723 2205 templa
1742 2159 1899 2200 veniant,

129 2223 165 2254 et
190 2219 358 2262 religiose
393 2217 441 2252 ibi
469 2217 586 2251 omnia
622 2229 702 2252 cum
729 2217 977 2252 aedificatione
1004 2216 1223 2262 persoluant.
1275 2215 1375 2257 Quod
1402 2216 1432 2250 si
1459 2215 1532 2254 fiat,
1569 2215 1604 2248 in
1631 2213 1776 2258 templis
1802 2223 1900 2245 mun-

130 2273 250 2314 dicieS,
289 2274 324 2306 et
350 2274 498 2306 ornatus
525 2271 666 2305 debitus
693 2272 924 2306 custodietur.
976 2270 1069 2313 Quin
1101 2272 1136 2304 et
1163 2269 1316 2315 populus
1342 2280 1475 2312 magna
1502 2270 1588 2302 tunc
1614 2265 1829 2311 frequentia,
1865 2267 1900 2299 et

128 2326 303 2370 singulari
331 2337 410 2360 cum
438 2326 572 2370 pietate
599 2325 643 2358 ad
670 2325 868 2366 conciones,
896 2327 931 2358 et
958 2324 1079 2359 diuina
1105 2323 1225 2358 officia
1251 2325 1427 2358 accurret.

249 2387 270 2421 3
309 2385 345 2431 Sj
373 2386 510 2426 curent,
537 2386 578 2418 vt
603 2383 759 2418 iuniores
787 2383 958 2419 canonici
983 2384 1019 2418 in
1046 2384 1168 2428 aliqua
1194 2383 1298 2417 domo
1324 2381 1432 2416 simul
1458 2381 1632 2421 habitent,
1669 2379 1735 2413 sub
1761 2378 1900 2423 piorum

129 2440 314 2476 hominum
351 2451 447 2480 cura,
483 2440 519 2472 et
546 2437 733 2472 Catholica
767 2444 828 2472 acc
856 2438 1036 2472 Canonica
1071 2437 1310 2472 institutione.
1362 2436 1454 2470 Dum
1492 2434 1584 2469 enim
1621 2446 1665 2467 ex
1701 2432 1901 2467 senioribus

129 2495 274 2540 quidam
300 2495 385 2528 sunt
410 2491 683 2535 incorrigibiles,
710 2494 745 2525 et
771 2491 927 2526 iuniores
952 2491 1062 2525 nimia
1088 2491 1256 2525 libertate
1282 2491 1443 2534 pereunt,
1471 2489 1535 2522 aod
1561 2499 1624 2532 per
1649 2486 1762 2521 malos
1794 2486 1900 2531 paed-

130 2560 266 2593 agogos
301 2548 598 2591 corrumpuntur:
635 2546 764 2579 mirum
790 2557 860 2579 non
887 2547 951 2587 est,
987 2545 1018 2579 si
1044 2545 1198 2590 populus
1233 2543 1278 2577 ab
1307 2555 1426 2577 eorum
1454 2541 1600 2586 templis
1636 2541 1827 2581 abstineat,
1866 2542 1902 2573 et

128 2604 173 2638 ad
199 2603 369 2636 haereses
394 2600 616 2634 traducatur.

248 2661 270 2695 4
305 2660 342 2694 si
368 2660 404 2693 in
430 2658 513 2693 aula
540 2660 576 2692 et
602 2658 749 2692 consilio
787 2657 945 2692 habeant
969 2669 1038 2692 non
1066 2657 1249 2691 seculares
1275 2658 1416 2690 tantum
1444 2654 1624 2695 Dominos,
1664 2653 1726 2688 sed
1762 2653 1797 2686 in
1825 2651 1903 2697 pari

129 2726 278 2750 numero
304 2713 505 2756 Theologos
531 2714 567 2746 et
593 2711 870 2746 Ecclesiasticos
897 2711 1005 2752 viros,
1031 2711 1237 2756 prudentes,
1271 2710 1349 2755 pios
1375 2711 1412 2743 et
1436 2709 1582 2750 zelosos,
1610 2708 1669 2752 qui
1696 2706 1902 2753 periclitan-

130 2769 226 2804 tibus
252 2768 371 2802 sciant
397 2765 564 2811 compati,
591 2765 653 2810 qui
671 2766 737 2800 Dei
755 2765 917 2808 gloriam,
944 2764 1142 2799 animarum
1161 2764 1327 2805 salutem,
1355 2765 1391 2797 et
1409 2762 1593 2797 Ecclesiae
1619 2760 1902 2795 incolumitatem

130 2823 238 2857 rebus
264 2820 428 2855 omnibus
455 2821 694 2864 anteponant:
722 2818 782 2863 qui
808 2819 906 2863 ipsos
932 2818 1057 2852 iuuent
1083 2819 1117 2851 in
1145 2817 1265 2851 causis
1292 2815 1600 2850 Ecclesiasticise:
1636 2817 1677 2849 vt
1703 2814 1754 2859 illj
1781 2813 1817 2847 in
1844 2825 1903 2847 ne·

251 2905 278 2935 a)
302 2904 369 2928 Octo
395 2911 438 2927 vv.
463 2910 522 2934 sqq.
548 2902 579 2926 in
599 2903 624 2927 Α
651 2910 669 2926 (ι
690 2901 814 2926 librario
840 2901 956 2932 siynata
982 2903 1050 2924 sunt
1076 2900 1155 2924 linea
1180 2899 1331 2924 subducta.
1423 2896 1454 2929 b)
1476 2898 1511 2922 In
1531 2898 1557 2922 B
1576 2904 1633 2922 non
1658 2900 1726 2922 sunt
1751 2896 1868 2921 ‘numeri
1890 2895 1902 2920 l

130 2946 146 2972 2
167 2946 222 2972 etc.
332 2946 357 2973 c)
377 2945 424 2969 Ita
444 2945 475 2968 rin.
494 2945 520 2969 A
541 2944 686 2969 librarius
705 2943 834 2968 correxit
855 2950 890 2967 ea:
910 2942 958 2973 et;
981 2941 1074 2974 atque
1095 2942 1130 2966 B.
1240 2939 1269 2971 d)
1292 2941 1338 2965 Ila
1363 2941 1393 2965 in
1414 2941 1439 2965 A
1461 2940 1526 2964 libr.
1547 2939 1675 2964 corre-rit
1695 2947 1731 2964 ex
1750 2937 1798 2970 et;
1817 2937 1849 2963 et
1868 2939 1902 2963 B.

130 2988 158 3019 e)
180 2989 228 3013 Ita
250 2988 279 3012 in
298 2988 324 3012 A
345 2987 410 3011 libr.
431 2987 559 3011 correxit
582 2993 618 3011 ea:
636 2982 928 3010 Ecclesiasticorum.
1276 2991 1280 2995 ¹

255 3100 264 3119 ¹
291 3099 312 3134 i.
341 3111 370 3133 e.
398 3111 479 3133 cum
506 3098 740 3133 ecclesiarum
768 3096 1030 3132 cathedralium
1057 3095 1237 3130 canonicis
1264 3097 1331 3131 etc.
