2044 3335
135 95 218 137 276
311 93 413 127 1627.
433 91 558 126 Gallus
578 91 662 126 Can.
705 90 805 125 1628.
826 90 911 124 Can.
931 89 1079 123 Hoffaeo
1097 90 1133 122 et
1151 88 1295 123 Lanoio.
1337 89 1439 124 1629.
1459 89 1544 124 Can.
1563 89 1726 132 Borgiae.

134 207 286 244 1622.
384 207 445 242 P.
472 204 755 241 THOMAS
783 203 1050 241 GALLUS
1079 203 1132 240 S.
1152 203 1207 240 J.
1235 204 1435 240 CANISIO.

967 257 1155 292 Monachio
1183 258 1278 292 circa
1304 257 1459 292 medium
1486 269 1531 292 m.
1550 257 1721 292 Martium
1742 257 1844 293 1569.

253 310 338 342 Vide
362 309 476 351 infra,
504 319 554 351 ep.
573 319 608 341 π.
630 310 730 341 1629.

134 430 286 467 1628.
364 429 580 465 CANISIUS
607 428 669 465 P.
696 427 923 465 PAULO
952 426 1277 464 HOFFAEO
1306 428 1359 465 S.
1380 427 1433 465 J.
1462 428 1675 464 Germaniae
1701 429 1894 476 superioris

322 483 635 528 vieeprovinciali,
680 485 715 516 et
757 481 818 517 P.
855 479 1157 517 NICOLAO
1201 480 1458 517 LANOIO
1504 482 1556 517 S.
1585 481 1656 524 J„
1695 483 1893 528 Oeniponte

321 536 561 571 versantibus.
705 537 869 578 Augusta
887 534 1157 569 vindelicorum
1182 535 1278 569 circa
1303 536 1458 569 medium
1487 547 1532 570 m.
1551 536 1722 570 Martium
1743 537 1845 572 1569.

254 604 453 645 Canisius
501 604 758 645 Germaniae
810 602 1041 656 superioris
1091 603 1357 656 praepositas
1406 604 1681 657 provincialis
1733 605 1893 646 litteras

132 670 310 723 Dilinqa
342 671 410 710 13.
436 669 589 710 Martii
622 670 737 710 1569
770 682 796 708 a
828 668 877 709 P.
901 667 1114 722 Alphonso
1137 667 1296 708 Pisano
1319 668 1362 710 S.
1385 667 1429 710 J.
1463 669 1686 722 theoloyiae
1717 670 1760 710 in
1795 671 1892 710 uni-

131 736 325 776 versitate
365 734 441 775 illa
481 733 718 788 professore
760 733 819 774 acl
850 747 891 773 se
925 733 1050 773 datas
1082 731 1211 787 (quae
1239 735 1399 786 positae
1431 738 1528 774 sunt
1559 747 1690 788 supra
1721 748 1761 788 p.
1785 735 1894 786 271)

131 800 327 853 Auqusta
361 798 627 851 Oerzipoiitem
671 798 785 838 misit
817 798 949 851 iisque
986 810 1065 837 sua
1097 811 1228 837 manu
1261 798 1306 838 in
1338 799 1498 852 payioia
1532 799 1665 839 altera
1698 797 1793 849 (sah
1826 800 1894 840 in-

131 862 416 918 scriptionem)
450 863 551 904 liaec
577 863 796 917 ascripsit:
828 862 998 914 Legant
1031 863 1076 903 et
1096 860 1286 903 iudicent
1309 861 1354 903 P.
1379 862 1483 904 Doc.
1509 861 1739 916 Oeniponti
1771 877 1893 905 suas-

132 942 214 981 que
245 927 518 982 perscribant
549 927 795 980 Augustam
837 925 1079 968 sententias
1120 925 1235 968 circa
1277 925 1559 970 difficultates
1595 927 1703 969 istas
1736 941 1791 969 ex
1822 927 1894 969 In-

133 993 226 1035 dice
258 993 380 1034 Rom.
414 994 555 1034 natas.

253 1069 379 1111 „Doc.“
411 1069 488 1102 sive
514 1067 718 1111 theologiae
745 1067 909 1101 doctores
935 1078 975 1100 eo
1001 1068 1162 1111 tempore
1188 1066 1225 1100 in
1251 1066 1402 1110 collegio
1431 1066 1668 1112 oeuipontano
1694 1079 1764 1101 non
1791 1070 1893 1102 erant

131 1122 200 1157 nisi
226 1122 397 1156 Hoffaeus
424 1123 459 1154 et
486 1121 651 1155 Lanoius.

250 1174 341 1216 Quid
367 1175 536 1208 Hoffaeus
562 1173 797 1219 responderit,
824 1186 858 1207 v.
878 1172 983 1213 infra,
1011 1184 1064 1217 ep.
1084 1185 1118 1207 n.
1139 1173 1240 1207 1633.

132 1294 283 1331 1629.
383 1295 598 1330 CANISIUS
626 1293 891 1330 SANGTO
919 1292 1307 1329 FRANGISCO
1335 1292 1651 1330 BORGIAE
1691 1297 1893 1341 praeposito

321 1349 481 1392 generali
507 1348 697 1382 Societatis
723 1348 816 1382 Iesu.
1049 1348 1215 1391 Augusta
1233 1347 1499 1382 Vindelicorum
1529 1349 1582 1383 19.
1601 1349 1723 1383 Martii
1743 1350 1843 1385 1569.

250 1413 305 1447 Ex
332 1412 553 1457 autographo
584 1413 654 1456 (2⁰;
683 1413 751 1456 2¹l¹4
770 1424 849 1458 pp.;
876 1412 911 1446 in
935 1424 969 1457 p.
988 1413 1010 1446 4
1035 1413 1143 1448 inser.
1163 1415 1199 1447 et
1216 1412 1389 1457 reliquiae
1417 1413 1513 1457 sign),
1542 1413 1662 1448 Germ.
1680 1415 1746 1449 183
1771 1427 1805 1449 n.
1824 1415 1890 1450 231

136 1467 174 1510 (f.
195 1467 237 1501 76
266 1469 303 1500 et
328 1478 381 1510 sq.
408 1478 478 1499 non
504 1466 626 1509 sign).

252 1533 289 1565 P.
309 1532 434 1565 Galliis
451 1532 622 1574 ‘inoliymis
640 1542 708 1564 esse
722 1532 862 1564 videtur
870 1531 1102 1574 professione.
1130 1531 1347 1574 Maydalena
1360 1533 1485 1574 reyina
1500 1533 1597 1575 petit,
1617 1537 1654 1566 ut
1668 1533 1707 1566 P.
1720 1534 1894 1576 Hoffaeus

132 1589 248 1618 rector
273 1585 502 1627 relinquatur
520 1585 730 1627 Oeniponte,·
755 1586 787 1617 is
812 1594 892 1617 vero
904 1584 1141 1627 provincialis
1165 1585 1216 1617 vel
1232 1585 1537 1627 vicem-orincialis
1563 1596 1632 1619 esse
1649 1587 1754 1620 debet.
1794 1587 1893 1620 Oeni-

130 1639 281 1681 pomam·
315 1639 411 1671 aeris
435 1638 693 1679 insalubritas;
727 1639 872 1680 moenia
899 1638 1017 1680 dura;
1052 1639 1132 1681 qm's
1158 1642 1272 1671 rector
1295 1639 1474 1680 futurus?
1521 1639 1566 1671 In
1592 1639 1729 1672 halensi
1753 1641 1894 1681 eolleyio

131 1692 346 1724 admittendo
373 1696 471 1724 caute
497 1695 628 1733 nyctim·
653 1695 797 1734 oportet.
834 1691 1067 1734 Nequaquam
1094 1692 1244 1734 expedit,
1272 1696 1309 1724 iit
1335 1692 1374 1725 P.
1394 1692 1610 1735 Merqtcitius
1634 1694 1763 1726 iterum
1793 1694 1895 1726 Oeni-

129 1749 268 1787 pontem
295 1746 432 1785 vem'at,·
457 1745 562 1777 Patri
587 1755 722 1787 quoque
747 1744 901 1777 Kleselio
928 1744 978 1777 ibi
1002 1746 1133 1777 timent.
1175 1744 1393 1786 Praepositis
1419 1756 1518 1778 nemo
1543 1747 1696 1779 maiores
1720 1747 1898 1779 molestias

126 1802 238 1841 parat
272 1809 378 1841 qaam
414 1799 685 1831 contionatores.
748 1798 800 1830 Ne
833 1799 1069 1840 promittatur
1104 1808 1212 1830 novus
1250 1799 1482 1832 contionator.
1535 1798 1693 1832 Simonis
1726 1800 1892 1833 Damerii

129 1862 224 1884 mors
247 1852 400 1893 funesta.
453 1851 659 1884 Alexander
685 1851 781 1884 Saxo
808 1862 830 1883 a
856 1851 983 1884 Iacobo
1010 1851 1179 1884 Andreae
1204 1851 1385 1884 abductus.

308 1923 335 1974 †
367 1922 461 1964 Pax
484 1922 640 1963 Christi
664 1922 769 1963 Jesu
802 1922 925 1963 nobis
958 1924 1150 1972 aeterna,
1187 1920 1428 1963 Admodum
1462 1922 1716 1965 Reuerende
1748 1923 1893 1967 Pater.

248 1992 450 2034 Nondum
492 1993 638 2047 accepi
681 1993 910 2046 quicquam
951 1993 1175 2035 literarum
1217 2006 1272 2034 ex
1304 1993 1444 2043 Vrbe,
1494 1993 1648 2046 quibus
1691 1993 1795 2036 mihi
1840 1995 1895 2036 ad

131 2057 276 2100 uarias
318 2072 341 2099 e
383 2057 616 2100 Germania
657 2058 812 2100 missas
853 2058 1202 2112 responderetur.
1274 2057 1358 2100 Sed
1399 2071 1525 2112 spero
1573 2058 1693 2100 breui
1733 2059 1895 2112 aliquid

132 2123 255 2165 nobis
287 2122 566 2164 adferendum
601 2137 708 2165 esse.
1443 2131 1446 2135 '

250 2188 369 2237 Quod
411 2188 465 2229 ad
506 2188 551 2230 P.
586 2188 795 2230 Thomam
839 2188 1010 2230 Gallum
1051 2187 1232 2237 attinet,
1281 2188 1516 2242 respondet
1562 2188 1635 2230 ille
1681 2189 1896 2243 acceptisa

134 2254 178 2295 P.
198 2253 250 2295 V.
275 2252 425 2303 literis,
460 2252 647 2306 mihique
670 2253 833 2303 scribit,
867 2267 913 2294 se
945 2267 1029 2294 non
1054 2256 1155 2295 ante
1177 2252 1340 2306 pascha
1362 2253 1648 2295 discessurum
1668 2253 1893 2304 Viennam,

133 2331 347 2360 excusans
399 2317 607 2371 temporis
659 2317 1058 2360 incommoditatem
1111 2320 1155 2359 et
1208 2317 1370 2359 uictum
1423 2317 1851 2371 Quadragesimalem
1867 2319 1894 2360 1.

132 2383 307 2425 Vtinam
350 2396 452 2424 uero
495 2385 593 2436 post
635 2383 796 2437 pascha
835 2382 1029 2424 discedat
1062 2382 1225 2424 statim.
1288 2382 1403 2424 Nam
1436 2383 1584 2436 grauis
1617 2384 1660 2424 et
1692 2382 1895 2436 frequens

133 2448 184 2490 de
226 2448 297 2489 illo
340 2448 516 2500 querela
558 2451 625 2490 est
666 2448 709 2489 in
753 2447 933 2500 collegio
967 2447 1263 2489 Monachiensi
1305 2446 1417 2501 [etc.,
1460 2454 1504 2489 ut
1541 2462 1673 2502 supra
1703 2462 1744 2502 p.
1768 2448 1893 2501 275]

133 2512 259 2554 Nunc
291 2512 440 2554 scribit
472 2512 525 2554 ad
558 2527 626 2554 me
658 2513 771 2554 idem
805 2513 968 2554 Doctor
994 2512 1196 2562 Thomas,
1229 2512 1357 2554 isthic
1390 2512 1672 2554 constitutum
1706 2526 1813 2562 esse,
1849 2516 1896 2555 ut

134 2592 180 2618 se
212 2580 337 2630 paret
369 2577 422 2618 ad
454 2577 764 2631 professionem
800 2580 987 2630 quatuor
1019 2580 1233 2620 votorum.
1297 2578 1391 2630 Ego
1424 2579 1595 2619 tantum
1627 2577 1707 2618 hoc
1740 2576 1893 2626 dicam,

136 2655 202 2683 me
234 2656 390 2693 rogare
422 2644 466 2683 et
497 2656 746 2696 percupere,
781 2646 830 2685 vt
863 2643 932 2696 qui
966 2645 1067 2684 sunt
1100 2642 1155 2684 ad
1190 2656 1437 2696 supremum
1459 2642 1641 2695 gradum
1665 2642 1895 2684 Societatis

242 2722 270 2753 a)
291 2722 428 2752 Sequitur
449 2721 492 2749 V..
513 2731 528 2746 (ι
551 2723 578 2746 (ζ’.
601 2723 689 2747 obliti.

260 2815 269 2833 ¹
295 2816 342 2848 At
369 2814 559 2849 Societatis
586 2817 779 2861 praepositi
815 2828 894 2850 cum
930 2817 1113 2851 sodalibus
1148 2817 1183 2850 in
1220 2817 1398 2851 communi
1433 2815 1497 2850 illa
1532 2815 1612 2860 lege
1638 2816 1895 2859 ecclesiastica,

138 2877 209 2910 qua
243 2878 305 2911 per
341 2869 454 2900 totam
481 2867 798 2911 Quadragesimam
836 2881 972 2912 carnes,
1009 2881 1087 2911 ova,
1122 2869 1189 2911 lac,
1225 2880 1362 2909 caseus,
1399 2869 1569 2914 butyrum
1606 2869 1896 2914 prohibebantur,

138 2919 346 2963 dispensare
372 2923 537 2964 poterant
567 2926 615 2962 (v.
647 2923 733 2955 Can.
764 2922 794 2955 ΙΙ
821 2923 936 2966 2542).
987 2923 1180 2957 Praeterea
1215 2923 1250 2956 in
1277 2921 1470 2957 Germania
1499 2922 1554 2965 (ut
1588 2922 1678 2956 nihil
1702 2923 1818 2957 dicam
1853 2923 1896 2956 de

139 2972 394 3006 consuetudine
420 2973 596 3015 legitima)
634 2975 803 3009 civitates
838 2975 980 3019 aliquae
1007 2975 1310 3020 dispensationem
1345 2987 1366 3009 a
1391 2975 1475 3009 sede
1501 2976 1700 3020 apostolica
1729 2976 1896 3020 impetra-

138 3026 276 3066 verant,
310 3026 352 3058 ut
377 3025 634 3067 Ingolstadium
661 3027 703 3060 de
730 3028 857 3072 butyro
886 3029 992 3072 (Can.
1012 3028 1063 3062 ΙΙΙ
1091 3029 1174 3071 645)
1204 3030 1240 3062 et
1265 3029 1431 3071 Augusta
1444 3028 1711 3062 Vindelicorum
1738 3029 1781 3062 de
1807 3028 1896 3070 ovis,

138 3077 242 3119 lacte,
269 3089 382 3119 caseo,
410 3077 538 3122 butyro
568 3079 712 3121 (stetten
740 3079 761 3113 l.
790 3092 819 3114 c.
847 3081 1064 3125 222—223).
1116 3081 1169 3116 Cf.
1197 3081 1304 3115 etiam
1330 3081 1435 3122 infra,
1462 3093 1555 3115 mon.
1573 3093 1649 3116 var.
1671 3081 1760 3125 (12).
