2044 3335
654 104 853 149 Oeniponte
880 104 935 139 29.
955 103 1111 138 Ianuarii
1133 102 1233 137 1569.
1746 101 1829 141 24?

70 225 276 267 cionator.
320 223 433 265 Nam
467 222 539 275 qui
571 221 781 264 hactenus
813 222 901 264 illic
933 221 1023 275 egit
1056 219 1419 268 concionatorem,
1454 217 1499 259 P.
1534 215 1834 258 Theobaldus1

71 289 235 331 scilicet
268 289 319 330 ob
353 287 476 330 uaria
507 287 793 337 incommoda,
828 301 939 340 quae
970 299 1119 328 sumus
1152 283 1335 337 experti,
1370 296 1455 324 non
1487 284 1633 335 potest
1665 294 1714 322 eo
1741 280 1834 321 loco

70 353 260 404 retineri,
294 355 339 395 et
371 351 586 394 deseritur
617 351 745 405 plane
769 352 823 394 ab
846 350 1128 393 auditoribus,
1172 349 1308 390 Doleo
1331 347 1504 389 interim
1528 346 1576 389 P.
1599 344 1836 387 Antonium

72 419 344 468 Klesselium,
377 431 446 459 me
479 415 649 470 quidem
684 417 878 465 absente,
918 428 1170 458 concessum
1203 427 1298 454 esse
1331 412 1561 466 Principi2‚
1604 414 1653 453 ut
1685 409 1742 452 sit
1774 409 1838 450 illi

72 483 236 526 aulicus
277 482 569 532 concionator,
611 495 737 534 quem
780 481 824 522 in
857 480 1112 523 Parochiam
1148 479 1354 520 reducere
1387 491 1471 518 non
1504 489 1745 531 possumus,
1789 476 1838 516 ut

70 549 154 591 iam
189 549 295 590 duos
327 547 532 588 exhibere
565 545 893 588 concionatores
925 559 1143 598 cogamur.
1198 542 1391 596 Agemus
1423 545 1572 584 tamen
1595 555 1690 583 cum
1713 539 1838 581 Prin-

72 614 179 668 cipe,
213 616 261 655 ut
292 612 523 665 intelligat,
557 611 637 652 hoc
670 613 886 663 utrunque
919 624 1074 652 munus
1106 611 1151 651 et
1183 622 1291 650 onus
1314 607 1385 648 diu
1409 621 1434 648 a
1456 606 1579 648 nobis
1601 620 1687 648 non
1709 618 1838 658 posse

72 678 287 728 sustineri,
326 677 410 720 etsi
441 690 641 718 ueremur
673 675 928 730 perdifficile
960 676 1066 725 fore,
1110 677 1158 716 ut
1191 673 1322 715 alium
1355 672 1448 726 ipse
1480 674 1666 725 quaerat
1698 672 1743 713 et
1774 669 1838 711 in-

72 743 221 786 ueniat
265 742 448 785 aulicum
494 740 856 792 concionatorem,
903 739 1164 794 praesertim
1206 752 1302 780 cum
1335 738 1381 779 P.
1416 736 1633 779 Antonius
1674 735 1716 776 in
1758 735 1839 776 hoc

73 822 250 850 munere
282 808 455 862 placeat
487 806 730 855 admodum,
766 809 811 848 et
843 805 1090 848 satisfaciat
1122 803 1332 854 omnibus,
1366 804 1415 844 ut
1447 802 1521 844 uix
1554 802 1667 843 ullus
1694 802 1838 842 antea.

73 875 138 916 De
171 887 253 927 quo
287 887 399 914 nunc
431 871 547 914 aliud
581 870 806 913 consilium
838 885 924 912 non
956 869 1294 924 reperiebamus,
1338 881 1466 920 quam
1511 869 1559 908 ut
1592 866 1645 908 ad
1678 864 1841 919 pascha

73 952 208 992 usque
240 938 321 980 1100
352 938 447 979 1000
479 936 756 987 retineretur,
791 950 886 977 cum
918 935 1033 977 illius
1067 947 1198 988 opera
1222 933 1280 976 sit
1302 932 1437 982 nobis,
1471 934 1520 974 ut
1554 930 1655 982 dixi,
1691 943 1840 972 neces-

75 1004 202 1047 saria.
245 1007 289 1046 et
328 1003 414 1045 iam
456 1017 542 1044 non
582 1001 744 1044 inuitus
786 1002 975 1051 maneat,
1021 1001 1211 1043 fortasse
1245 998 1345 1051 quia
1378 997 1498 1040 uidet
1530 1011 1576 1039 se
1617 996 1842 1050 placere

75 1067 366 1123 satrapis3‚
401 1070 446 1110 et
477 1066 613 1109 sentit
644 1066 844 1108 Hectoris
877 1066 971 1108 fore
1004 1064 1303 1107 mutationem.
1351 1063 1451 1105 Non
1475 1063 1632 1104 desunt
1653 1060 1840 1109 interim,

75 1148 186 1188 quae
225 1134 269 1176 in
311 1133 461 1176 eodem
504 1131 658 1174 merito
699 1128 1124 1185 deside1=antur³[?]‚
1168 1132 1212 1172 et
1253 1129 1306 1171 ob
1351 1142 1463 1182 quae
1502 1128 1623 1170 illum
1666 1139 1843 1180 prorsus

75 1202 268 1243 amotum
306 1198 542 1253 cupiamus.
608 1196 691 1239 Sed
731 1198 904 1250 tempus
945 1210 1029 1237 non
1071 1195 1172 1246 fert,
1216 1197 1265 1237 ut
1305 1193 1497 1236 remedia
1538 1192 1760 1235 seueriora
1799 1190 1843 1231 in

74 1266 148 1308 illo
182 1264 471 1319 experiamur.
515 1263 649 1305 Juuet
680 1262 801 1303 illum
835 1261 1032 1303 dominus
1055 1261 1134 1303 sub
1156 1274 1268 1302 nouo
1291 1260 1494 1309 Rectore,
1527 1261 1575 1301 ut
1607 1257 1844 1299 secundum

76 1330 346 1373 uocationem
381 1343 502 1371 suam
535 1330 654 1370 recte
685 1327 895 1381 procedat
908 1328 936 1378 4,
980 1329 1025 1369 et
1057 1325 1170 1368 sicut
1203 1325 1357 1379 coepit,
1397 1322 1682 1366 errantesb
1715 1335 1843 1375 quos-

77 1396 175 1439 dam
209 1396 263 1438 ad
295 1395 438 1437 uiam
471 1393 773 1436 ueritatis5
804 1392 998 1434 reducat.

194 1461 290 1514 Ego
315 1473 432 1510 uero,
467 1461 515 1501 ut
536 1473 621 1500 non
643 1457 723 1499 sim
747 1457 929 1508 ociosus,
954 1457 1052 1499 hinc
1074 1456 1331 1511 progrediar
1354 1455 1409 1497 ad
1431 1453 1657 1496 inuisenda
1679 1451 1846 1505 reliqua

78 1526 274 1580 collegia,
317 1525 352 1567 si
394 1525 545 1567 faueat
578 1523 808 1566 Dominus:
853 1526 897 1565 et
929 1522 1082 1564 deinde
1115 1520 1343 1575 Augustae
1375 1519 1618 1572 transigam
1651 1517 1846 1567 Quadra-

78 1592 300 1646 gesimam,
325 1591 497 1634 futurus
515 1590 706 1632 fortasse
724 1588 1003 1630 concionator
1026 1587 1139 1641 apud
1158 1588 1208 1630 D.
1225 1585 1478 1628 Mauritium
1500 1585 1593 1627 loco
1612 1585 1664 1626 D.
1680 1581 1845 1633 Pauliss,

81 1657 151 1710 qui
174 1656 319 1710 magni
344 1656 509 1698 referre
531 1657 671 1709 putat,
705 1657 755 1697 ut
777 1668 872 1695 eam
897 1653 1158 1695 Cathedram
1182 1666 1266 1694 non
1290 1652 1553 1701 deseramus,
1587 1647 1845 1704 praesertim

79 1737 173 1764 cum
209 1723 259 1766 D.
294 1722 592 1775 Fuggerorum
634 1733 846 1762 summam
888 1718 930 1760 in
969 1732 1048 1760 nos
1081 1716 1428 1760 beneuolentiam
1463 1718 1507 1758 et
1539 1713 1848 1756 liberalitatem

78 1787 367 1843 experiamur.
413 1787 588 1828 Donant
621 1784 735 1827 enim
767 1784 885 1826 mille
917 1797 1073 1826 aureos
1106 1797 1305 1825 nummos
1331 1782 1374 1823 in
1406 1783 1675 1824 structuram
1696 1777 1849 1832 templi

79 1853 276 1904 Romani,
323 1852 435 1894 sicut
480 1851 711 1894 adiunctae
756 1850 947 1904 ipsorum
992 1849 1148 1891 literae
1192 1847 1515 1897 testabunturT,
1561 1847 1606 1888 et
1650 1847 1849 1887 extrema

80 1932 276 1973 quaeque
309 1919 484 1961 tentant
517 1917 571 1959 ad
595 1915 846 1970 erigendum
871 1918 916 1957 et
938 1914 1175 1957 dotandum
1199 1913 1322 1955 nobis
1345 1913 1573 1966 Augustae
1596 1909 1848 1962 Collegium,

79 1998 163 2025 non
207 1984 376 2025 modica
419 1982 628 2037 pecuniae
672 1995 841 2023 summa
885 1980 927 2021 in
972 1980 1085 2021 hunc
1129 1979 1270 2033 ipsum
1316 1993 1439 2020 usum
1482 1977 1608 2019 modo
1651 1975 1848 2017 collecta.

80 2049 267 2091 Tantum
308 2048 528 2102 patienter
565 2047 711 2089 ferant
743 2059 922 2088 necesse
957 2048 1024 2087 est
1057 2044 1288 2094 Canisium,
1332 2058 1426 2086 cum
1460 2042 1575 2084 haud
1609 2040 1735 2083 dubie
1765 2039 1852 2081 illis

81 2116 130 2157 D.
155 2114 338 2157 Paulusc
370 2115 487 2155 esset
518 2111 711 2166 gratiortl
743 2113 787 2153 et
820 2110 1105 2165 eloquentior.
1161 2110 1296 2164 Spero
1329 2108 1504 2152 interim
1532 2106 1849 2149 Paternitatem

80 2180 216 2222 Tuam
250 2193 335 2221 non
368 2179 551 2220 moleste
583 2178 772 2220 laturam
806 2191 914 2227 esse,
958 2176 1072 2229 quod
1110 2175 1154 2217 in
1187 2174 1395 2228 centurijs
1427 2173 1481 2216 ad
1515 2172 1683 2215 Pascha
1715 2184 1851 2224 usque

80 2245 220 2287 minus
275 2245 490 2294 laborem,
553 2242 787 2297 impeditus
842 2241 1044 2283 nimirum
1099 2240 1259 2295 duplici
1311 2253 1509 2289 munere,
1569 2235 1852 2279 concionandi

199 2332 227 2364 a)
248 2332 313 2363 Sim
333 2330 575 2363 corriqenclumne
597 2328 835 2355 desiderentur?
913 2327 943 2360 b)
965 2330 1012 2353 Ita
1032 2328 1149 2353 correxi
1169 2335 1205 2353 ex
1225 2326 1263 2352 ad
1283 2325 1434 2353 errantes.
1517 2326 1543 2353 c)
1566 2326 1598 2350 In
1620 2325 1699 2349 arch.
1718 2323 1852 2354 seqnitur

80 2375 206 2399 alterum
226 2373 296 2405 illis,
315 2374 406 2399 omitt.
479 2371 510 2403 d)
531 2372 568 2396 In
587 2372 667 2396 arch.
688 2374 851 2403 sequuntur
871 2373 887 2395 9
907 2379 949 2395 vv.
971 2369 1018 2401 (ut
1037 2369 1122 2403 puto,
1143 2370 1201 2394 nisi
1220 2369 1336 2400 fallor),
1357 2369 1446 2393 oblitt.

203 2468 213 2488 ¹
239 2467 278 2502 P.
305 2466 533 2501 Theobaldus
559 2466 670 2508 Stotz,
698 2478 743 2500 ex
770 2478 862 2511 pago
889 2465 1176 2500 Zusmerhausen
1205 2463 1539 2508 (Zusmarshausen,
1574 2461 1609 2495 in
1637 2460 1768 2496 Suebia
1794 2459 1853 2494 ba-

82 2521 220 2563 varica)
251 2522 360 2562 ortus,
396 2522 568 2554 autumno
604 2532 635 2554 a.
665 2520 755 2554 1558
783 2520 818 2553 in
845 2519 1037 2563 collegium
1065 2517 1323 2562 germanicum,
1360 2519 1521 2561 tempore
1548 2512 1854 2559 quadragesimali

82 2586 113 2608 a.
134 2574 225 2609 1559
252 2573 387 2608 Romae
413 2574 449 2608 in
477 2573 694 2608 Societatem
722 2573 913 2613 admissus,
942 2572 1072 2607 ibidem
1100 2570 1349 2616 philosophiae
1376 2581 1521 2604 cursum
1548 2567 1705 2604 absolvit
1731 2569 1767 2601 et
1792 2578 1856 2611 per

85 2628 150 2670 l¹s2
186 2639 298 2662 annos
332 2627 552 2671 theologiam
589 2627 746 2667 audivit;
787 2638 819 2660 a.
850 2626 940 2661 1563
968 2625 1139 2659 Brixinae
1177 2625 1214 2658 in
1250 2623 1404 2658 ecclesia
1437 2622 1636 2657 cathedrali
1671 2620 1856 2655 contiones

82 2681 219 2721 habuit,
246 2692 338 2725 quae
363 2681 588 2715 auditoribus
615 2680 711 2714 haud
738 2680 788 2714 ita
814 2679 968 2713 multum
995 2678 1208 2723 placebant;
1248 2677 1374 2711 deinde
1400 2676 1584 2711 Monachii
1611 2674 1857 2710 confessiones

83 2735 241 2779 excepit,
280 2745 431 2778 graecas
469 2733 611 2768 litteras
649 2736 725 2767 tum
763 2733 902 2767 audivit
936 2735 1015 2766 tum
1050 2731 1215 2772 tradidit,
1256 2730 1516 2764 catechismum
1555 2728 1753 2774 explicavit
1788 2729 1857 2761 etc.

86 2788 119 2832 (*
133 2789 323 2831 Cataloqus
348 2788 573 2822 monacensis
607 2799 639 2821 a.
669 2787 771 2828 1566,
807 2786 843 2820 in
870 2785 957 2821 GSC
985 2785 1029 2819 66
1057 2786 1082 2819 f.
1108 2785 1205 2819 409³.
1254 2784 1343 2829 Epp.
1370 2784 1494 2818 Nadal
1520 2783 1553 2817 ΙΙ
1580 2782 1659 2817 584.
1709 2782 1796 2816 Can.
1824 2780 1858 2814 11

84 2841 188 2882 30533
218 2841 267 2875 IV
294 2841 363 2876 233
391 2841 488 2885 398).

203 2895 216 2915 2
242 2894 466 2928 Ferdinando
493 2894 537 2928 II.
565 2893 760 2928 archiduci.
908 2892 920 2912 3
949 2893 964 2926 1
995 2891 1073 2935 Reg
1099 2891 1158 2932 29,
1186 2891 1218 2925 6.

204 2950 216 2968 ‘²
244 2947 298 2982 Cf.
327 2948 342 2982 1
374 2947 443 2981 Cor
470 2947 500 2989 7,
527 2946 687 2987 20-24;
719 2945 796 2991 Eph
824 2946 857 2986 4,
888 2946 1001 2979 1—16
1030 2949 1098 2979 etc.

205 3002 217 3020 ⁵
244 3000 314 3045 Sap
341 3001 373 3042 5,
401 3001 441 3042 63
477 3000 522 3035 cf.
550 3000 625 3034 Tob
657 3002 684 3041 1,
712 3000 751 3039 2;
780 2999 829 3033 Ps
859 2998 935 3039 118,
962 2998 1027 3039 303
1056 2999 1077 3032 2
1105 2998 1191 3031 Petr
1217 2996 1248 3038 2,
1277 2997 1310 3031 2.

205 3055 217 3074 ⁶
243 3054 401 3095 Hoffaei;
430 3065 465 3088 v.
492 3066 600 3099 supra
627 3066 659 3099 p.
679 3053 747 3087 226
775 3053 855 3087 227.

206 3109 217 3127 ⁷
244 3108 335 3142 Vide
362 3119 453 3152 quae
481 3119 526 3141 ex
551 3107 800 3151 Fuggerorum
827 3105 992 3151 epistulis
1027 3104 1093 3139 sub
1119 3104 1220 3149 ipsas
1245 3103 1312 3138 has
1339 3102 1474 3138 Canisii
1500 3103 1642 3137 litteras
1669 3104 1858 3148 ponentur.
