2044 3335
663 94 830 137 Augusta
847 94 952 129 Vind.
972 94 1004 130 8.
1022 93 1158 140 Aprilis
1178 93 1280 129 1570.
1776 96 1858 138 399

93 210 210 252 cordi
242 210 414 261 habeat,
448 211 706 264 praesertim
738 211 781 253 in
814 211 893 262 his,
932 226 1042 265 quae
1074 212 1130 254 ad
1161 210 1474 254 Vniuersitatis
1505 213 1670 253 rectam
1703 210 1860 264 guber-

91 275 326 326 nationem,
369 278 413 318 et
447 275 758 318 Gubernatoris
800 276 988 318 officium
1029 276 1250 331 pertinent
1265 278 1292 320 ¹.
1356 276 1466 319 Sunt
1506 278 1602 318 octo
1634 274 1721 317 iam
1755 275 1859 325 dies,

93 340 206 393 quod
244 340 290 382 P.
309 340 619 382 Wendelinus2
659 341 714 382 ad
755 355 834 382 nos
874 341 1004 384 rediit
1045 355 1141 383 cum
1183 341 1280 395 alijs
1324 354 1544 395 prospere,
1590 340 1760 383 Christo
1804 340 1862 382 sit

91 404 247 458 gratia.
311 405 439 448 Nunc
470 405 604 459 igitur
645 405 701 448 ad
741 405 991 448 intermissa
1031 406 1176 448 studia
1216 408 1417 448 reuertar
1457 420 1552 459 ego,
1595 419 1706 459 quae
1748 406 1861 459 apud

93 470 373 524 Augustanos
404 470 554 513 multis
585 470 723 512 modis
755 470 1125 525 impediebantur3
1169 473 1213 512 et
1245 471 1299 512 ad
1333 471 1633 513 Centuriarum
1666 470 1861 513 laborem

90 535 400 577 absoluendum
423 535 458 577 si
482 535 676 578 Christus
700 535 903 586 adfuerit,
930 538 1070 579 totum
1094 549 1163 577 me
1185 535 1387 589 Dilingae
1410 549 1678 590 componam.
1723 535 1863 578 Pudet

91 614 159 642 me
199 600 373 644 interim
414 615 464 643 ac
505 601 647 655 piget,
695 601 739 642 in
787 600 867 642 hoc
909 614 1038 655 opere
1086 599 1252 642 tamdiu
1300 600 1486 651 uersari,
1536 603 1580 643 et
1626 601 1862 643 multorum

89 665 244 707 fallere
276 665 662 720 exspectationem,
697 665 850 719 quibus
882 665 1047 708 utinam
1081 665 1227 718 aliqua
1250 678 1305 707 ex
1336 668 1462 719 parte
1484 665 1740 708 satisfacere
1762 679 1862 720 pos-

89 729 158 780 sit,
182 730 432 773 temeritas³
456 729 516 785 [Ρ]
541 744 651 774 mea.
696 731 892 773 Tentabo
914 730 1117 784 Dilingae
1138 729 1252 772 sitne
1275 730 1567 784 Typographo
1591 731 1861 772 commodum

89 797 138 836 ut
170 795 417 839 absolutum
449 795 625 838 tandem
658 809 766 849 opus
806 796 956 849 praelo
998 809 1075 837 suo
1109 794 1322 848 subijciat.
1387 794 1432 837 Si
1464 808 1568 837 uero
1602 798 1679 838 aut
1710 796 1859 845 nollet,

88 863 165 902 aut
197 860 341 914 potius
373 874 458 902 non
491 862 640 915 posset
670 860 942 902 necessarios
965 860 1084 914 operi
1107 860 1319 914 praebere
1342 862 1541 914 sumptus
1554 861 1584 911 3,
1618 862 1720 914 peto
1744 860 1790 903 P.
1807 861 1860 903 V.

88 925 364 976 sententiam,
397 925 583 968 liceatne
615 925 718 967 mihi
749 925 939 979 migrare
961 925 1182 968 Coloniam
1215 927 1259 967 et
1292 928 1551 979 exspectare
1583 924 1670 966 illic
1703 924 1861 968 tantis-

88 1004 178 1044 per,
213 991 313 1032 dum
346 1005 453 1045 opus
482 991 574 1041 hoc,
608 1004 677 1032 me
700 990 871 1044 quidem
894 992 942 1033 ut
965 990 1152 1045 optarim
1175 990 1430 1033 Correctore
1463 989 1582 1045 typis
1605 990 1859 1033 excudatur.

88 1055 202 1097 Nam
224 1055 326 1097 alibi
349 1055 683 1097 commodiorem
706 1055 1046 1110 Typographum
1069 1069 1203 1109 aegre
1225 1069 1479 1108 consequar.
1523 1056 1690 1109 Sequar
1713 1058 1860 1098 autem

91 1120 137 1163 P.
161 1120 213 1163 V.
248 1120 510 1163 sententiam
542 1134 620 1175 per
652 1120 808 1163 omnia.

208 1184 575 1235 Quemadmodum
590 1186 722 1229 Pater
738 1187 887 1228 noster
904 1185 1187 1229 Prouincialis
1199 1187 1215 1213 4
1232 1185 1482 1229 iniunxerat
1498 1186 1592 1228 1000
1607 1185 1862 1230 M.Wende-

88 1249 164 1292 lini
196 1250 389 1293 absentis
422 1251 491 1304 egi
523 1250 604 1293 hoc
634 1251 728 1293 loco
752 1251 1015 1294 exorcistam
1048 1251 1173 1293 unius
1195 1250 1389 1305 Virginis
1411 1251 1567 1294 nobilis
1579 1252 1609 1302 5,
1644 1254 1688 1294 et
1720 1251 1862 1294 adfuit

208 1325 236 1356 a)
258 1326 305 1350 Sic
324 1333 391 1357 (cp.;
410 1325 460 1350 sed
481 1326 575 1357 {effere
596 1326 714 1350 malim:
734 1325 878 1352 tenuitas.

89 1444 110 1466 a
135 1432 319 1478 republica
345 1436 559 1476 augustana,
585 1432 655 1467 400
673 1432 867 1467 solvendos
894 1433 938 1467 ab
956 1433 1044 1467 urbe
1063 1432 1293 1476 Memminga‚
1321 1433 1391 1468 400
1410 1432 1603 1468 solvendos
1630 1445 1650 1467 a
1676 1434 1860 1479 praefecto

89 1485 349 1520 schonechensi
377 1485 590 1530 (Schoneck,
618 1485 824 1530 Schonegg)
858 1486 1019 1528 „nomine
1047 1486 1287 1531 Episcopatus
1314 1486 1537 1530 Augustani“
1573 1498 1662 1529 „una
1689 1499 1769 1521 cum
1796 1499 1860 1521 suo

97 1539 263 1584 capitali⁴⁴
295 1540 380 1574 dare
407 1540 494 1574 dicit
520 1542 556 1573 et
581 1551 620 1573 se
646 1539 804 1584 reliquos
831 1539 910 1581 600,
938 1539 1054 1583 quoad
1082 1539 1153 1574 alia
1179 1540 1367 1583 assignare
1394 1540 1518 1584 possit,
1550 1540 1612 1582 „de
1638 1551 1704 1574 sua
1730 1540 1856 1574 bursa“

89 1592 255 1627 daturum
282 1593 478 1638 promittit3
506 1593 684 1638 promittit
710 1604 860 1637 quoque,
888 1604 927 1627 se
950 1593 1166 1635 „ministris“
1189 1593 1372 1627 seminarii
1399 1593 1433 1628 S.
1449 1593 1661 1638 Hieronymi
1687 1596 1858 1638 certoque

88 1646 314 1681 alumnorum
349 1646 607 1692 episcopalium
642 1658 790 1681 numero
826 1646 964 1681 alendis
999 1649 1035 1681 et
1070 1646 1243 1681 aedificiis
1269 1646 1394 1692 templi
1430 1647 1636 1689 academici,
1670 1647 1763 1691 quod
1799 1659 1858 1682 ex-

89 1701 292 1734 structurus
327 1700 396 1742 sit,
435 1699 619 1745 ipsiusque
654 1700 906 1735 universitatis
942 1700 1188 1734 instaurandis
1224 1702 1343 1735 certos
1378 1700 1517 1734 reditus
1555 1703 1858 1745 comparaturum,

89 1753 231 1787 interim
266 1755 386 1788 autem
413 1754 598 1788 ministros
634 1753 869 1797 alumnosque
904 1753 985 1788 illos
1021 1765 1067 1787 ex
1098 1765 1165 1787 sua
1196 1753 1343 1796 „bursa“
1373 1755 1662 1788 sustentaturum
1689 1765 1768 1788 esse
1797 1754 1859 1798 (ex

88 1806 294 1852 apographo
332 1807 480 1848 recenti,
520 1807 613 1851 quod
653 1809 775 1841 exstat
807 1807 973 1850 Dilingae
1011 1807 1046 1840 in
1085 1806 1304 1841 bibliotheca
1341 1807 1452 1851 regia,
1490 1807 1591 1842 MSS.
1619 1807 1859 1852 Stempfliana

88 1859 149 1894 Nr.
165 1860 216 1894 ΙΙΙ
236 1860 288 1904 (2)
310 1861 370 1901 15;
392 1861 437 1895 cf.
453 1860 562 1895 etiam
579 1862 714 1904 Specht,
730 1861 836 1895 UniV.
852 1860 936 1894 Dill.
949 1860 1023 1904 61).
1049 1860 1116 1894 His
1134 1860 1267 1895 litteris
1285 1860 1361 1895 dies
1380 1861 1523 1905 quidem
1543 1861 1599 1895 25.
1612 1861 1747 1906 Aprilis
1767 1861 1857 1895 1569

88 1913 268 1958 ascriptus
296 1916 370 1954 est;
407 1926 452 1948 ex
478 1913 522 1948 iis
549 1916 679 1955 autem,
708 1926 800 1958 quae
827 1913 979 1957 Borgias
1006 1914 1119 1948 Roma
1147 1915 1201 1949 17.
1229 1914 1321 1948 Iunii
1350 1914 1441 1949 1570
1476 1914 1520 1949 ad
1547 1914 1640 1949 hanc
1667 1914 1857 1959 epistulam

87 1967 274 2012 rescripsit
302 1967 352 2011 (v.
371 1967 476 2009 infra,
504 1979 557 2013 ep.
576 1979 610 2002 n.
632 1968 751 2011 1716),
779 1969 815 2001 et
833 1979 877 2002 ex
896 1967 1017 2001 verbis
1035 1967 1251 2012 quibusdam
1270 1968 1420 2009 Hoffaei‚
1447 1979 1539 2013 quae
1557 1970 1734 2013 ponentur
1752 1968 1857 2010 infra,

88 2032 180 2056 111011.
209 2032 291 2064 aug.
313 2020 350 2065 (a
365 2022 412 2064 7),
448 2032 562 2066 paene
588 2021 790 2065 collegeris,
816 2033 860 2055 110
886 2021 1002 2055 medio
1029 2021 1172 2065 quidem
1200 2033 1232 2056 a.
1254 2022 1344 2057 1570
1375 2033 1453 2056 eam
1480 2022 1727 2056 fundationem
1753 2022 1858 2067 plene

88 2074 336 2109 confirmatam
363 2076 547 2109 certamve
572 2075 697 2110 fuisse.

211 2127 222 2147 ¹
247 2128 287 2162 In
306 2127 494 2172 *Ditem-is,
533 2140 623 2172 quas
650 2128 735 2170 dixi,
762 2128 956 2163 statuitur:
986 2127 1243 2162 Universitatis
1274 2128 1492 2171 „iurisdictio
1519 2128 1714 2163 coercitiva
1741 2128 1858 2163 civilis

87 2181 146 2215 vel
172 2181 369 2216 criminalis
471 2182 671 2216 remanebit
696 2193 808 2227 penes
826 2182 1066 2223 Ordinarium,
1095 2184 1132 2216 et
1157 2182 1289 2216 Rector
1315 2183 1460 2227 quidem
1487 2182 1628 2226 collegii
1655 2182 1857 2224 Societatis,

88 2235 149 2279 qui
184 2235 291 2269 simul
326 2237 362 2270 et
387 2236 639 2270 universitatis
665 2238 783 2270 rector
808 2236 888 2278 erit,
924 2237 1097 2281 perpetuo
1121 2235 1181 2281 jus
1207 2235 1354 2270 habebit
1387 2236 1642 2281 praesentandi
1668 2235 1857 2270 Ordinario

87 2289 376 2332 gubernatorem,
404 2289 465 2333 qui
483 2289 576 2323 hanc
594 2289 727 2324 dictam
746 2289 1029 2324 iurisdictionem
1047 2292 1228 2324 exerceat.
1256 2316 1263 2324 .
1277 2316 1284 2323 .
1298 2317 1305 2324 .
1342 2289 1437 2324 Cura
1463 2301 1568 2334 porro
1587 2289 1681 2323 circa
1700 2292 1857 2332 cantum,

88 2342 206 2377 officia
234 2342 481 2377 ecclesiastica
515 2344 551 2376 et
578 2343 799 2377 ceremonias
834 2343 1059 2388 peragendas
1094 2355 1164 2377 non
1199 2343 1403 2388 imponetur
1428 2343 1604 2385 societati,
1640 2343 1703 2377 sed
1730 2343 1856 2386 guber-

87 2398 191 2430 nator
226 2396 285 2430 vel
312 2396 404 2431 alius
440 2408 460 2431 a
496 2396 669 2430 societate
705 2396 893 2440 eligendus
930 2408 1009 2430 earn
1045 2396 1239 2439 exercebit,
1275 2399 1413 2431 rectore
1445 2396 1853 2441 „superintendentiam“

86 2452 245 2493 gerente.

207 2503 220 2523 2
246 2503 373 2537 Volck.

208 2557 219 2576 ³
246 2556 421 2591 Sebaldus
439 2556 576 2601 Mayer,
604 2556 664 2600 qui
691 2556 871 2591 officinam
898 2556 1201 2601 typographicam
1219 2556 1469 2590 universitatis
1496 2556 1728 2598 conduxerat,
1754 2556 1856 2602 inops

87 2613 164 2645 erat
189 2610 246 2644 vel
275 2613 372 2644 certe
399 2610 635 2645 facultatibus
660 2622 730 2644 non
756 2610 980 2651 abundabat;
1008 2622 1042 2644 v.
1063 2611 1200 2654 Speclzt,
1227 2610 1334 2644 Univ.
1353 2609 1438 2645 Dill.
1457 2610 1608 2645 66—67.

207 2667 219 2684 4
246 2664 381 2698 Paulus
408 2664 601 2705 Hoffaeus;
628 2675 662 2698 V.
690 2675 800 2709 supra
825 2676 858 2709 p.
877 2664 957 2698 365.

206 2719 219 2737 ⁵
245 2719 371 2752 Annae
397 2718 440 2752 de
466 2717 711 2759 Bernhausen,
751 2729 858 2761 quam
885 2716 1023 2762 Sibylla
1059 2717 1103 2751 ab
1130 2716 1320 2751 Eberstein
1345 2716 1459 2751 Marci
1484 2716 1642 2760 Fuggeri
1676 2729 1767 2751 uxor
1798 2729 1855 2762 pe-

88 2770 294 2815 dissequam
321 2782 444 2805 secum
470 2770 645 2811 habebat;
674 2782 708 2804 V.
735 2771 839 2811 infra,
866 2781 960 2804 mon.
987 2772 1051 2805 ott.
1082 2769 1150 2813 (2).
1201 2770 1392 2804 Bernhusii
1427 2770 1470 2804 de
1496 2770 1684 2805 nobilitate
1709 2771 1856 2805 suebica

88 2826 125 2858 et
161 2824 501 2868 wurttembergensi
540 2827 643 2858 erant
671 2824 861 2867 (ibe-hezer
892 2823 914 2858 1.
943 2835 971 2858 0.
998 2824 1014 2857 Ι
1052 2824 1119 2858 126
1154 2823 1243 2864 20&
1282 2824 1315 2857 H
1342 2824 1410 2859 635
1446 2824 1534 2865 809;
1575 2824 1720 2859 111538
1756 2825 1854 2869 609).

87 2879 191 2912 Anna
217 2877 292 2911 filia
317 2877 430 2912 fuisse
448 2877 593 2912 videtur
612 2877 757 2920 Georgii
785 2877 828 2911 de
846 2877 1089 2918 Bernhausen,
1117 2888 1231 2921 eaque
1257 2877 1317 2911 vel
1344 2889 1390 2911 ex
1407 2877 1607 2920 Margarita
1633 2878 1677 2912 de
1695 2878 1854 2912 Breiten-

86 2931 179 2965 stein
214 2931 329 2975 prima
354 2942 467 2965 uxore
502 2931 560 2965 vel
587 2943 631 2964 ex
659 2930 841 2965 Dorothea
875 2930 918 2964 de
945 2929 1161 2965 Neuhausen
1196 2942 1308 2964 uxore
1335 2930 1450 2965 altera
1484 2932 1589 2972 nata;
1625 2943 1741 2976 neque
1777 2932 1855 2977 ipsa

87 2984 164 3019 viro
184 2979 356 3027 'nupsisse
382 2984 527 3018 videtur
557 2984 687 3027 (Gabr.
714 2985 908 3017 Rea-elimas
934 2982 1087 3024 O.S.B.‚
1114 2984 1205 3018 Pars
1232 2984 1339 3018 tertia
1365 2984 1580 3019 Germaniae
1606 2984 1855 3030 topo-chrono-

85 3037 500 3082 stemmato-graphicae,
518 3037 745 3072 Francofurti
764 3037 807 3071 ad
826 3037 995 3071 Moenum
1017 3037 1118 3078 1672,
1138 3036 1172 3071 S.
1185 3037 1264 3072 R.1.
1286 3037 1402 3073 Princ.
1423 3040 1490 3073 etc.
1510 3037 1709 3073 Stemmata
1727 3051 1760 3084 p.
1779 3038 1853 3081 89).

87 3090 279 3126 Caeterum
305 3090 399 3132 vide,
427 3102 518 3134 quae
544 3090 610 3125 sub
636 3090 751 3135 ipsam
778 3090 871 3125 hanc
897 3090 1089 3135 epistulam
1117 3090 1291 3126 dicentur.
