2044 3335
282 102 382 136 1744.
410 101 449 136 P.
469 101 674 146 Alphonsus
701 101 855 135 Pisanus
879 100 913 135 S.
933 101 965 134 J.
994 100 1079 135 Can.
1122 99 1267 143 Dilinga
1293 99 1348 134 20.
1369 98 1524 142 Augusti
1554 98 1652 132 1571.
1767 100 1850 139 461

209 219 416 261 Fortasse
448 232 533 259 non
567 220 684 259 esset
716 218 793 259 abs
827 232 873 259 re
895 217 1100 259 maiorem
1125 230 1221 258 esse
1244 215 1595 258 conformitatem
1628 214 1669 255 in
1694 214 1855 256 nostris

91 284 483 339 peregrinantibus,
509 297 689 336 quorum
713 283 905 324 nonnulli
930 296 1024 324 cum
1049 281 1207 335 gladijs
1231 281 1285 323 ad
1308 281 1457 322 urbem
1473 283 1485 307 ¹
1509 279 1854 333 proficiscuntur,

91 349 135 391 id
167 363 250 391 non
283 349 494 403 probatur
533 348 577 390 in
619 347 700 389 hac
743 347 973 401 prouintia,
1017 347 1092 388 sed
1135 348 1290 399 optant
1322 345 1530 387 maiorem
1563 345 1711 387 uidere
1753 344 1855 386 sim-

92 414 344 469 plicitatem.
393 412 615 455 Judicabit
647 415 792 454 autem
827 412 876 455 R.
901 412 949 454 T.
984 412 1051 454 cui
1083 410 1163 452 hoc
1195 410 1452 452 fiducialiter
1486 410 1682 452 dixerim.

210 486 237 536 i·
275 484 518 526 Admodum
553 483 806 525 Reuerendo
839 483 883 524 in
915 482 1086 524 Christo
1121 481 1253 530 Patri,
1298 482 1348 523 D.
1384 481 1429 523 P.
1465 481 1732 535 Hieronymo
1765 480 1857 523 Na-

93 549 185 600 tali,
221 550 396 592 Vicario
430 550 475 591 P.
511 549 564 591 N.
600 548 826 590 Generalis
859 547 1083 589 societatis
1115 546 1269 588 JESV.
1395 546 1571 588 Romae.

211 630 352 664 Natalis
379 630 522 664 Canisio
548 629 732 674 respondit
758 629 851 662 inter
878 629 933 663 20.
961 631 996 662 et
1023 628 1078 662 25.
1107 627 1261 670 Augusti
1291 627 1391 661 1571.

95 770 243 807 1744.
342 771 403 807 Ρ.
440 769 848 806 ALPHONSUS
884 767 1177 805 PISANUS
1215 767 1268 804 S.
1289 767 1343 803 J.
1371 767 1573 811 theologiae
1608 768 1791 812 professor
1824 768 1861 801 in

283 826 521 859 universitate
547 824 730 867 dilingana
758 823 958 858 CANISIO.
1277 821 1424 865 Dilinga
1450 821 1506 856 20.
1527 821 1681 864 Augusti
1713 821 1813 855 1571.

214 896 269 930 Ex
295 895 519 941 autographo
548 895 620 938 (2⁰;
652 895 716 937 ΡΛ,
736 894 823 939 pp.).
860 894 902 929 G.
930 894 994 939 Ep.
1022 893 1136 927 coll.I
1161 893 1186 928 f.
1205 893 1286 927 271.

215 970 410 1007 Praefatio
438 969 608 1007 editoris.
660 971 758 1004 Haec
786 970 908 1004 Pisani
935 969 1088 1015 epistula
1115 968 1279 1013 intellegi
1304 969 1439 1013 nequit,
1467 968 1535 1003 nisi
1563 969 1594 1002 ei
1621 971 1863 1013 praeponatur

96 1037 139 1060 ea
165 1025 396 1059 slitterarum
426 1026 457 1059 7.
485 1025 620 1069 Aprilis
647 1025 734 1058 1571
763 1035 783 1057 a
811 1025 846 1058 S.
868 1025 1063 1057 Francisco
1090 1024 1226 1067 Bos-qia
1252 1022 1457 1067 praeposito
1485 1022 1645 1065 generali
1672 1021 1864 1055 Societatis

96 1079 140 1113 ad
169 1079 206 1113 P.
225 1079 377 1112 Paulum
398 1078 585 1112 Hoffaeum
612 1077 818 1122 provinciae
838 1076 1051 1111 Germaniae
1078 1075 1274 1121 superioris
1301 1076 1543 1120 praepositum
1571 1076 1736 1109 datarum
1766 1074 1864 1119 (vide

95 1143 205 1176 supra
232 1143 264 1176 p.
291 1131 377 1175 449)
407 1143 499 1175 pars,
535 1142 605 1175 qua
632 1131 783 1174 Borgias
818 1141 921 1164 suum
949 1130 1155 1174 proferebat
1188 1129 1358 1163 iudicium
1386 1129 1428 1162 de
1461 1128 1696 1170 „resolutione
1724 1127 1858 1162 aulica“

98 1185 234 1219 Alberti
255 1184 297 1218 V.
325 1185 502 1218 Bavariae
529 1185 630 1218 ducis
657 1184 829 1218 mandatu
856 1184 1044 1217 Monachio
1071 1183 1127 1218 30.
1156 1183 1312 1216 Ianuarii
1341 1183 1428 1217 1571
1458 1182 1553 1224 data,
1593 1194 1663 1226 qua
1693 1182 1860 1224 „cursus“

97 1238 364 1283 philosophicus
399 1240 435 1271 et
465 1237 767 1283 „paedagogium“
807 1238 886 1271 sive
917 1237 1147 1282 gymnasium
1184 1237 1219 1270 in
1246 1236 1484 1270 universitate
1520 1235 1794 1278 ingolstadiensi
1830 1235 1865 1269 in

97 1294 278 1337 posterum
315 1303 377 1336 per
412 1291 626 1325 Societatem
655 1290 898 1325 administrari
934 1294 970 1324 et
1005 1290 1122 1324 curari
1157 1290 1381 1330 iubebantur,
1418 1289 1468 1323 ita
1494 1292 1625 1330 tamen,
1662 1292 1702 1323 ut
1737 1288 1866 1332 reliqui

96 1357 239 1389 quoque
264 1345 514 1379 universitatis
540 1344 773 1390 professores,
808 1344 1058 1387 magistratus,
1094 1343 1246 1378 studiosi
1273 1343 1425 1377 multum
1463 1343 1496 1376 in
1534 1354 1576 1376 ea
1611 1355 1648 1376 re
1675 1342 1866 1387 potestatis

97 1402 133 1432 et
160 1399 338 1432 libertatis
364 1398 538 1432 haberent
557 1397 620 1442 (cf.
639 1409 748 1442 supra
775 1409 806 1442 p.
827 1398 924 1440 449).
958 1397 1115 1431 Litteras
1135 1397 1309 1441 exscripsi
1338 1408 1383 1430 ex
1409 1396 1615 1441 apographo
1643 1396 1764 1430 eodem
1792 1397 1866 1430 fere

99 1455 258 1497 tempore
284 1451 418 1486 Romae
445 1452 583 1486 duabus
609 1451 743 1495 scripto
770 1451 946 1491 inanibus,
983 1462 1132 1494 quarum
1161 1461 1231 1484 una
1261 1449 1323 1493 (A)
1365 1450 1481 1494 ipsum
1508 1450 1710 1483 litterarum
1738 1461 1866 1494 corpus

98 1505 254 1550 scripsit,
282 1505 395 1539 altera
425 1505 483 1548 (Β)
515 1504 635 1549 aliqua
662 1504 819 1539 correxit
845 1506 880 1538 et
906 1503 1075 1538 nonnulla
1102 1503 1248 1545 addidit,
1276 1506 1316 1537 ut
1342 1503 1610 1548 inscriptionem
1639 1506 1674 1537 et
1699 1514 1867 1537 numeros

97 1559 252 1602 singulis
279 1559 457 1603 capitibus
483 1559 517 1592 in
545 1558 707 1602 margine
734 1558 941 1599 adiunctos;
969 1558 1061 1602 quod
1089 1557 1335 1602 apographum
1363 1559 1485 1591 exstat
1511 1557 1546 1590 in
1574 1556 1615 1591 G.
1644 1557 1708 1602 Ep.
1735 1556 1814 1590 coll.
1834 1556 1867 1590 Π

99 1612 125 1646 f.
153 1613 239 1652 29&
277 1624 430 1656 quocum
464 1612 597 1646 contuli
624 1611 869 1656 apographum
897 1623 917 1645 a
943 1611 1050 1645 tertio
1076 1610 1195 1654 aliquo
1225 1610 1283 1653 (C)
1321 1610 1444 1644 eodem
1471 1610 1547 1644 fere
1573 1612 1733 1655 tempore
1759 1610 1869 1655 scrip-

100 1668 187 1706 tum,
223 1666 315 1709 quod
343 1668 399 1699 est
424 1666 459 1699 in
486 1665 604 1700 Germ.
625 1666 669 1700 70
696 1666 719 1699 f.
743 1666 819 1699 166.
872 1665 960 1699 Cum
988 1666 1108 1698 autem
1135 1664 1287 1707 Borgias
1314 1664 1502 1697 Hoffaeum
1538 1675 1646 1708 saepe
1679 1664 1722 1697 ad
1755 1675 1868 1705 „reso-

101 1719 265 1753 lutionis“
308 1719 405 1753 illius
440 1719 640 1753 versionem
677 1718 827 1752 latinam
864 1718 998 1752 Romae
1035 1718 1179 1759 factam,
1216 1729 1323 1761 quam
1364 1717 1495 1751 litteris
1531 1717 1606 1751 suis
1642 1717 1868 1757 adiunxerat,

102 1773 291 1813 remiserit,
330 1773 418 1807 hanc
445 1785 529 1807 vero
556 1773 759 1806 versionem
786 1784 852 1815 ego
878 1784 947 1805 non
974 1772 1204 1816 reppererim,
1233 1771 1386 1814 Borgiae
1411 1770 1545 1805 litteris
1571 1773 1607 1805 in
1633 1771 1869 1805 adnotationi-

102 1826 168 1860 bus
186 1827 397 1871 praecipuos
415 1826 629 1869 subiungam
650 1826 745 1860 locos
764 1825 993 1859 resolutionis
1011 1826 1239 1869 germanicae
1258 1836 1389 1868 eosque
1408 1825 1608 1869 exscriptos
1633 1836 1677 1858 ex
1697 1826 1870 1868 Mederer,

102 1880 164 1924 qui
191 1891 268 1913 eam
295 1880 317 1914 1,
345 1892 374 1914 c.
402 1880 450 1913 IV
477 1880 664 1914 326—333
692 1880 869 1922 integram
898 1878 1074 1922 vulgavit.
1127 1879 1184 1913 Sic
1212 1879 1323 1922 igitur
1349 1878 1501 1922 Borgias
1528 1878 1676 1912 Hoffaeo
1704 1878 1870 1923 scripsit:

227 1933 368 1974 „Prima
395 1934 429 1967 di
456 1933 649 1968 cominciar
675 1933 750 1967 diro
787 1933 851 1966 che
881 1932 920 1966 V.
950 1933 1155 1966 Reuerenza
1185 1932 1325 1975 [neda]a
1352 1944 1390 1965 se
1418 1932 1446 1965 si
1474 1932 1591 1976 petria
1617 1940 1751 1977 passar'
1772 1932 1873 1971 bene⁴

105 1999 212 2021 senza
239 1986 303 2021 che
330 1987 353 2021 li
380 1987 493 2021 nostri
520 1987 550 2021 si
576 1987 779 2021 trouassino
806 1998 849 2020 ne
876 1986 885 2020 i
913 1986 1072 2029 consegli
1100 1985 1404 2019 dell'Vniuersita
1432 1997 1461 2026 0,
1488 1985 1629 2019 almeno
1656 1985 1721 2019 che
1748 1997 1815 2019 non
1842 1983 1873 2019 si

105 2041 307 2074 trouassino
334 2052 372 2074 se
391 2053 459 2074 non
478 2040 513 2074 in
533 2040 650 2084 quelle
669 2040 832 2074 consulte
851 2040 940 2073 done
960 2039 990 2073 si
1008 2042 1150 2073 tratano
1170 2050 1252 2073 cose
1270 2039 1495 2084 apertenenti
1515 2038 1586 2072 alla
1604 2038 1801 2082 Religione.
1824 2066 1829 2072 .
1845 2067 1850 2071 .
1866 2066 1871 2070 .

106 2093 248 2135 Quanto
274 2093 345 2128 alla
371 2094 580 2128 risolutione
600 2093 729 2128 Aulica
755 2094 851 2127 circa
877 2093 901 2127 il
921 2105 1032 2134 corso,
1060 2096 1096 2127 et
1113 2093 1320 2136 Pedagogio
1431 2092 1559 2126 alcune
1586 2104 1667 2126 cose
1695 2093 1725 2126 ci
1753 2104 1874 2126 occur-

227 2171 254 2201 3)
277 2171 336 2195 Hor
358 2179 379 2194 r.
400 2171 535 2202 supplevi
554 2178 590 2196 ez·
610 2172 638 2195 C.

233 2296 429 2330 ¹Romam.
466 2295 579 2330 Sociis
614 2295 819 2340 provinciae
854 2295 1036 2329 rhenanae
1062 2296 1207 2329 Natalis
1242 2295 1410 2329 visitator
1447 2307 1493 2329 m.
1520 2295 1686 2329 Ianuario
1724 2307 1755 2329 a.
1786 2296 1873 2329 1567

110 2351 362 2395 praeceperat:
403 2349 491 2391 „Qui
526 2349 561 2382 in
588 2361 678 2393 equo
705 2349 772 2383 iter
799 2349 948 2387 faciunt,
984 2361 1053 2382 non
1081 2349 1198 2382 ferent
1224 2360 1343 2383 arma:
1380 2349 1559 2393 peditibus
1586 2351 1706 2393 potest
1731 2349 1877 2383 concedi

112 2415 259 2448 paruum
288 2403 420 2437 hastile
456 2405 518 2437 aut
553 2402 685 2446 aliquid
719 2402 854 2436 simile“
889 2403 994 2448 (Epp.
1020 2404 1143 2436 Naclal
1169 2403 1219 2436 IV
1246 2403 1342 2446 332).
1399 2402 1458 2443 ⁷,Iu
1494 2403 1561 2436 den
1589 2403 1780 2437 Berichten
1815 2403 1878 2437 der

110 2457 304 2497 Novizen“,
333 2457 450 2501 inquit
466 2457 582 2500 chhr,
607 2456 761 2499 „sowohl
788 2468 852 2490 aus
879 2456 941 2490 der
959 2456 1245 2490 oberdeutschen
1271 2456 1326 2490 als
1353 2456 1443 2490 auch
1471 2468 1536 2490 aus
1563 2456 1625 2489 der
1651 2456 1878 2490 rheinischen

112 2511 266 2544 Provinz
293 2511 381 2544 wird
416 2510 592 2549 bemerkt.
628 2510 698 2544 dafz
732 2521 814 2543 man
851 2509 902 2544 sie
938 2510 996 2543 fiir
1023 2509 1140 2543 Juden
1168 2509 1252 2543 oder
1278 2509 1547 2543 Wiedertaufer
1574 2509 1671 2551 hielt,
1710 2510 1792 2544 weil
1826 2510 1878 2544 sie

111 2564 351 2598 unbewaffnet
386 2576 454 2598 nur
487 2564 554 2597 mit
588 2564 701 2597 einem
731 2563 840 2597 Stock
867 2563 1018 2597 reisten“
1052 2563 1144 2606 (Jes.
1171 2563 1185 2596 1
1213 2563 1326 2606 580⁴).
1378 2562 1424 2596 Et
1459 2563 1501 2596 de
1538 2564 1650 2597 fratre
1681 2563 1782 2605 laico,
1818 2564 1879 2607 qui

111 2617 254 2660 collegii
291 2618 481 2663 pragensis
520 2617 843 2662 „dispensatorem“
886 2617 1033 2659 agebat,
1074 2616 1112 2649 P.
1142 2617 1363 2650 Lam-entius
1389 2617 1533 2660 Magius
1571 2617 1739 2651 Austriae
1778 2629 1880 2662 prae-

113 2672 251 2716 positus
283 2671 514 2715 provincialis
549 2671 669 2714 Praga
704 2671 760 2705 20.
789 2670 868 2704 Iulii
898 2670 987 2704 1567
1024 2670 1193 2713 Borgiam
1229 2670 1475 2714 praepositum
1510 2670 1716 2712 generalem
1744 2671 1878 2704 *inter-

113 2725 267 2768 rogavit,
300 2736 357 2766 „se
384 2725 434 2768 gli
460 2724 491 2758 si
517 2724 606 2758 deue
625 2724 820 2758 concedere
846 2724 880 2757 la
907 2723 1030 2768 spada,
1058 2723 1199 2766 quando
1225 2725 1271 2757 ua
1297 2723 1442 2757 lontano
1468 2723 1501 2757 di
1521 2725 1590 2767 qua
1610 2735 1680 2758 una
1704 2725 1881 2767 giornata,

114 2781 134 2812 ὸ
161 2789 281 2812 mezza
307 2790 370 2823 per
395 2778 543 2812 seruitio
570 2777 626 2811 del
652 2777 826 2821 collegio.
843 2776 1048 2811 altrimente
1075 2779 1093 2810 e
1119 2779 1244 2810 tenuto
1271 2788 1334 2821 per
1352 2777 1592 2822 Anabaptista
1620 2777 1700 2822 (per
1726 2778 1791 2812 che
1818 2778 1882 2812 tali

115 2831 263 2865 heretici
290 2843 359 2865 non
379 2834 527 2876 portano
545 2832 660 2874 arme)
689 2833 724 2864 et
750 2842 857 2876 passa
883 2830 1051 2875 pericolo.
1079 2842 1178 2864 come
1205 2830 1369 2864 intendo“
1395 2831 1456 2871 (ex
1476 2834 1636 2874 autogr.;
1658 2831 1699 2866 G.
1720 2832 1782 2876 Ep.
1796 2831 1882 2865 VIII

116 2884 141 2920 f.
169 2884 257 2927 66¹³).
311 2884 429 2926 Quare
464 2897 494 2919 a.
517 2885 607 2920 1568
634 2885 768 2918 Romae
806 2884 839 2918 in
877 2884 989 2928 prima
1020 2883 1327 2927 „congregatione
1353 2884 1651 2919 Procuratorum“
1684 2886 1746 2929 (cf.
1773 2897 1882 2930 supra

116 2951 150 2983 p.
172 2939 253 2980 164)
283 2950 303 2972 a
329 2940 465 2982 Boryia
491 2950 703 2983 responsum
732 2940 806 2972 est:
838 2937 908 2979 „Vt
932 2949 1001 2970 non
1028 2938 1077 2971 sit
1102 2949 1191 2971 vsus
1218 2949 1399 2972 armorum
1433 2938 1468 2972 in
1494 2938 1643 2973 itinere:
1678 2939 1736 2973 hic
1762 2941 1882 2973 tamen

117 2992 285 3036 Superior
311 2994 431 3036 potest
456 2991 676 3036 dispensare,
703 2992 765 3026 sed
792 2993 877 3025 tunc
905 2991 1059 3031 habitus,
1095 3002 1163 3034 quo
1190 2991 1232 3024 de
1260 2990 1438 3025 Societate
1465 3003 1544 3026 esse
1571 2994 1883 3036 cognoscerentur,

117 3045 285 3132 tegendus
319 3057 390 3117 lnon
417 3045 533 3079 esset“
567 3046 628 3088 (ex
654 3056 789 3090 apogn,
825 3044 969 3079 saeculo
995 3043 1090 3079 XVI.
1119 3045 1154 3078 in
1181 3043 1374 3079 Germania
1400 3045 1583 3090 superiore
1609 3046 1761 3091 scripto:
1800 3045 1883 3079 Cod.

123 3127 135 3141 „
190 3099 229 3132 1²
252 3099 275 3132 f.
296 3098 315 3132 2
340 3098 451 3142 —3³).
