2044 3335
663 95 830 138 Augusta
848 95 954 130 Vind.
975 97 1007 130 5.
1028 95 1149 130 Martii
1178 95 1280 130 1569.
1767 97 1850 138 267

204 214 558 268 Christophorum
603 216 814 266 coquum1
859 229 885 256 a
929 214 1052 256 nobis
1095 214 1251 269 petiuit
1292 214 1453 256 Rector
1485 213 1730 263 Senensis2,
1776 214 1855 254 sub

83 294 165 333 quo
199 279 310 321 uixit
342 281 494 321 antea:
529 277 752 320 mittemus
781 279 901 320 illum
934 280 1069 333 igitur
1101 279 1179 322 ada
1211 279 1324 320 hunc
1356 279 1510 333 ipsum,
1546 278 1581 320 si
1614 278 1746 320 liceat
1779 291 1856 331 per

84 345 130 386 T.
165 345 210 387 P.
245 344 309 386 uti
341 357 580 397 speramus.

200 408 308 459 Quid
341 409 378 451 si
411 407 675 450 Fridericum
709 409 799 450 aeri
832 409 975 463 patrio
1007 409 1322 452 restituamus?
1354 408 1440 450 iam
1474 408 1605 451 tertio
1639 407 1752 450 enim
1786 421 1854 449 re·

80 475 228 528 lapsus
251 478 318 516 est
340 474 382 515 in
406 476 599 516 ueterem
623 474 819 515 morbum
844 473 1076 528 Oeniponti
1090 475 1118 524 3,
1152 477 1197 517 et
1219 488 1245 515 a
1268 474 1415 515 multis
1438 488 1571 527 aegre
1594 473 1853 522 continetur,

80 554 177 582 cum
218 539 284 581 uis
325 539 462 580 morbi
505 553 602 580 eum
645 539 767 581 uelut
807 539 1104 593 phreneticum
1148 539 1267 582 facit.
1331 539 1692 581 Commendamus
1733 538 1854 579 illum

80 604 305 657 sacrificijs
338 607 383 646 et
415 603 576 658 precib.
610 603 655 646 P.
691 603 739 646 T.
775 607 819 645 et
851 604 1052 658 plurium.

199 670 319 711 Scire
351 669 559 723 cupimus,
604 669 817 722 quomodo
851 670 1109 712 satisfacere
1141 669 1273 711 liceat
1304 669 1474 711 illorum
1510 668 1737 718 desiderio,
1783 668 1854 721 qui

79 735 239 777 multos
272 734 407 776 libros
439 733 563 775 nobis
596 733 815 783 adferunt,
859 737 904 776 et
942 734 1175 788 aliquando
1213 734 1431 788 integram
1473 734 1764 783 bibliotecam,
1809 736 1856 775 ut

77 802 371 854 repurgentur
401 799 477 849 illi,
512 801 557 840 et
589 812 666 852 per
697 812 776 840 nos
809 802 1119 853 expungantur
1152 814 1262 853 quae
1295 803 1397 842 sunt
1420 798 1692 841 obliteranda
1706 799 1734 840 4.
1790 799 1856 840 Ea

77 879 147 907 res
169 868 310 908 totum
334 864 578 918 requireret
609 863 839 913 hominem,
874 865 947 918 qui
969 866 1118 907 multis
1140 865 1359 906 mensibus
1382 879 1467 906 non
1489 867 1639 918 posset
1661 863 1856 917 singulos

77 944 325 984 expurgare
358 929 540 980 codices,
575 929 833 983 praesertim
866 929 909 971 in
936 930 1140 972 Patribus
1173 932 1217 972 et
1249 929 1574 972 humanioribus
1606 929 1758 971 literis.
1792 929 1856 971 ita

76 1010 190 1037 nunc
220 995 399 1038 foedata
430 997 533 1037 sunt
566 994 723 1045 omnia,
768 998 812 1037 et
845 995 986 1037 Biblia
1029 1010 1221 1049 quoque:
1263 999 1355 1038 tum
1398 995 1499 1037 noui
1541 995 1723 1036 subinde
1755 994 1853 1036 libri

75 1061 290 1115 prodeunt
322 1060 395 1113 qui
418 1059 708 1113 castigatione
729 1059 967 1113 indigeant.
1013 1060 1192 1103 Vtinam
1225 1060 1365 1102 facilis
1398 1060 1579 1114 reperiri
1611 1060 1684 1102 uia
1707 1062 1852 1113 queat,

75 1129 123 1168 vt
156 1126 301 1168 <Index
341 1126 548 1167 librorum
585 1125 821 1167 uetitorum
865 1126 946 1168 hac
979 1126 1022 1167 in
1054 1129 1180 1180 parte
1213 1127 1484 1169 obseruetur.
1528 1126 1712 1168 multum
1745 1139 1852 1167 sane

74 1191 240 1245 negotij
273 1191 371 1233 hinc
403 1190 690 1244 Confessarijs
724 1191 845 1232 bonis
878 1191 1122 1234 exhibetur.

193 1256 402 1306 Quoniam
437 1255 625 1299 arbitror
656 1256 798 1310 plane,
833 1256 1097 1300 Paternitati
1125 1257 1244 1299 Tuae
1275 1257 1552 1311 placiturum,
1587 1259 1636 1299 vt
1669 1256 1714 1298 P.
1740 1256 1850 1298 Hof-

72 1321 197 1364 faeus
229 1325 329 1376 post
359 1321 525 1376 pascha
551 1321 621 1362 uel
645 1321 816 1363 omnino
839 1323 917 1363 fiat
940 1322 1234 1372 ProuintialiS,
1269 1322 1339 1364 cui
1360 1336 1466 1364 sane
1489 1321 1656 1363 muneri
1688 1321 1850 1376 optime

72 1387 207 1430 faciet
229 1387 350 1438 satis,
374 1388 445 1429 uel
467 1386 600 1441 priori
623 1387 717 1428 loco
735 1386 1117 1441 Viceprouintialis
1140 1388 1413 1438 restituatur,
1437 1391 1610 1441 tempus
1632 1387 1850 1433 admonet,

73 1455 122 1495 ut
162 1453 214 1494 de
256 1467 368 1494 nouo
402 1453 602 1502 Rectore,
647 1452 719 1505 qui
757 1452 923 1506 praesit
956 1452 1200 1507 Oeniponti,
1245 1453 1522 1495 deliberetur.
1588 1453 1645 1496 Et
1677 1453 1849 1506 quidem

71 1521 337 1572 optaremus,
372 1518 418 1560 P.
445 1517 783 1559 Wendelinum5
815 1517 904 1559 illic
939 1518 1168 1561 Rectorem
1201 1518 1386 1568 institui,
1431 1533 1528 1560 cum
1560 1533 1645 1560 non
1687 1518 1851 1572 reperi-

71 1598 194 1626 amus
217 1583 573 1625 commodiorem:
607 1583 682 1624 sed
705 1583 934 1636 Augustae
956 1598 1177 1637 nunquam
1200 1584 1273 1626 ille
1295 1584 1436 1637 magis
1460 1584 1731 1626 necessarius
1754 1584 1849 1626 fuit.

70 1649 266 1691 Pendent
314 1662 369 1690 ex
415 1648 488 1690 1110
537 1648 808 1701 Fuggericae
855 1649 1068 1699 familiae,
1119 1649 1412 1691 confessarius
1460 1652 1528 1692 est
1570 1649 1621 1692 D.
1659 1649 1848 1704 Georgij,

70 1714 120 1756 D.
154 1713 338 1756 Joannis
380 1716 424 1756 et
466 1714 517 1756 D.
553 1713 808 1768 Hieronymi
850 1714 1082 1768 Fuggeriss,
1126 1729 1419 1769 magnumque
1460 1716 1591 1756 robur
1634 1717 1678 1757 et
1720 1729 1848 1769 prae-

68 1778 223 1820 sidium
257 1778 430 1821 adferet
462 1779 646 1832 collegio
679 1793 804 1829 nouo,
840 1780 953 1832 quod
984 1780 1303 1834 quamprimum
1335 1780 1404 1822 1110
1437 1784 1643 1823 extruere
1675 1783 1847 1834 parant.

69 1844 249 1886 Nullum
284 1844 482 1886 dabimus
514 1845 786 1897 Augustanis
819 1845 990 1898 quidem
1025 1849 1102 1889 aut
1134 1846 1390 1896 chariorem,
1425 1849 1502 1888 aut
1535 1845 1767 1896 vtiliorem,
1801 1849 1850 1888 ut

68 1909 270 1952 arbitror.
337 1910 495 1952 Dubito
528 1910 676 1963 igitur,
711 1911 1000 1954 conueniatne
1033 1911 1157 1953 bonis
1191 1912 1405 1961 Patronis,
1446 1914 1685 1965 tantaeque
1718 1912 1848 1954 messi

68 1975 227 2017 bonum
260 1975 435 2018 Patrem
479 1975 684 2026 adimere,
728 1979 772 2019 et
804 1977 1038 2019 multorum
1081 1977 1150 2018 hic
1182 1977 1350 2019 animos
1388 1977 1510 2019 illum
1542 1977 1846 2020 transferendo

67 2040 337 2094 perturbare.
401 2041 582 2083 Interim
624 2042 851 2095 permagni
892 2042 1051 2092 refert,
1101 2042 1334 2097 Oeniponti
1374 2043 1606 2085 Rectorem
1655 2057 1704 2085 eo
1753 2044 1848 2085 1000

69 2105 247 2159 dignum
289 2106 487 2159 praefici,
537 2121 634 2148 cum
675 2107 791 2149 inter
832 2110 1062 2161 magnates
1106 2111 1151 2151 et
1192 2109 1355 2150 aulicos
1398 2111 1442 2150 et
1484 2109 1720 2151 Senatores
1761 2109 1848 2151 illic

68 2171 207 2214 nostri
239 2175 482 2222 uersentur,
517 2171 660 2226 sitque
694 2187 792 2215 cum
824 2173 1035 2227 Reginis7
1067 2188 1152 2215 non
1185 2174 1409 2216 minimum
1443 2174 1607 2228 negotij
1640 2175 1847 2224 futurum,

190 2256 218 2281 a)
240 2254 380 2285 Sequitur
400 2252 442 2285 ill,
467 2254 558 2279 oblitt.

69 2348 125 2382 sui
151 2348 322 2393 ipsorum,
358 2359 438 2382 cum
466 2349 624 2383 omnium
651 2349 902 2384 aedificatione
938 2353 974 2384 et
1008 2351 1259 2386 satisfactione
1287 2352 1477 2396 perspecti,
1513 2351 1557 2385 ad
1590 2351 1849 2396 professionem

71 2401 213 2436 admitti
241 2401 390 2435 debenffl
425 2402 463 2444 (1.
484 2414 513 2436 c.
533 2402 573 2436 P.
590 2402 643 2445 10,
670 2415 703 2437 0.
725 2404 774 2446 7).

193 2457 203 2475 ¹
229 2455 270 2488 In
297 2456 454 2497 *„Libr0
482 2455 774 2490 Professionum“
804 2457 949 2501 collegii
976 2457 1010 2492 S.
1032 2458 1065 2492 J.
1093 2458 1390 2501 ingolstadiensis
1416 2458 1482 2492 sub
1510 2470 1541 2492 a.
1564 2458 1653 2492 1572
1687 2460 1850 2492 notatum

72 2510 129 2543 est
155 2507 476 2554 „Christophoruin
496 2509 734 2544 Amschamer
752 2510 1086 2555 Salisburgensem⁴⁴
1111 2511 1304 2547 Societatis
1329 2514 1415 2546 vota
1441 2513 1594 2556 primum
1623 2523 1851 2557 nuncupasse

71 2562 174 2597 Senis
202 2561 340 2606 (Siena)
370 2574 401 2597 a.
421 2563 507 2597 1561
538 2563 594 2597 die
621 2563 734 2598 natali
763 2563 900 2598 Christi
928 2564 1031 2608 (Cod.
1058 2577 1092 2600 0.
1112 2566 1182 2600 270
1210 2565 1427 2599 bibliotheca
1454 2565 1706 2599 universitatis
1732 2577 1851 2600 mona-

70 2615 189 2650 censis
215 2616 241 2649 f.
261 2616 352 2659 26³).

192 2670 204 2689 ²
230 2668 363 2703 Hector
389 2669 531 2714 collegii
568 2670 732 2704 senensis
762 2670 817 2714 (ut
850 2682 895 2704 ex
924 2671 965 2706 R.
993 2672 1033 2706 P.
1062 2674 1166 2706 Petro
1189 2673 1320 2706 Tacchi
1345 2674 1494 2706 Venturi
1520 2671 1554 2707 S.
1571 2672 1604 2707 J.
1631 2673 1801 2716 cognovi)
1831 2685 1851 2707 a

77 2723 106 2757 1.
126 2722 313 2757 Februarii
341 2723 433 2758 1569
460 2735 575 2768 usque
602 2724 646 2758 ad
673 2724 810 2758 exitum
838 2725 979 2760 a.1570
1005 2726 1076 2760 fuit
1101 2726 1140 2760 P.
1160 2725 1369 2771 Alphonsus
1396 2726 1589 2770 Sgariglia.

193 2777 205 2795 ³
231 2777 334 2811 Anno
364 2778 454 2812 1568
489 2778 525 2811 in
553 2777 754 2822 *Catalogyo
787 2778 929 2822 collegii
963 2779 1192 2824 oenipontani
1227 2780 1322 2813 inter
1356 2780 1490 2814 fratres
1524 2779 1637 2814 laicos
1670 2783 1853 2825 comparet

76 2828 300 2870 „Fridericus
328 2831 543 2872 Brabantus,
572 2831 737 2876 Coquus“
770 2831 875 2873 (GSC
903 2833 947 2867 66
984 2832 1008 2867 f.
1037 2833 1152 2877 359³).
1203 2833 1256 2867 De
1285 2833 1353 2868 hoc
1388 2833 1588 2876 „Friderico
1614 2833 1849 2878 Delphtensi“

71 2894 104 2917 v.
126 2884 234 2917 etiam
262 2895 371 2928 supra
396 2895 429 2929 p.
452 2884 546 2927 1432,
574 2887 610 2919 et
633 2886 717 2919 Can.
738 2885 789 2919 IV
807 2885 887 2920 372.

192 2939 203 2956 ⁴
230 2936 322 2970 Vide
349 2948 440 2981 quae
467 2938 510 2972 de
536 2937 604 2972 hac
631 2951 669 2972 re
696 2939 762 2972 sub
790 2940 888 2983 ipsas
914 2938 981 2972 has
1007 2939 1150 2974 litteras
1177 2940 1352 2974 dicentur.
1499 2941 1512 2961 ⁵
1531 2940 1658 2975 Volck.

193 2990 205 3009 Β
233 2990 475 3035 Hieronymus
504 2991 775 3036 (1533—1573)
803 2992 900 3026 filius
927 2993 1076 3027 Antonii
1103 2994 1129 3028 I.
1156 2993 1315 3038 Fuggeri
1347 2996 1384 3028 et
1409 2995 1536 3029 Annae
1562 2993 1782 3038 Rechlinger
1809 3005 1851 3028 ac

71 3042 185 3076 frater
210 3043 325 3077 Marci
352 3044 425 3085 111„
453 3045 597 3079 Ioannis
624 3046 680 3087 IL,
710 3046 826 3080 Iacobi
856 3046 916 3080 III.
945 3046 1194 3090 Fuggerorum
1222 3050 1311 3082 erat.

193 3097 205 3116 ⁷
231 3096 449 3140 Magdalena
476 3101 512 3132 et
538 3098 688 3134 Helena.
