2044 3335
378 84 475 119 Mon.
503 84 571 118 979
598 83 677 118 sive
707 94 784 117 oen.
808 82 874 126 (7).
915 81 1014 115 Inter
1042 80 1097 114 17.
1115 82 1151 114 et
1176 78 1231 114 30.
1250 75 1459 112 Decembris
1487 74 1589 110 1567.
1774 74 1854 115 611

96 199 202 236 979
230 200 308 234 sive
336 208 455 235 oen.
478 197 578 244 (7).
651 197 755 234 Inter
781 196 828 232 17.
848 198 884 232 et
910 196 967 232 30.
986 193 1196 231 Decembris
1222 192 1315 230 1567.

214 259 270 293 Ex
296 258 530 304 autographo.
582 258 625 294 G.
644 258 707 303 Ep.
730 257 778 291 IX
803 258 828 291 f.
850 255 1046 292 190—191.

219 319 387 353 Canisius
408 319 598 362 Oeniponte
617 318 818 361 praepositi
840 317 1018 359 yeneralis
1042 315 1183 348 nomine
1209 324 1286 346 cum
1312 311 1566 345 archidiac-isses
1591 308 1674 352 ayit.
1712 306 1861 351 Μοιράω-

97 373 177 405 lena
203 383 280 405 cum
305 372 380 405 suis
401 371 585 405 Canisium
612 372 717 404 totius
736 371 866 413 negotii
890 371 965 411 fere
991 371 1171 401 auctorem
1198 377 1268 399 esse
1289 369 1415 409 putat;
1439 364 1499 397 sed
1523 363 1663 396 tandein
1682 361 1860 401 consentit,

98 430 147 468 ut,
174 436 262 469 quae
287 425 326 458 P.
353 426 488 468 Dyr-sio
508 428 653 468 peccata
681 423 947 465 confitebantur,
978 425 1125 465 praeter
1150 421 1276 462 ipsam,
1312 418 1351 451 P.
1371 418 1582 451 Hetzcovaeo
1608 415 1864 457 confiteantur;

97 490 208 522 neque
242 483 359 511 tamen
393 479 432 511 id
460 477 691 520 promulyari
725 477 797 509 ruit
831 480 911 509 ante
944 475 1147 507 iubilaemn.
1199 473 1326 505 Rector
1360 471 1401 503 de
1435 471 1489 503 rei
1520 478 1679 502 successa
1713 466 1863 500 dubitat.

103 532 321 565 Conveniunt
339 532 443 564 etiam
462 533 501 564 m
518 531 622 563 haec:
650 530 871 571 Confessarii
887 528 986 561 haud
1003 529 1054 560 ita
1071 536 1174 568 saepe
1191 528 1413 558 arcessentm·
1429 524 1647 565 neyotiorum
1665 521 1865 554 alienorum

100 596 220 619 eausa.
271 585 468 618 Litterulae
493 585 623 617 rectori
647 583 848 616 tradentur.
899 582 958 614 Ex
985 581 1098 614 Sociis
1122 589 1218 612 unus
1244 578 1369 611 cotidie
1402 577 1441 609 in
1468 576 1553 608 aula
1578 585 1721 608 sacrum
1744 572 1865 615 faciet.

100 639 194 671 Loco
218 638 449 680 ferculorum,
486 648 574 680 quae
607 636 759 678 sinyulis
793 635 913 668 diebus
946 634 1038 666 mitti
1071 632 1181 666 solent
1207 632 1339 672 (unztm
1372 640 1440 672 pro
1475 628 1628 670 εοῖῑεῃὶο,
1662 628 1768 659 varia
1795 635 1867 668 pro

100 692 140 725 P.
158 691 406 734 Hetzcovaeo),
433 692 472 723 in
495 694 674 733 posterum
701 690 775 721 alia
793 688 964 729 subsidia,
989 688 1021 719 si
1046 686 1200 726 libuerit,
1227 683 1367 726 colleyio
1386 682 1576 714 dabuntur.
1619 681 1759 713 Interea
1784 688 1864 711 vero

98 745 238 786 fercula
261 755 328 787 per
352 754 463 776 unum
487 743 676 785 famulum,
704 753 774 775 non
799 742 898 783 dicos,
924 741 1115 772 mittentur.
1162 737 1279 770 Causa
1305 735 1470 776 kalensis,
1498 744 1576 766 cum
1602 733 1869 765 archidueissae

104 798 289 831 Cam'sinm
313 801 509 839 suspectum
536 796 769 838 arbitrentur,
796 795 843 827 acl
865 793 1104 837 praepositum
1130 790 1328 834 yeneralem
1356 789 1526 830 defertur.

220 857 269 899 P.
312 857 513 898 Nicolaus
552 856 747 897 Lanoius
787 855 830 896 S.
865 854 906 896 J.
950 853 1108 907 colleyii
1149 849 1421 904 oenipontani
1463 851 1597 889 rector
1640 846 1869 901 Oeniponte

102 926 142 965 (J.
175 922 379 964 Ianuarii
424 923 540 962 156&
579 921 623 962 S.
668 920 895 961 Francisco
936 918 1120 973 Boryiae
1162 915 1400 971 praeposito
1443 913 1633 968 ¹uenerati
1674 911 1869 965 scripsit:

101 988 144 1030 Jl
176 987 224 1030 P.
257 985 528 1028 Prouinciale
559 986 709 1026 nostro
743 998 769 1026 a
792 986 874 1027 .17.
900 983 967 1025 del
999 983 1176 1037 passato
1208 993 1348 1022 venne
1381 993 1407 1021 6
1429 978 1623 1032 Jnsprug
1654 990 1731 1030 per
1756 976 1868 1017 trat-

102 1056 173 1095 tar
205 1051 247 1093 di
278 1052 403 1105 parte
436 1050 478 1092 di
501 1050 567 1093 .V.
592 1049 638 1092 P.
664 1050 705 1091 di
738 1049 838 1103 quel
870 1048 1044 1102 negotio
1078 1046 1217 1089 aulico
1241 1080 1250 1089 .
1275 1047 1319 1087 et
1351 1043 1387 1086 si
1419 1043 1534 1098 parti
1567 1042 1609 1084 di
1632 1055 1716 1095 qua
1739 1056 1765 1083 a
1784 1042 1867 1083 .30.

104 1117 173 1159 del
214 1115 447 1157 medesimo
489 1129 567 1169 per
598 1114 801 1168 Augusta
834 1149 842 1157 .
875 1116 919 1156 et
959 1113 997 1155 si
1036 1114 1174 1155 tratti)
1213 1110 1352 1165 prima
1385 1110 1439 1152 ad
1480 1108 1650 1151 literam
1684 1106 1869 1149 secondo

103 1181 247 1235 quella
288 1180 569 1223 instruttione
604 1182 648 1222 et
689 1180 809 1222 auiso
844 1179 886 1221 di
918 1178 971 1222 V.
1005 1178 1083 1221 P.1
1145 1177 1308 1227 Questa
1348 1173 1607 1217 trattatione
1640 1173 1675 1215 si
1716 1172 1870 1215 sacena

103 1261 181 1302 per
203 1245 357 1296 scritti,
393 1246 432 1288 d'
451 1259 537 1287 una
569 1244 712 1287 banda
735 1247 779 1287 et
811 1244 853 1286 di
885 1244 911 1285 l’
931 1243 1046 1286 altra
1067 1257 1152 1284 non
1175 1255 1305 1283 senza
1330 1239 1563 1292 trauaglio,
1597 1237 1791 1287 tristitia,
1827 1239 1873 1279 et

105 1312 271 1366 sdegnj,
304 1310 591 1365 presumendo
625 1313 668 1353 et
701 1309 978 1362 imaginando
1011 1309 1039 1350 l’
1063 1308 1179 1350 altra
1210 1308 1336 1361 parte
1370 1305 1434 1347 cio
1461 1308 1484 1347 6
1516 1305 1560 1346 16
1582 1303 1758 1345 Ρ1111162
1791 1316 1871 1344 6011

106 1377 200 1419 suoi
241 1376 468 1419 adherenti
507 1376 584 1418 che
625 1375 655 1417 il
688 1374 991 1417 Commissario
1025 1374 1067 1415 di
1109 1375 1265 1426 questa
1297 1372 1460 1413 causa3
1493 1383 1567 1411 era
1601 1371 1655 1412 .1.
1689 1368 1873 1411 authore

107 1442 231 1496 quasi
264 1441 306 1484 di
337 1444 454 1485 tutto
486 1441 516 1483 il
548 1440 738 1494 negotio.
787 1439 885 1481 Non
919 1439 1100 1493 piaeque
1134 1438 1221 1480 alla
1251 1436 1398 1478 Prima
1429 1436 1472 1477 la
1504 1434 1798 1489 propositione
1831 1433 1873 1476 di

107 1510 386 1551 contentarse
419 1521 499 1549 6011
530 1520 588 1548 vn
620 1506 711 1548 solo
745 1505 1002 1547 Confessore
1017 1505 1046 1555 4,
1090 1517 1136 1545 se
1169 1517 1254 1545 non
1292 1502 1407 1543 forse
1441 1500 1539 1554 quel
1571 1500 1663 1542 solo
1695 1499 1812 1541 fosse
1843 1498 1872 1541 il

108 1588 199 1624 suo,
232 1573 316 1615 ben
348 1572 426 1615 che
456 1572 707 1614 finalmente
740 1586 825 1613 non
857 1570 993 1612 hebbe
1025 1569 1081 1611 lei
1112 1582 1191 1623 per
1222 1567 1349 1618 male,
1384 1566 1462 1608 che
1494 1566 1524 1607 il
1548 1565 1741 1607 Secondo
1774 1577 1874 1606 sen-

108 1639 214 1682 tisse
237 1639 277 1680 16
299 1637 557 1680 confessioni
581 1637 622 1679 di
644 1639 759 1680 tutte
783 1636 924 1690 quelle
956 1648 1139 1689 persone
1163 1634 1240 1676 che
1262 1633 1319 1674 fin
1343 1631 1413 1685 quj
1441 1631 1477 1673 si
1500 1644 1604 1673 sono
1628 1630 1876 1672 confessate

110 1705 150 1747 al
175 1704 318 1745 Primo
351 1705 521 1746 eccetta
554 1716 651 1745 essa
673 1702 819 1744 Prima
843 1737 851 1745 .
876 1699 1194 1743 nientedimeno
1228 1712 1314 1740 non
1346 1698 1380 1739 si
1415 1699 1437 1739 6
1463 1696 1626 1738 61161101
1656 1695 1875 1750 publicato

108 1770 137 1812 il
171 1769 234 1811 tal
255 1768 453 1811 Jubileo‘*
485 1766 561 1823 [?],
596 1782 680 1810 non
707 1767 892 1809 volendo
925 1766 968 1808 la
989 1765 1148 1815 Prima,
1182 1763 1406 1806 introdure
1439 1763 1594 1815 questa
1625 1761 1775 1803 nouita
1806 1760 1877 1802 nel

110 1838 255 1889 tempo
290 1834 366 1876 6116
398 1834 433 1876 si
467 1833 703 1877 attendono
737 1847 763 1875 a
795 1832 1051 1886 guadagnar
1083 1830 1114 1872 il
1148 1829 1343 1873 Giubileo
1377 1828 1418 1870 di
1452 1828 1493 1872 S.
1518 1828 1587 1870 S.5
1633 1826 1876 1869 Vederemo

112 1901 190 1942 che
222 1900 259 1941 si
291 1900 387 1942 fara
419 1913 497 1953 per
528 1900 555 1941 Γ
579 1898 785 1941 61111611116
817 1898 861 1940 111
895 1898 1050 1950 questa
1081 1898 1222 1950 parte.
1269 1894 1470 1936 Nessuno
1504 1906 1605 1934 sara
1637 1892 1828 1934 sforzato
1851 1905 1879 1933 a

111 1966 206 2008 fare
237 1965 281 2007 la
312 1965 375 2008 tal
407 1964 661 2014 mutatione,
696 1967 740 2006 et
772 1964 808 2006 si
842 1963 968 2005 crede
1000 1961 1346 2016 probabilmente
1369 1957 1499 2001 cheli
1522 1958 1618 2012 capi
1650 1956 1877 2012 principali

111 2045 197 2073 non
228 2044 446 2072 vorranno
478 2043 658 2085 passare
691 2030 762 2072 dal
795 2028 1010 2082 graduato
1044 2041 1069 2069 a
1101 2027 1244 2080 quello
1272 2025 1349 2068 che
1371 2039 1456 2067 non
1489 2024 1635 2066 tienne
1667 2024 1803 2077 grado
1835 2022 1878 2064 in

112 2096 298 2138 6161111116
339 2095 561 2137 academia
602 2098 646 2138 et
687 2095 878 2137 anchora
919 2107 996 2147 per
1036 2090 1322 2134 conformarsi
1362 2090 1403 2132 le
1445 2089 1639 2131 membra
1671 2089 1711 2131 al
1756 2101 1876 2142 capo.

112 2162 283 2211 Quanto
317 2161 358 2203 al
394 2163 598 2215 presente
630 2160 666 2202 si
700 2174 722 2202 e
755 2160 868 2203 fatto
903 2158 1103 2201 accordio
1137 2158 1214 2199 che
1247 2156 1276 2198 li
1308 2155 1447 2198 nostri
1479 2169 1563 2197 non
1596 2154 1632 2196 si
1665 2153 1879 2196 chiamino

113 2227 168 2269 da
209 2226 351 2280 quelle
391 2240 575 2280 persone
615 2225 844 2280 principali
877 2227 921 2267 et
954 2223 1092 2266 anche
1125 2237 1210 2265 non
1241 2220 1470 2276 principali
1512 2222 1636 2262 tanto
1669 2221 1880 2261 souuente

114 2306 234 2334 come
272 2292 476 2333 soleuano
510 2305 629 2333 esser
661 2290 864 2333 chiamati
906 2303 983 2344 per
1014 2288 1177 2342 negotij
1220 2285 1538 2341 impertinenti;
1581 2285 1623 2327 al
1662 2284 1802 2327 officio
1836 2286 1882 2326 et

113 2357 315 2400 instituto
349 2357 450 2398 delli
481 2355 632 2407 nostri,
668 2358 712 2398 et
745 2356 822 2397 che
855 2355 895 2397 16
918 2353 1086 2397 cartille
1110 2354 1188 2396 che
1210 2353 1246 2394 si
1278 2352 1494 2394 mandano
1518 2350 1593 2392 alli
1613 2349 1751 2392 nostri
1773 2363 1881 2391 ven-

114 2437 227 2476 86110
260 2422 400 2476 prima
431 2422 516 2464 alle
548 2421 663 2475 111611]
698 2420 767 2462 (161
791 2420 973 2463 Rettore
1005 2422 1049 2461 et
1081 2419 1160 2460 che
1182 2418 1217 2460 si
1251 2416 1500 2459 contentino
1534 2416 1674 2468 quelle
1696 2428 1881 2469 persone

115 2503 195 2530 con
227 2502 314 2530 vna
345 2501 489 2529 messa
521 2486 621 2540 ogni
664 2486 706 2528 di
747 2486 849 2528 delli
889 2484 1039 2535 nostri,
1083 2484 1193 2526 Item
1227 2483 1305 2524 che
1337 2482 1368 2524 11
1399 2481 1550 2523 fercoli
1583 2480 1661 2522 che
1694 2481 1730 2522 si
1762 2494 1880 2522 man-

115 2554 227 2595 dano
260 2552 361 2606 ogni
393 2552 544 2606 giorno
578 2552 664 2594 alla
696 2551 862 2594 matina
894 2564 979 2591 vno
1011 2563 1089 2604 per
1120 2549 1150 2590 il
1177 2547 1368 2600 Collegio
1402 2549 1446 2589 et
1480 2546 1639 2588 diuersi
1671 2546 1772 2600 altrj
1804 2559 1883 2600 per

235 2629 263 2659 a)
283 2628 424 2659 Equidem
445 2628 561 2657 conicio,
581 2627 632 2652 hoc
651 2627 709 2651 Ioco
729 2626 873 2651 Lanoium
894 2625 1061 2655 iubilaeum,
1081 2624 1155 2655 quod
1171 2623 1307 2655 prooei'me
1321 2625 1597 2647 commemoraturus
1610 2624 1683 2652 erat,
1702 2621 1887 2652 coqstantem,

115 2671 200 2702 lapsu
225 2670 349 2702 quodam
374 2670 479 2694 calami
498 2669 652 2702 scripsisse
672 2667 793 2693 Jubileo
814 2675 868 2698 pro
888 2664 1107 2692 cambiamento
1129 2666 1173 2690 vel
1192 2663 1401 2690 stabilimento
1426 2664 1466 2688 vel
1488 2661 1625 2688 aecordio
1646 2663 1690 2687 vel
1709 2663 1768 2687 αῖίο
1788 2663 1884 2693 verbo,

116 2712 189 2743 ‹111th
209 2712 336 2736 scribere
358 2711 446 2735 voluit
469 2711 510 2735 rel
530 2711 636 2735 debuit.
881 2717 883 2719 ·

241 2814 249 2833 ¹
275 2813 378 2847 Hanc
404 2811 556 2855 Borgiae
582 2810 844 2845 institutionem
870 2821 904 2843 v.
931 2820 1041 2853 supra
1066 2820 1099 2853 p.
1122 2807 1200 2843 107.

238 2867 249 2886 ²
276 2865 491 2909 Magdalena
517 2863 772 2898 archiducissa.
920 2863 932 2883 ³
959 2861 1135 2896 canisius.

238 2921 250 2939 ⁴
278 2919 366 2953 Cum
400 2917 638 2962 Magdalenae
673 2917 712 2951 P.
740 2917 891 2951 loannes
917 2915 1081 2960 Dyrsius‚
1117 2913 1275 2948 Helenae
1307 2912 1420 2948 sorori
1447 2912 1522 2947 eius
1550 2913 1588 2947 P.
1616 2912 1752 2947 Paulus
1777 2911 1886 2946 Hetz-

118 2984 274 3007 covaeus
300 2984 320 3007 a
346 2972 459 3006 sacris
485 2969 769 3005 confessionibus
798 2972 928 3011 essent,
956 2968 1121 3003 Canisius
1147 2967 1289 3002 nomine
1315 2966 1467 3010 Borgiae
1502 2965 1756 3001 archiducissis
1792 2977 1884 3000 com—

118 3026 319 3067 mendabat,
345 3028 386 3060 ut
410 3037 473 3070 pro
498 3024 571 3059 illis
596 3024 714 3068 ipsum
740 3023 912 3057 Lanoium
938 3022 1170 3056 admitterent
1195 3021 1473 3062 confessarium;
1501 3032 1535 3055 v.
1562 3032 1670 3065 supra
1695 3032 1728 3065 p.
1758 3021 1835 3055 149.

239 3081 251 3100 ⁵
277 3079 329 3113 De
354 3078 422 3113 hoc
447 3078 600 3112 iubilaeo
627 3089 648 3111 a
674 3076 708 3111 S.
734 3076 799 3110 Pio
826 3076 869 3111 V.
896 3087 1065 3110 concesso
1091 3087 1125 3110 v.
1154 3086 1263 3120 supra
1288 3086 1322 3119 p.
1351 3074 1417 3109 128
1444 3076 1480 3108 et
1505 3074 1599 3108 infra
1625 3085 1658 3119 p.
1685 3074 1765 3109 612.

1528 3134 1600 3168 39*
