2044 3335
200 100 282 140 144
709 96 811 130 1545.
839 95 873 130 S.
898 95 1112 130 Franciscus
1139 95 1290 139 Borgias
1317 95 1472 131 Canisio.

198 218 300 258 cant
341 215 417 257 uix
458 214 496 256 ei
539 215 672 256 ullum
715 213 911 256 futurum
953 214 1190 256 remedium
1222 214 1266 256 in
1298 217 1449 257 nostra
1481 213 1718 269 prouincia,
1760 213 1971 267 siquidem

199 295 294 323 cum
333 279 629 334 superioribus
671 282 739 321 est
781 278 1002 321 contentio
1035 278 1285 333 majoribus,
1328 293 1414 321 non
1455 279 1595 321 solum
1637 279 1886 330 minoribus,
1929 281 1974 321 et

197 345 263 389 ita
295 346 537 394 obfirmata,
572 347 621 386 ut
648 343 738 397 jam
771 343 976 386 videatur
1008 344 1166 386 callum
1200 343 1446 394 obduxisse,
1480 347 1525 387 et
1557 357 1683 387 omne
1705 347 1972 397 vnguentum

198 423 418 464 respuere.
481 409 692 451 Retracto
733 408 882 461 itaque
923 409 965 450 id
1008 409 1122 462 quod
1164 409 1272 451 meis
1305 408 1498 462 consilijs
1529 409 1743 451 hactenus
1775 409 1973 462 suggessi

200 475 253 517 de
293 475 401 528 ipso,
445 476 490 516 et
531 473 574 515 id
612 487 744 515 vnum
773 473 919 527 judico
952 473 1272 528 procurandum
1306 474 1419 527 quod
1452 474 1545 528 ipse
1576 474 1794 517 interdum
1828 488 1974 516 coram

199 539 411 583 fratribus
444 552 674 593 erumpens
707 538 926 592 significat
959 552 1005 580 se
1028 553 1200 593 cupere,
1234 553 1389 592 nempe
1420 539 1531 582 utin
1555 539 1685 581 aliam
1707 539 1974 594 prouinciam

201 605 374 658 migret,
409 604 494 646 erit
526 603 739 656 siquidem
771 603 892 646 vtilis
924 603 967 645 in
1000 603 1241 646 ministerio
1274 604 1533 657 Vbicumque
1566 604 1650 647 erit
1675 604 1768 646 sine
1793 604 1875 646 hac
1897 604 1976 647 tri-

201 669 436 720 bulatione,
482 669 621 711 bonus
666 668 856 721 alioquin
902 671 1071 723 pater¹.
1135 669 1429 711 Particulares
1473 669 1678 711 historias
1722 683 1779 712 ex
1823 668 1976 722 quibus

201 735 283 777 hae
317 735 590 776 deducuntur
622 734 933 784 conclusiones,
968 736 1148 776 enarrat
1173 733 1263 776 suis
1285 734 1423 776 literis
1446 734 1491 777 P.
1518 734 1738 776 Gerardus
1759 747 1815 775 ex
1836 736 1975 788 parte.

201 800 244 842 id
277 800 516 842 addiderim
548 798 786 853 praedictis
818 798 968 841 forsan
1000 799 1239 841 remedium
1271 799 1352 841 hoc
1381 813 1476 841 esse
1499 799 1832 854 properandum,
1865 799 1977 841 sicut

201 865 367 908 factum
401 868 470 907 est
501 864 545 906 in
578 863 728 918 primo.
779 864 837 906 Et
869 864 1006 918 uiderj
1040 863 1143 906 mihi
1176 864 1298 906 saluo
1327 864 1488 918 judicio
1522 879 1570 907 s.
1603 864 1875 906 obedientiae
1897 863 1976 905 has

203 944 323 972 meas
356 929 508 972 literas
541 932 585 971 et
606 929 653 971 P.
680 929 861 971 Gerardi
893 930 945 970 de
968 930 1134 980 eodem,
1168 943 1264 971 esse
1287 929 1602 984 quamprimum
1626 929 1810 971 Romam
1830 931 1977 971 trans-

204 995 440 1038 mittendas
479 995 533 1036 ad
568 994 612 1037 P.
643 994 902 1036 Generalem
934 997 1146 1038 nostrum.
1211 994 1277 1037 Sit
1309 994 1507 1036 dominus
1539 994 1775 1045 nobiscum,
1818 994 1973 1036 Amen.

203 1061 249 1103 F.
285 1062 324 1103 6.
359 1061 482 1104 Dom.
519 1062 559 1101 2Θ
591 1059 849 1101 Aduentus2
886 1061 996 1101 1567
1032 1059 1234 1113 Dilingae

1012 1124 1126 1166 filius
1158 1124 1201 1166 in
1235 1124 1404 1167 Christo

1453 1184 1480 1235 ἦ·
1514 1183 1565 1226 A.
1600 1183 1783 1226 Pisanus
1814 1185 1855 1236 †.

322 1260 481 1302 ihesus.
526 1259 782 1302 Reuerendo
810 1260 1040 1301 admodum
1063 1260 1106 1302 in
1130 1260 1301 1302 Christo
1325 1260 1440 1314 patri
1464 1260 1630 1303 doctori
1653 1260 1783 1303 Petro
1806 1259 1977 1302 Canisio

204 1325 454 1380 praeposito
478 1325 732 1379 prouinciali
756 1325 988 1368 Societatis
1010 1326 1038 1368 J
1041 1339 1118 1367 esu
1139 1325 1183 1366 in
1206 1325 1427 1380 Superiori
1451 1325 1698 1369 Germania.
1735 1326 1976 1379 Augustae,

205 1391 273 1432 uel
310 1390 566 1444 vbicumque
599 1390 743 1433 fuerit.
1907 1396 1911 1400 ”

326 1471 493 1507 canisius
519 1471 603 1506 huic
630 1471 856 1516 inscriptioni
882 1483 949 1505 sua
976 1483 1084 1506 manu
1112 1472 1300 1516 ascripsit:
1332 1472 1404 1514 „De
1424 1471 1555 1506 Ioanne
1574 1471 1691 1515 Anglo
1718 1474 1754 1506 et
1779 1472 1821 1506 D.
1841 1471 1978 1506 Thoma

206 1524 408 1568 Dilingae“,
444 1527 553 1569 atque
584 1526 683 1570 ipsas
710 1525 853 1559 litteras
881 1544 925 1548 ——
952 1525 986 1558 id
1014 1525 1107 1569 quod
1135 1524 1291 1559 Pisanus
1316 1525 1471 1570 petierat
1499 1544 1540 1549 —
1568 1524 1718 1559 Romam
1744 1525 1787 1559 ad
1814 1525 1849 1560 S.
1871 1525 1977 1560 Fran-

206 1578 342 1612 ciscum
369 1578 539 1622 Borgiam
565 1578 811 1624 praepositum
837 1578 1044 1621 generalem
1070 1578 1180 1613 misit.

206 1693 355 1731 1545.
429 1692 736 1730 SANCTUS
760 1692 1190 1729 FRANGISCUS
1214 1692 1526 1730 BGRGIAS
1551 1694 1778 1739 praepositus
1796 1693 1978 1738 generalis

398 1748 590 1783 Societatis
618 1748 698 1782 Iesu
725 1747 928 1782 CANISIO.
1372 1747 1484 1782 Roma
1513 1749 1567 1782 17.
1587 1747 1797 1782 Decembris
1825 1748 1927 1782 1567.

327 1813 382 1847 Ex
400 1812 606 1858 apographo
625 1813 736 1847 eiusd.
756 1814 882 1857 temp.;
910 1812 945 1846 in
964 1812 1138 1856 margine,
1157 1812 1280 1846 eadem
1299 1823 1424 1846 manu:
1453 1812 1558 1857 „Sup.
1579 1812 1771 1847 Germania
1790 1812 1829 1846 P.
1849 1811 1977 1846 Dottor

208 1865 361 1907 Canisio,
390 1866 650 1901 Prouinciale“.
695 1866 814 1900 Germ.
843 1866 885 1899 67
914 1865 939 1900 f.
966 1864 1040 1900 90¹³.

329 1932 400 1972 Qui
433 1931 560 1975 quibus
593 1942 669 1964 cum
705 1931 974 1964 condicionibus
1003 1931 1261 1973 professionem
1288 1932 1309 1963 4
1343 1931 1394 1963 rel
1428 1933 1449 1963 3
1475 1935 1635 1964 votorum
1667 1931 1787 1971 facere
1811 1931 1977 1968 debeant:

207 1986 270 2028 qui
303 1986 339 2018 in
368 1996 555 2018 numerum
581 1986 831 2018 coadiutorum
856 1985 1105 2027 spiritualium
1131 1985 1372 2026 formatorum
1402 1985 1596 2017 asciscendi
1619 1986 1712 2025 sz'ut;
1747 1985 1809 2028 qui
1840 1995 1977 2027 exspec-

207 2043 285 2071 tare
311 2039 466 2072 debeant.

326 2109 362 2150 Il
385 2109 525 2151 Padre
549 2109 746 2163 Gasparss
778 2109 921 2162 Anglo
944 2108 980 2149 si
1003 2111 1086 2162 puo
1109 2107 1178 2150 far
1198 2108 1396 2162 professo
1420 2109 1472 2150 de
1495 2111 1534 2151 4.
1559 2108 1649 2151 uoti
1662 2109 1692 2159 4,
1717 2108 1976 2162 aspettando

208 2189 289 2228 pur
320 2189 377 2216 un
409 2188 532 2228 poco.

335 2293 342 2311 ¹
369 2291 421 2325 De
448 2291 525 2336 ipso
554 2291 592 2325 P.
612 2291 744 2325 Pisano
763 2290 802 2324 P.
823 2292 1062 2324 Theudoricus
1079 2292 1246 2325 Cauz'sius
1272 2292 1388 2324 rector
1407 2290 1551 2333 Dilinga
1577 2291 1632 2324 21.
1651 2289 1865 2324 Novembris
1887 2290 1975 2324 1567

210 2345 254 2378 ad
282 2345 315 2379 S.
335 2345 567 2379 Franciscum
595 2344 763 2388 Borgiam
791 2343 980 2377 *rettulit:
1021 2343 1177 2385 „Diebus
1204 2343 1400 2377 Dominicis
1430 2344 1541 2377 latine
1567 2343 1798 2377 concionatur
1823 2343 1859 2376 in
1886 2343 1976 2377 Aca-

210 2398 336 2439 demia,
364 2398 496 2442 partim
516 2397 754 2441 Euangelium
773 2397 904 2441 partim
924 2397 1183 2441 professionem
1212 2396 1305 2436 fidei,
1334 2398 1373 2430 vt
1398 2408 1419 2430 a
1446 2397 1502 2441 pio
1528 2399 1593 2438 ΙΙΙ]
1621 2396 1716 2430 edita
1742 2399 1807 2437 est,
1835 2396 1976 2437 docens,

208 2463 277 2484 non
304 2452 381 2484 sine
408 2450 656 2484 aedificatione
683 2450 899 2484 multorum⁴⁴
929 2450 991 2492 (ex
1017 2452 1178 2492 autogr.;
1206 2450 1248 2484 G.
1275 2449 1340 2494 Ep.
1359 2449 1445 2483 Vlll
1471 2449 1496 2484 f.
1519 2449 1732 2492 145—146).

330 2506 342 2524 '²
368 2505 434 2538 Die
463 2505 516 2538 1⁴2.
544 2504 765 2538 Decembris.
911 2504 924 2523 ³
950 2503 1147 2537 Haivodus.

330 2560 341 2577 ⁴
368 2557 421 2591 De
456 2559 552 2591 votis
579 2558 824 2601 professorum
852 2558 887 2590 et
913 2557 1159 2591 coadiutorum
1186 2568 1221 2590 v.
1248 2567 1357 2601 supra
1383 2567 1417 2600 p.
1438 2556 1517 2590 116.
1567 2557 1686 2589 Iulius
1711 2557 1782 2590 III.
1809 2556 1845 2589 in
1871 2555 1976 2590 Bulla

211 2610 323 2644 Roma
349 2611 405 2644 21.
433 2610 514 2644 Iulii
543 2611 634 2644 1550
661 2611 745 2644 data
772 2609 1028 2643 constituerat:
1070 2609 1230 2654 „Propi-ij
1258 2609 1431 2652 cuiusque
1458 2609 1593 2652 gradus
1618 2608 1800 2649 iudicium,
1839 2611 1875 2642 et
1900 2609 1975 2643 offi-

211 2663 343 2696 ciorum
371 2663 539 2697 discretio
566 2675 607 2697 ac
634 2663 839 2697 distributio
865 2665 943 2696 tota
969 2663 1018 2696 sit
1044 2664 1079 2696 in
1107 2674 1213 2696 manu
1234 2662 1434 2706 Praepositi
1454 2661 1652 2702 Generalis,
1680 2689 1686 2696 .
1709 2689 1715 2695 .
1735 2688 1742 2695 .
1770 2661 1829 2695 vel
1854 2673 1975 2696 eorum

211 2727 299 2759 quos
335 2717 410 2760 ipse
445 2717 512 2750 sibi
548 2728 589 2750 ea
625 2727 705 2750 cum
741 2716 956 2750 anctoritate
982 2716 1229 2750 substituerit“
1262 2715 1438 2758 (Litterae
1464 2715 1682 2759 apostolicae
1709 2717 1776 2749 etc.
1804 2715 1877 2758 61).
1929 2715 1975 2749 Et

211 2771 249 2803 S.
276 2770 439 2811 Iyuatius
473 2772 725 2814 praeceperat:
765 2769 1018 2813 „Praepositus
1046 2768 1232 2803 Generalis
1268 2780 1331 2813 per
1356 2780 1396 2802 se
1430 2770 1466 2802 et
1491 2780 1554 2812 per
1579 2768 1668 2802 alios
1695 2768 1884 2802 admittere
1912 2795 1918 2802 .
1940 2795 1946 2801 .
1968 2795 1974 2802 .

210 2824 342 2866 poterit
367 2834 436 2862 eos,
464 2823 522 2865 qui
551 2823 594 2856 ad
623 2823 832 2856 institutum
860 2822 1050 2856 Societatis
1077 2823 1108 2855 ei
1134 2821 1252 2855 idonei
1280 2821 1514 2860 videbuntur;
1542 2821 1620 2855 sive
1646 2821 1690 2854 ad
1717 2822 1974 2867 probationem,

210 2875 287 2909 sive
314 2875 358 2908 ad
384 2875 652 2919 professionem,
684 2876 762 2909 sive
789 2877 824 2908 in
851 2874 1084 2909 Coadiutores
1110 2875 1294 2914 formatos,
1321 2874 1380 2908 vel
1407 2874 1648 2908 Scholasticos
1674 2875 1890 2919 approbatos
1915 2874 1976 2908 ad-

211 2928 404 2961 mittendos
431 2930 595 2962 censeat“
629 2928 929 2971 (Constitutiones
957 2928 990 2962 S.
1016 2929 1049 2962 J.
1076 2929 1115 2963 P.
1143 2929 1175 2969 9,
1203 2939 1232 2962 c.
1260 2928 1291 2968 3,
1318 2939 1352 2962 n.
1379 2927 1425 2970 1).
1464 2926 1540 2968 Quo
1567 2930 1686 2961 autem
1713 2930 1873 2972 tempore
1898 2939 1976 2972 pro-

212 2980 321 3014 fessio
348 2980 513 3014 facienda
540 2984 646 3021 esset,
674 2993 789 3024 neque
815 2981 948 3015 litteris
975 2981 1178 3025 pontificiis,
1217 2992 1333 3024 neque
1359 2980 1675 3014 constitutionibus
1701 2981 1892 3015 Societatis
1918 2980 1976 3014 de-

212 3033 351 3067 finitum
388 3036 483 3073 erat:
522 3035 630 3076 atque
669 3035 866 3067 Concilium
898 3035 1148 3067 Tridentiuum
1183 3033 1300 3078 planis
1336 3033 1456 3066 verbis
1490 3033 1772 3077 significaverat,
1809 3033 1903 3067 nolle
1937 3044 1976 3066 se

212 3089 402 3131 praecepto
430 3098 471 3119 ea
497 3086 539 3119 de
566 3098 603 3119 re
630 3098 650 3119 a
676 3098 715 3120 se
741 3086 823 3120 dato
851 3087 1067 3121 Societatem
1093 3086 1393 3131 comprehendere
1422 3086 1526 3129 (sess.
1554 3086 1608 3128 25,
1636 3087 1678 3120 de
1703 3097 1777 3129 reg.
1805 3097 1834 3120 c.
1855 3086 1926 3129 16).
