2044 3335
169 109 253 151 694
569 106 663 140 Mon.
694 104 923 139 1040—1041
951 104 1030 138 sive
1055 104 1124 138 litt.
1145 103 1368 148 (35)—(36).
1414 105 1514 140 1570.

168 220 305 256 1040
333 222 410 255 sive
437 219 545 255 litt.
566 217 700 263 (35).
767 217 861 253 1570.

287 281 425 313 Canisit'
453 277 642 322 „Summeff‘
671 279 780 310 latine
807 278 1045 311 Salmanticae
1071 289 1146 311 cum
1174 279 1336 322 Philippi
1361 281 1412 313 II.
1437 282 1530 323 reyt's
1564 281 1705 313 licentia
1741 281 1779 313 ‘in
1815 281 1926 314 lucem

167 335 336 366 emittitur
362 337 391 365 et
412 333 527 375 pretio
554 331 597 363 ab
622 332 699 373 'ipso
725 332 871 364 consilio
897 332 993 373 reyio
1019 333 1205 365 constituto
1231 333 1404 366 venditur.

287 390 474 432 „SVMMA
494 390 496 431 Ι
516 388 788 423 DOCTRINAE
808 389 810 433 Ι
829 388 1151 423 CHRISTIANAE
1166 389 1259 424 PER
1276 391 1278 397 '
1297 389 1626 432 QVAESTIONES
1644 390 1780 425 LVCV-
1797 389 1800 435 Ι
1818 390 1924 424 LEN-

165 443 257 476 TER
284 442 498 476 CONSGRI-
522 443 525 485 Ι
550 441 651 481 ΡΤΑ,
676 444 679 484 Ι
702 441 805 476 Nunc
840 442 982 476 demum
1018 443 1201 486 recognita
1228 444 1257 478 St
1289 443 1516 488 locupletata,
1554 446 1699 478 auctore
1722 444 1726 487 Ι
1750 443 1791 478 D.
1818 444 1924 478 Petro

165 495 316 536 Canisio,
345 494 534 529 Societatis
561 494 668 528 IESV
688 495 878 537 Theologo.
905 498 946 528 vt
969 496 972 537 Ι
997 507 1042 529 ex
1068 496 1144 529 eius
1170 507 1263 530 noua
1288 496 1504 530 Praefatione
1531 496 1720 531 constabit.
1744 497 1749 541 Ι
1773 499 1925 531 Accessit

163 549 246 581 huic
270 550 504 592 reeoym'tc'oni
528 550 734 591 auferor-itas,
761 550 935 582 decretum
959 551 1001 581 (δ’
1015 550 1165 592 prim'le-
1188 549 1193 593 Ι
1213 551 1309 593 yium
1338 551 1566 583 Ferdinandi
1591 552 1679 593 Imp.
1699 553 1742 583 ἐή
1766 550 1926 593 Philippi

163 601 268 643 Reqss
288 602 388 644 Hz'sp.
413 603 416 643 Ι
441 601 541 634 CVM
561 601 794 635 LICENTIA.
820 602 823 642 Ι
847 601 1075 635 Salmantioae
1094 601 1304 636 Excudebat
1323 602 1480 636 Mathias
1499 603 1657 637 Gastius.
1675 601 1678 647 Ι
1697 602 1900 638 M.D.LXX.
1919 603 1922 646 Ι

161 655 334 697 Impensis
363 655 539 697 Gasparz's
564 654 586 687 ιὶ
603 655 841 697 Portonarijs.
867 653 870 698 Ι
894 654 982 688 Esta
1007 654 1152 688 tassado
1171 666 1215 688 en
1232 655 1308 689 real
1325 667 1350 699 y
1367 656 1513 690 mediol*
1558 656 1693 690 Ultima
1718 657 1789 690 tria
1814 655 1925 690 verba

162 718 268 740 manu
294 707 428 751 scripta
455 709 548 741 sunt.
601 707 640 740 In
670 709 772 751 parte
798 708 919 741 infima
945 708 1097 752 paginae
1124 710 1343 752 postremae:
1372 708 1790 753 „SALMANTJGAEl
1818 709 1926 752 Typis

163 760 319 793 Mathiae
349 762 476 803 Gastij.
500 760 504 803 Ι
528 762 635 793 Anno
663 759 789 794 1570.“

279 813 317 847 8⁰
343 813 445 853 min.;
479 814 513 848 ff.
541 814 699 847 numeris
725 815 869 857 signata
898 813 983 853 135;
1017 815 1204 858 praeterea
1230 814 1265 848 ff.
1292 826 1361 848 non
1388 815 1480 858 sign.
1508 815 1543 848 in
1569 815 1670 849 initio
1708 815 1751 849 12
1789 814 1924 858 (addito

160 865 314 909 titulari)
344 869 379 900 et
406 867 441 899 in
466 866 536 900 fine
563 867 594 900 9.

279 919 413 952 Folium
454 919 600 953 titulare
635 919 798 963 sequitur
835 919 872 962 (2
890 920 964 964 pp.)
1007 919 1210 961 „Licencia“
1249 920 1397 954 Matrito
1434 920 1488 954 21.
1525 920 1739 955 Novembris
1780 921 1869 954 1569
1904 931 1924 954 a

160 970 324 1016 Philippo
351 973 394 1006 ΙΙ.
438 972 589 1017 Gaspari
616 972 658 1006 de
685 973 905 1006 Portonariis
936 973 1139 1015 „mercader
1165 973 1208 1007 de
1233 973 1343 1007 libros
1370 973 1494 1007 vezino
1521 974 1563 1007 de
1582 973 1814 1008 Salamanca“
1844 985 1924 1008 con-

161 1036 272 1065 cessa,
311 1037 417 1070 „para
444 1037 512 1070 que
547 1038 611 1070 por
637 1028 714 1059 esta
741 1037 805 1059 vez
841 1026 977 1071 podays
1012 1026 1121 1060 hazer
1150 1026 1325 1071 imprimir
1351 1038 1394 1060 en
1421 1029 1518 1061 estos
1544 1029 1709 1061 nuestros
1734 1038 1865 1072 reynos
1892 1026 1924 1060 el

160 1077 262 1112 dicho
288 1078 412 1120 libro“,
436 1079 456 1113 i.
477 1091 505 1112 e.
523 1079 555 1112 el
578 1079 824 1121 „Catechismo
850 1080 893 1113 de
913 1079 1098 1120 Canisi0“;
1129 1080 1356 1121 ‚mandamos
1383 1091 1451 1124 que
1477 1080 1512 1114 13
1538 1080 1642 1114 dicha
1668 1080 1859 1125 impresion
1885 1092 1924 1114 se

159 1131 253 1174 haga
279 1132 335 1166 del
362 1132 464 1166 dicho
490 1132 579 1166 libro
606 1132 770 1176 original,
797 1144 865 1176 que
891 1145 961 1166 van
988 1132 1195 1167 rubricadas
1222 1133 1325 1167 todas
1351 1133 1405 1167 las
1431 1132 1533 1178 hojas
1551 1145 1574 1178 y
1593 1134 1743 1168 firmado
1762 1133 1796 1167 al
1814 1133 1861 1167 fin
1880 1134 1923 1167 de

159 1184 245 1218 Iuan
271 1185 476 1219 Fernandez
504 1186 546 1219 de
572 1185 728 1219 Herrera
752 1188 898 1220 nuestro
926 1186 1125 1220 Secretario
1161 1186 1203 1220 de
1230 1197 1375 1220 camara
1401 1186 1444 1220 de
1478 1186 1532 1221 los
1559 1198 1627 1230 que
1654 1187 1794 1221 residen
1822 1199 1865 1221 en
1891 1187 1922 1221 el

158 1240 302 1272 nuestro
335 1238 487 1284 consejo,
521 1251 547 1284 y
572 1250 641 1282 que
668 1239 821 1284 despues
848 1240 890 1273 de
924 1239 1098 1284 impresso
1124 1251 1169 1273 no
1195 1251 1233 1273 se
1268 1240 1383 1284 pueda
1410 1240 1544 1273 vender
1569 1240 1605 1273 ni
1632 1241 1747 1274 venda
1773 1241 1829 1274 sin
1855 1252 1923 1285 que

157 1292 311 1336 primero
337 1303 375 1326 se
401 1294 531 1337 trayga
558 1292 591 1326 al
618 1295 764 1327 nuestro
791 1293 933 1338 consejo
962 1292 1189 1337 juntamente
1215 1304 1281 1327 0011
1308 1293 1341 1326 el
1368 1293 1471 1327 dicho
1498 1293 1652 1336 original
1678 1305 1763 1338 para
1791 1305 1859 1337 que
1885 1305 1923 1328 se

158 1355 225 1378 vea
251 1344 281 1378 si
315 1345 350 1378 la
376 1345 480 1379 dicha
515 1345 726 1390 impression
754 1348 832 1380 esta
859 1346 1039 1380 conforme
1066 1357 1086 1380 a
1113 1346 1155 1387 el,
1195 1358 1218 1390 y
1245 1357 1284 1380 se
1311 1357 1350 1380 os
1377 1346 1419 1380 de
1445 1346 1595 1380 licencia
1631 1358 1717 1391 para
1750 1346 1785 1381 lo
1815 1347 1924 1391 poder

158 1398 291 1431 vender
315 1398 437 1433 siendo
464 1400 547 1432 ante
573 1399 676 1433 todas
702 1410 804 1433 cosas
832 1399 977 1433 tassado
1004 1399 1062 1433 efil
1087 1403 1233 1433 nuestro
1252 1399 1395 1444 consejo
1419 1399 1448 1433 el
1477 1400 1596 1444 precio
1615 1411 1635 1433 a
1654 1411 1722 1444 que
1740 1411 1780 1434 se
1798 1401 1922 1434 vuiere

157 1451 201 1484 da
228 1452 360 1485 vender
390 1452 478 1486 cada
513 1452 679 1486 volumen
707 1480 713 1486 .
735 1479 742 1486 .
763 1480 770 1486 .
797 1453 839 1486 D.
868 1452 1069 1487 Cardinalis
1105 1452 1252 1495 Segunt.
1271 1454 1281 1473 ¹
1320 1452 1363 1486 El
1388 1452 1599 1487 Licenciado
1626 1453 1836 1488 Menchaca.
1880 1453 1922 1487 El

157 1503 289 1539 Doctor
315 1504 427 1548 Die-go
455 1505 582 1540 Gasco.
619 1505 660 1539 El
688 1505 820 1540 Doctor
838 1505 1019 1549 Durango.
1059 1506 1101 1539 El
1120 1505 1331 1540 Licenciado
1350 1506 1464 1540 Pedro
1485 1505 1612 1541 Gasco.
1650 1506 1692 1540 El
1711 1506 1921 1540 Licenciado

156 1558 243 1591 Iuan
269 1558 456 1592 Thomas.“
502 1559 738 1601 „Licentianff
770 1562 970 1603 sequuntur
998 1559 1035 1601 (4
1052 1559 1126 1604 pp.)
1157 1559 1403 1603 Christophori
1431 1559 1589 1593 Plautini
1615 1559 1758 1593 litterae
1785 1559 1923 1594 dedica-

157 1612 269 1645 toriae
296 1612 338 1645 ad
364 1611 567 1657 Philippum
587 1613 631 1646 H.
654 1613 706 1646 12.
727 1612 817 1646 Iunii
848 1613 938 1647 1566
965 1613 1069 1646 datae
1097 1613 1148 1655 (V.
1172 1614 1257 1646 Can.
1276 1612 1309 1647 V
1328 1613 1434 1655 814);
1464 1612 1595 1646 Canisii
1623 1613 1766 1647 litterae
1786 1613 1824 1655 (6
1845 1613 1920 1658 pp.)

159 1665 203 1698 ad
224 1665 454 1699 Colonienses
482 1667 531 1707 (V.
553 1667 639 1700 Can.
660 1666 690 1698 V
713 1666 913 1709 159—163)
931 1680 936 1702 z
965 1665 1081 1700 edicta
1099 1665 1313 1699 Ferdinandi
1332 1666 1355 1699 1.
1378 1666 1433 1700 10.
1452 1665 1658 1700 Decembris
1680 1667 1769 1701 1560
1790 1667 1825 1710 (5
1845 1668 1919 1712 pp.)

160 1721 195 1751 et
221 1718 377 1763 Philippi
413 1719 456 1753 Il.
496 1720 548 1753 16.
576 1718 786 1753 Decembris
823 1720 912 1753 1557
942 1720 979 1763 (4
1005 1720 1078 1764 pp.)
1113 1719 1215 1759 datm
1254 1720 1274 1753 9
1293 1719 1328 1752 ff.
1355 1721 1536 1764 postrema
1567 1719 1763 1761 ‚Indieen1“
1803 1732 1919 1754 rerum

161 1771 422 1816 alphabeticum
452 1772 750 1816 complectuntur.

275 1824 357 1858 Vidi
384 1825 587 1869 exemplum
613 1825 705 1867 libri,
738 1826 831 1869 quod
858 1828 979 1860 exstat
1005 1825 1205 1868 Hamburgi
1235 1825 1453 1868 (Hamburg)
1482 1825 1517 1858 in
1544 1825 1759 1859 bibliotheca
1785 1826 1922 1860 urbana

160 1877 214 1921 (P.
243 1878 284 1913 N.
312 1879 326 1912 1
353 1878 427 1922 66).
477 1879 575 1912 Idem
608 1879 698 1913 liber
724 1881 846 1913 exstat
872 1878 1113 1913 Salmanticae
1139 1880 1175 1913 in
1202 1879 1418 1913 bibliotheca
1444 1879 1693 1913 universitatis
1721 1882 1756 1912 et
1781 1879 1922 1914 Matriti

158 1931 194 1965 in
220 1931 436 1965 bibliotheca
456 1931 577 1966 Sancti
597 1932 732 1966 Isidori.
774 1932 859 1966 Eius
878 1933 1092 1966 mentionem
1120 1933 1265 1966 brevem
1284 1932 1370 1966 fecit
1389 1934 1653 1976 Sommervoyel,
1680 1932 1771 1966 Bibl.
1790 1933 1823 1966 ΙΙ
1842 1934 1921 1968 624.

161 2051 288 2087 1041
315 2053 393 2087 sive
420 2052 687 2098 1111436).
762 2052 856 2089 1570.

279 2114 418 2146 Ccmise'i
445 2114 605 2157 „Parvus
633 2113 893 2147 Cateclze'smus“
921 2115 1030 2147 latine
1060 2115 1174 2147 denno
1205 2115 1322 2147 editur
1349 2102 1564 2157 A)z†z*er]n'cte
1591 2119 1619 2147 et
1650 2114 1848 2148 Cracoi-sae.

278 2172 307 2205 1.
330 2171 713 2214 „INSTITVTIONES
736 2171 1011 2217 §CHRISTIAQ
1031 2172 1108 2206 NAE
1128 2172 1355 2214 PIETATIS,
1379 2172 1381 2216 Ι
1404 2171 1493 2206 SEV
1515 2172 1517 2216 j
1539 2172 1730 2207 PAvas
1757 2173 1894 2207 OATE-
1916 2172 1919 2217 Ι

158 2224 362 2259 CHISMVS
378 2225 552 2259 CATHO-
591 2225 816 2260 LICORVM.
836 2227 838 2270 Ι
856 2228 990 2259 Autore
1006 2226 1112 2259 Petro
1129 2225 1270 2259 Oanisio
1290 2225 1418 2260 Societ.
1437 2225 1439 2269 Ι
1463 2226 1543 2260 Iesu
1558 2225 1751 2269 Theologo.
1769 2226 1771 2269 Ι
1790 2226 1921 2260 Preces

157 2277 307 2311 horariae
326 2278 368 2311 de
386 2278 540 2323 aeterna)
562 2279 626 2312 Dei
648 2305 654 2312 .
674 2278 868 2324 Sapientia.
893 2279 896 2321 Ι
920 2278 1241 2312 ANTVERPIAE.
1264 2280 1268 2321 Ι
1292 2278 1347 2312 Ex
1374 2279 1518 2313 officina
1545 2278 1792 2324 Christophori
1816 2279 1921 2313 Plan-

157 2331 231 2364 tini.
257 2332 259 2373 Ι
284 2331 384 2364 CVM
410 2331 699 2366 PRIVILEGIO.
726 2334 730 2374 Ι
751 2331 975 2366 M.D.LXX.“
1019 2332 1157 2366 Versus
1185 2333 1214 2372 1,
1234 2332 1265 2373 2,
1286 2332 1316 2373 3,
1336 2333 1366 2372 5,
1386 2333 1416 2373 6,
1437 2333 1468 2373 Τ,
1490 2332 1543 2373 10,
1566 2334 1618 2373 11,
1640 2333 1681 2366 15
1701 2332 1798 2366 rubri
1816 2334 1918 2372 sunt:

157 2385 294 2418 accedit
307 2385 450 2428 signum
461 2385 759 2430 typographicum
776 2385 952 2426 Plantini;
972 2386 1049 2419 tota
1064 2385 1249 2434 inscriptio
1264 2385 1390 2428 figuris
1409 2385 1601 2426 hominum,
1619 2386 1757 2428 florum,
1777 2386 1919 2429 frugum

156 2438 191 2471 in
217 2438 353 2480 lignum
380 2439 501 2472 incisis
528 2439 628 2472 velut
653 2439 856 2482 marginata
883 2441 957 2478 est;
986 2439 1063 2479 16⁰3
1091 2450 1149 2483 pp.
1168 2439 1260 2481 sign.
1280 2439 1343 2478 95;
1371 2441 1557 2483 praeterea
1584 2439 1618 2472 in
1638 2439 1738 2472 initio
1757 2439 1778 2473 8
1797 2439 1832 2473 ff.
1851 2450 1918 2473 non

156 2490 247 2533 sign.
270 2491 404 2533 (addito
422 2491 589 2534 titulari).
627 2492 667 2525 In
687 2492 787 2526 initio
805 2492 886 2526 libri
907 2491 1156 2526 Calendarium
1177 2492 1332 2536 positum
1353 2495 1426 2532 est;
1454 2493 1490 2526 in
1508 2492 1578 2526 fine
1597 2495 1792 2526 cernuntur
1810 2492 1920 2526 usita-

156 2543 317 2578 tissimae
352 2544 434 2578 illae
463 2545 715 2579 meditationes
742 2545 940 2579 cotidianae
976 2545 1018 2579 de
1045 2545 1239 2579 virtutibus
1268 2545 1411 2585 Christi,
1448 2557 1572 2590 preces
1598 2547 1681 2579 ante
1717 2545 1919 2579 litterarum

158 2597 406 2631 tractationem
433 2598 637 2632 recitandae
664 2601 751 2639 etc.;
780 2599 823 2632 cf.
851 2610 960 2643 supra
986 2611 1019 2644 p.
1039 2599 1118 2633 670.

276 2649 418 2683 Librum
455 2651 528 2684 vidi
562 2652 783 2696 Antverpiae
818 2652 853 2685 in
888 2652 1012 2685 Museo
1049 2651 1296 2692 Plautiniano,
1331 2652 1423 2695 sign.
1451 2653 1479 2684 A
1509 2651 1622 2692 3053;
1660 2662 1765 2695 quem
1801 2651 1921 2696 posuit

161 2703 423 2746 Sommervoyel,
451 2703 540 2737 Bibl.
560 2704 645 2738 Vlll
674 2705 774 2739 1976.

279 2756 308 2788 2.
342 2757 551 2796 „PARVVS
574 2757 577 2799 Ι
602 2757 822 2791 CATECHI-
846 2758 850 2799 Ι
874 2757 997 2791 SMVS
1026 2757 1248 2791 CATHOLI-
1274 2758 1276 2799 Ι
1301 2756 1477 2797 CORVM,
1508 2756 1638 2791 NVNC
1664 2757 1758 2791 PRI-
1782 2758 1786 2799 Ι
1809 2757 1921 2791 MVM

161 2807 465 2842 INTEGRITATI
491 2809 614 2843 SVAE
633 2811 707 2844 RE·
732 2811 736 2855 Ι
758 2812 911 2855 stitutus,
936 2814 978 2844 Cf
995 2812 1176 2854 sinyulari
1201 2811 1401 2844 authorita-
1421 2812 1425 2852 Ι
1450 2816 1479 2844 te
1498 2812 1621 2844 Sacrce
1643 2811 1775 2844 Caesar.
1814 2811 1891 2844 Ma-
1914 2809 1916 2854 Ι

158 2861 230 2893 fest.
259 2862 380 2894 editus.
404 2861 408 2904 Ι
433 2862 590 2896 Authore
617 2863 657 2896 D.
686 2864 792 2897 Petro
820 2864 971 2905 Canisio,
998 2864 1125 2898 Docto·
1149 2864 1151 2907 Ι
1176 2876 1212 2897 re
1237 2863 1416 2907 Theologo
1444 2862 1633 2897 Societatis
1656 2863 1660 2906 Ι
1684 2863 1801 2898 IESV.
1825 2864 1829 2905 Ι
1853 2865 1919 2897 Ae-

160 2923 286 2945 ce-s‘sere
312 2914 432 2947 Preces
460 2916 641 2958 Hor-(trice,
678 2918 718 2949 de
751 2923 883 2950 (eterna
910 2919 978 2950 Dei
1005 2918 1191 2960 Sapientia
1215 2916 1219 2960 Ι
1243 2916 1351 2951 IESV
1378 2916 1580 2950 CHRISTO
1608 2917 1761 2950 Domino
1788 2920 1918 2959 nostro,

159 2976 234 2997 cum
267 2968 339 3007 μιᾶς
371 2968 374 3008 Ι
406 2969 611 3009 quibusdam
646 2972 686 3001 C<
716 2970 930 3003 Christianis
965 2970 1313 3011 earet-citationibus.l
1344 2969 1629 3010 CRACOVIAE,
1658 2971 1662 3011 Ι
1691 2970 1733 3002 In
1765 2970 1917 3011 Offiee'na

283 3078 291 3097 ¹
318 3076 471 3111 Didacus
498 3078 645 3122 Spinosa
673 3080 860 3124 episcopus
887 3081 1099 3124 seguntinus
1128 3081 1349 3124 (Siguenza).
