2044 3335
116 181 206 216 1571

118 340 205 375 1571

116 500 204 535 1571

117 660 205 696 1571

118 875 207 911 1571

120 1089 208 1124 1571

120 1302 207 1337 1571

121 1576 209 1610 1571

121 1683 209 1718 1571

122 1791 209 1826 1571

120 2003 209 2038 1571

123 2165 209 2199 1571

123 2271 209 2306 1571
255 2291 256 2294 =

122 2432 210 2466 1571

123 2544 210 2579 1571
281 2526 283 2530 ⁴

108 2665 215 2707 1571

148 3125 274 3152 Braun

527 63 616 98 1571
643 64 710 98 sub
737 64 888 99 26.1un.
908 83 952 88 -
973 63 1060 98 1571
1090 66 1245 98 exeunte
1270 75 1375 98 anno.
1731 75 1835 98 xmn

372 179 451 214 Oct.
471 179 527 213 28.

374 338 466 373 Νον.
488 339 517 373 1.

375 497 466 532 Nov.
485 499 519 532 4.

365 658 454 693 Nov.
477 658 531 692 11.

365 875 455 910 Nov.
475 874 529 908 12.

365 1088 457 1122 Nov.
478 1087 532 1122 18.

366 1301 456 1336 Nov.
475 1302 530 1337 25.

383 1576 468 1610 Dec.
488 1576 518 1610 2.

384 1683 469 1718 Dec.
487 1683 520 1718 9.

369 1791 453 1825 Dec.
477 1791 532 1825 16.

368 2004 452 2039 Dec.
478 2005 532 2039 16.

369 2166 454 2200 Dec.
476 2166 532 2201 20.

370 2273 455 2308 Dec.
477 2273 532 2308 21.

370 2433 454 2468 Dec.
476 2434 532 2468 23.

371 2546 455 2581 Dec.
477 2547 534 2582 25.

289 2670 477 2709 exeunte
504 2682 616 2710 anno

660 179 762 214 Dom.
790 179 886 215 XXI.
912 192 946 224 p.
972 179 1075 214 Pent.
1103 181 1139 213 et
1173 179 1229 213 die
1265 178 1325 214 SS.
1350 179 1504 214 Simonis
1539 181 1575 213 et
1600 179 1709 214 Iudae
1736 179 1774 213 C.
1802 179 1835 213 in

721 232 804 267 aula
831 232 1044 267 Ferdinandi
1070 232 1114 266 II.
1134 231 1338 267 archiducis
1365 233 1408 267 de
1434 232 1607 277 apostolis
1633 232 1706 267 illis
1732 234 1769 266 et
1794 232 1836 266 de

721 285 911 330 evangelio
937 285 1144 320 Dominieae
1170 284 1398 320 contionatur
1426 285 1539 329 (628).

662 338 727 372 Die
756 339 925 373 Omnium
951 339 1165 373 Sanctorum
1200 339 1330 373 ibidem
1364 339 1406 372 de
1433 338 1575 373 Sanctis
1601 338 1760 373 colendis
1785 338 1838 372 in-

722 392 968 436 vocandisque
994 391 1082 426 dicit
1107 394 1144 426 et
1169 392 1281 433 varia,
1309 403 1400 436 quae
1427 394 1551 426 contra
1577 392 1755 434 dicuntur,
1785 403 1837 425 re-

721 445 817 479 futat
845 445 958 488 (628).

662 497 764 535 Dom.
783 498 916 534 XXIII.
935 510 970 543 p.
990 498 1092 533 Pent.
1111 497 1242 532 ibidem
1270 498 1500 541 evangelium
1528 499 1597 533 diei
1616 498 1773 543 explicat
1792 499 1838 538 et,

722 563 814 595 quae
850 563 870 586 a
905 551 1191 596 protestantibus
1223 553 1349 586 contra
1384 552 1521 586 cultum
1556 553 1768 587 Sanctorum
1804 553 1840 585 et

722 607 848 640 contra
873 604 1121 650 purgatorium
1148 605 1326 646 dicuntur,
1353 606 1490 639 refutat
1517 606 1631 648 (629).

663 657 764 693 Dom.
784 658 915 693 XXIV.
934 670 967 703 p.
987 659 1090 692 Pent.
1110 659 1146 692 et
1170 658 1263 692 festo
1282 659 1316 693 S.
1336 658 1484 692 Martini
1503 659 1559 693 die
1586 659 1727 701 ibidem,
1745 658 1839 693 Mar-

724 711 792 745 tini
819 712 985 756 exemplo
1010 711 1170 745 breviter
1195 712 1392 756 propositO,
1430 724 1475 746 ex
1507 712 1696 756 evangelio
1722 712 1840 746 Domi-

722 765 825 799 nicae
861 765 1020 799 officium
1055 765 1279 799 condonandi
1314 765 1464 800 iniurias
1499 766 1660 812 explicat
1686 768 1722 800 et
1747 777 1839 800 com-

722 819 868 853 mendat
896 818 1010 862 (629).

665 872 704 906 In
730 872 895 906 sollemni
929 883 1058 917 pompa
1094 874 1239 917 propter
1264 871 1401 907 Turcas
1434 873 1527 918 apud
1554 873 1759 908 Echinadas
1790 873 1840 906 in·

725 925 825 960 sulas
853 924 1046 970 (Lepanto)
1083 925 1201 959 victos
1233 926 1277 960 ab
1310 925 1569 971 Oenipontanis
1604 927 1771 961 instituta
1805 927 1840 960 in

723 979 858 1024 templo
876 978 1032 1013 wiltensi
1053 978 1224 1023 (Wilten)
1253 990 1372 1013 coram
1399 979 1590 1015 archiduce
1615 981 1842 1015 contionatur

725 1032 811 1076 (630
836 1033 936 1076 637).

664 1086 766 1120 Dom.
793 1085 906 1120 XXV.
940 1097 973 1130 p.
1001 1085 1104 1121 Pent.
1133 1085 1334 1130 Oeniponte
1369 1087 1405 1120 in
1441 1087 1523 1121 aula
1558 1087 1762 1122 archiducis
1796 1098 1840 1121 ex

723 1139 912 1182 evangelio
939 1139 1009 1173 diei
1031 1139 1244 1182 „magistros
1268 1142 1400 1175 novos“
1422 1142 1696 1186 principumque
1721 1141 1841 1176 adula-

725 1195 823 1227 tores
858 1192 1089 1238 reprehendit
1123 1204 1165 1227 ac
1198 1194 1475 1237 magistratibus
1510 1195 1770 1230 oboedientiam
1806 1198 1842 1228 et

727 1249 914 1281 externam
933 1249 969 1280 et
987 1247 1165 1280 internam
1184 1247 1360 1291 praestari
1378 1248 1506 1282 debere
1521 1249 1625 1283 docet
1641 1250 1725 1292 (630
1743 1248 1842 1292 638).

664 1300 767 1334 Dom.
794 1300 861 1335 ult.
880 1312 913 1345 p.
933 1300 1035 1334 Pent.
1063 1302 1099 1334 et
1125 1300 1182 1334 die
1209 1300 1241 1334 S.
1264 1300 1479 1336 Catharinae
1505 1314 1608 1337 sacro
1640 1303 1770 1337 ibidem
1798 1314 1842 1336 ex

725 1353 915 1397 evangelio
942 1353 1151 1388 Dominicae
1186 1353 1362 1389 adversus
1396 1357 1642 1400 protestantes
1676 1357 1782 1391 fidem
1807 1357 1841 1390 in

725 1408 857 1442 fiducia
892 1407 1110 1441 collocantes
1145 1406 1233 1441 dicit
1268 1411 1303 1442 et
1339 1412 1436 1443 recte
1472 1410 1638 1444 credendi
1674 1412 1842 1455 recteque

727 1461 910 1496 Christum
937 1460 1075 1495 colendi
1102 1461 1278 1495 rationem
1306 1462 1473 1507 explicat,
1502 1463 1534 1498 S.
1557 1464 1788 1499 Gathar-inam
1806 1466 1841 1499 in

727 1515 932 1560 exemplum
958 1515 1186 1560 proponendo
1216 1515 1330 1558 (631).

666 1574 768 1609 Dom.
797 1575 822 1609 I.
852 1575 943 1610 Adv.
971 1574 1123 1615 ibidem,
1160 1586 1224 1608 cur
1259 1575 1440 1610 adventus
1475 1576 1664 1612 institutus
1697 1581 1733 1613 et
1759 1590 1842 1623 quo-

726 1629 830 1663 modo
857 1629 1019 1672 agendus
1045 1628 1103 1670 sit,
1131 1628 1256 1662 definit
1283 1629 1397 1673 (631).

666 1682 769 1718 Dom.
789 1683 834 1717 ΙΙ.
852 1682 946 1717 Adv.
964 1682 1095 1716 ibidem
1124 1694 1169 1716 ex
1195 1683 1384 1726 evangelio
1408 1683 1477 1718 diei
1496 1685 1539 1718 de
1557 1685 1691 1731 duplici
1711 1686 1844 1721 Christi

727 1736 889 1770 adventu
915 1736 1003 1770 dicit
1028 1738 1065 1770 et
1090 1736 1254 1770 timorem
1282 1737 1347 1770 Dei
1374 1739 1600 1773 commendat
1628 1740 1743 1784 (631).

666 1789 769 1825 Dom.
795 1790 858 1824 III.
893 1789 985 1824 Adv.
1021 1789 1153 1824 ibidem
1193 1802 1237 1824 ex
1277 1791 1467 1835 evangelio
1506 1792 1574 1826 diei
1613 1793 1647 1827 S.
1674 1794 1842 1829 loannem

727 1843 931 1888 Baptistam
957 1842 991 1876 in
1019 1843 1224 1888 exemplum
1250 1845 1431 1889 proponit,
1468 1837 1576 1890 opera
1602 1848 1843 1891 paenitentiae

726 1896 866 1939 laudat,
902 1897 1139 1941 magistratus
1172 1898 1215 1932 ad
1243 1898 1325 1932 fidei
1353 1898 1597 1934 defensionem
1624 1906 1731 1945 urget
1758 1902 1840 1946 (631

666 2002 780 2039 Halae
821 2004 979 2047 (Natalis
1021 2004 1147 2039 vicarii
1190 2006 1378 2049 mandatu)
1418 2007 1657 2051 Magdalenae
1698 2010 1844 2054 reginae

728 2058 935 2102 persuadet,
961 2061 1001 2092 ut
1028 2058 1181 2092 Ioannae
1207 2061 1320 2094 sorori
1347 2061 1494 2103 scribat,
1522 2062 1781 2098 confessarium
1808 2065 1843 2099 in

728 2111 958 2145 Germaniam
985 2112 1102 2145 redire
1128 2113 1225 2147 sinat
1253 2113 1406 2158 (496s7).

666 2165 843 2199 Mandatu
862 2165 1078 2200 Ferdinandi
1097 2166 1141 2201 II.
1161 2166 1363 2201 archiducis
1383 2167 1420 2203 C.
1441 2166 1640 2215 Oeniponie
1663 2182 1683 2205 a
1702 2183 1844 2206 camera

726 2218 891 2253 tirolensi
917 2219 962 2253 60
980 2219 1105 2253 floreni
1133 2220 1175 2254 ad
1203 2220 1313 2255 libros
1340 2222 1508 2256 emendos
1532 2223 1662 2258 dantur
1682 2224 1796 2268 (639).

666 2272 733 2306 Die
760 2272 795 2307 S.
815 2273 973 2307 Thomae
1000 2274 1066 2318 Ap.
1095 2273 1133 2308 C.
1161 2274 1195 2307 in
1231 2274 1315 2308 aula
1350 2275 1553 2310 archiducis
1585 2289 1629 2311 ex
1657 2279 1845 2324 evangelio

727 2326 796 2360 diei
826 2327 868 2361 de
896 2327 1071 2361 ecclesiae
1097 2328 1343 2363 desertoribus
1370 2332 1406 2363 et
1431 2329 1514 2364 fidei
1541 2330 1739 2366 catholicae
1765 2345 1845 2368 con-

726 2381 862 2414 stantia.
888 2381 1116 2415 contionatur
1145 2382 1259 2425 (631).

666 2433 770 2468 Dom.
797 2434 859 2469 IV.
888 2435 981 2470 Adv.
1008 2435 1139 2469 ibidem
1176 2448 1221 2470 ex
1257 2436 1446 2480 evangelio
1473 2437 1543 2471 diei
1570 2438 1612 2472 de
1640 2438 1783 2475 Christo
1809 2441 1845 2476 in

726 2488 886 2522 fidelium
915 2489 1054 2523 animos
1080 2489 1295 2524 adveniente
1322 2491 1550 2525 contionatur
1579 2492 1662 2536 (632
1690 2494 1788 2538 640).

667 2547 733 2582 Die
752 2547 970 2583 Nativitatis
989 2548 1131 2583 Domini
1157 2549 1287 2584 ibidem
1315 2550 1358 2584 de
1385 2550 1453 2585 diei
1480 2551 1578 2586 illius
1604 2556 1729 2589 sancte
1755 2555 1844 2589 cele-

715 2602 842 2635 brandi
870 2602 1009 2636 ratione
1035 2603 1123 2637 dicit
1151 2603 1266 2647 (632).

667 2668 887 2721 Regimini
934 2668 1224 2723 oenipontano
1273 2672 1569 2724 commendat,
1612 2677 1682 2724 ut,
1725 2674 1845 2717 libris

727 2734 876 2788 pravis
917 2734 1089 2784 ablatis,
1136 2735 1296 2777 multos
1337 2736 1470 2779 libros
1511 2738 1646 2781 bonos
1686 2741 1845 2795 populo

726 2798 923 2841 tirolensi
956 2799 1190 2843 distribuat
1212 2800 1436 2855 eidemque
1459 2803 1735 2859 bibliopolam
1759 2807 1846 2848 sol·

726 2864 882 2908 lertem
916 2865 1146 2919 provideat
1179 2865 1315 2919 (500).

285 3127 460 3161 sberger,
482 3130 593 3158 Canisii
613 3132 768 3166 Epistulae
789 3133 821 3159 et
840 3133 926 3160 Acta.
956 3134 1006 3161 VI.
1541 3132 1559 3165 d
