2044 3335
163 142 245 186 748
601 179 606 183 ,
771 143 866 178 Mon.
896 144 984 178 1087
1012 144 1089 178 sive
1116 155 1191 178 var.
1213 144 1302 188 (23).

162 258 337 303 (exceptis
364 257 548 303 praelatis)
577 258 790 293 addiderunt
809 272 815 293 :
836 259 871 293 Si
891 258 1039 293 Carolus
1065 270 1128 303 per
1151 258 1292 294 litteras
1311 259 1472 305 publicas
1490 261 1691 305 sponderet,
1717 273 1786 296 non
1803 261 1918 296 solum

159 311 318 346 dominos
353 311 564 356 equitesque
595 312 631 345 in
666 311 776 346 libero
804 312 1047 347 Confessiouis
1073 315 1299 355 augustanae
1334 313 1506 347 exercitio
1532 325 1719 348 mansuros
1747 314 1797 357 (id
1825 316 1918 359 quod

158 364 306 398 Carolus
331 364 591 409 promittebat),
622 364 684 398 sed
711 365 860 400 urbibus
886 377 1026 409 quoque
1062 367 1098 399 et
1132 366 1236 410 pagis
1271 366 1420 400 eandem
1454 366 1658 401 libertatem
1692 367 1769 401 fore
1802 379 1918 412 neque

158 418 213 451 vel
239 417 421 451 ministros
447 417 656 451 lutheranos
682 417 741 451 vel
768 417 857 452 alios
883 418 1044 452 homines
1072 429 1148 451 eam
1177 419 1219 452 ob
1252 430 1327 452 rem
1353 419 1529 453 molestiis
1555 420 1722 453 affectum
1757 420 1812 454 iri.
1863 421 1919 455 Ita

157 482 239 503 vero
266 482 304 504 se
323 471 456 514 pacisci
476 481 580 515 posse
598 471 764 516 princeps
782 471 939 514 negabat
959 473 1040 514 (Fr.
1061 473 1208 514 Hurter,
1235 471 1435 506 Ferdinand
1455 472 1498 506 II.
1519 471 1578 516 [cf.
1597 484 1706 517 supra
1724 485 1757 518 p.
1776 473 1875 518 476²]
1902 474 1918 508 Ι

158 523 351 557 126—134.
389 524 548 567 Losertlz,
575 523 820 559 Reformation
839 527 906 558 etc.
927 524 974 568 [v.
993 535 1103 569 supra
1128 536 1162 569 p.
1182 523 1264 568 212]
1293 525 1507 567 158—171).
1544 525 1631 559 Cum
1659 528 1778 560 autem
1796 537 1918 561 mense

153 575 282 609 Martio
309 577 466 621 ipsorum
491 577 653 611 ordinum
673 579 871 612 conventus
889 577 1074 611 habendus
1093 579 1199 619 esset,
1227 580 1263 611 et
1280 578 1482 623 praevideri
1508 581 1640 623 posset,
1667 590 1727 612 eos
1753 590 1774 613 a
1793 579 1918 614 Carolo

154 629 275 662 eadem
313 630 420 663 etiam
447 629 698 664 vehementius
734 630 978 675 postulaturos
1013 641 1102 671 esse,
1140 629 1173 664 S.
1201 630 1288 664 Pius
1314 630 1357 664 V.
1385 631 1497 665 Roma
1524 632 1555 665 2.
1582 631 1703 666 Martii
1732 632 1820 666 1571
1850 632 1918 666 duo

152 682 283 716 Brevia
318 683 353 716 in
390 682 619 717 Germaniam
656 684 755 718 misit
792 684 899 728 (quae
934 684 1054 728 posuit
1088 685 1314 718 Laden-hius
1338 683 1361 718 l.
1389 696 1416 718 c.
1445 685 1480 718 in
1507 687 1537 718 a.
1567 685 1668 726 1571,
1704 697 1737 719 n.
1764 686 1808 719 55
1835 686 1917 728 56):

152 735 230 768 Uno
258 735 423 770 Carolum
451 737 494 770 ad
521 736 761 771 constantiam
791 737 1068 777 exhortabatur;
1107 737 1219 771 altero
1256 748 1367 781 eoque
1402 738 1492 772 satis
1527 737 1632 781 longo
1659 738 1847 772 Albertum
1873 738 1917 773 V.

152 787 329 823 Bavariae
356 789 492 831 ducem,
519 790 698 823 mentione
725 790 823 824 facta
849 789 1128 835 dispensationis
1154 791 1372 824 matrimonii
1407 791 1501 824 inter
1526 791 1678 825 Mariam
1704 791 1781 825 eius
1807 790 1918 825 filiam

151 844 188 875 et
206 841 373 876 Carolum
399 843 545 877 ineundi
564 843 682 885 gratia
705 843 811 888 paulo
830 845 912 877 ante
938 854 959 877 a
985 855 1023 877 se
1042 854 1243 884 concessae,
1269 844 1433 887 urgebat,
1460 846 1499 877 ut
1518 843 1732 888 provideret,
1758 856 1802 878 ne
1821 844 1918 889 quic-

151 906 259 938 quam
286 895 362 930 eius
381 897 524 939 generis
550 896 594 930 ab
613 896 804 930 archiduce
823 896 1004 930 ordinibus
1024 896 1288 930 concederetur.
1329 896 1425 939 „Quo
1443 897 1587 941 quidem
1605 897 1732 938 officio,
1760 898 1868 931 etiam
1886 898 1917 932 si

150 951 342 992 antequam
368 949 435 983 has
461 951 602 984 nostras
628 949 769 984 litteras
798 950 990 994 acceperis,
1018 950 1110 994 apud
1139 950 1301 984 eumdem
1328 950 1557 984 archiducem
1592 950 1737 985 functus
1763 951 1918 985 fortasse

150 1001 281 1042 fueris;
308 1001 540 1037 vehementer
565 1005 687 1037 tamen
714 1003 890 1047 cupimus,
918 1005 957 1037 ut
983 1006 1109 1037 nostra
1133 1014 1242 1037 causa
1269 1015 1308 1037 eo
1333 1004 1411 1048 ipso
1437 1015 1562 1038 rursus
1589 1004 1750 1048 fungaris
1777 1017 1784 1038 :
1812 1003 1918 1048 idque

150 1066 219 1088 non
246 1055 360 1089 solum
387 1056 547 1090 studiose
574 1059 610 1090 et
635 1056 842 1097 efficaciter,
873 1056 936 1090 sed
963 1056 1071 1090 etiam
1106 1056 1221 1101 primo
1257 1068 1397 1101 quoque
1433 1060 1593 1102 tempore
1618 1057 1764 1092 facias.“
1819 1057 1918 1091 Haec

152 1108 230 1142 duci
267 1108 414 1153 eiusque
450 1109 663 1144 consiliariis
698 1109 923 1154 aliquantum
950 1109 1176 1154 displicuisse
1202 1109 1382 1144 videntur.
1433 1110 1602 1144 Albertus
1629 1111 1721 1144 enim
1757 1110 1828 1145 iam
1861 1110 1916 1144 die

152 1161 207 1195 21.
234 1161 419 1196 Februarii
448 1163 535 1197 1571
564 1162 754 1197 Monachio
790 1175 867 1196 eam
903 1163 938 1196 in
973 1163 1189 1197 sententiam
1225 1163 1269 1197 ad
1297 1163 1463 1197 Carolum
1499 1164 1735 1207 gravissimas
1771 1163 1918 1197 dederat

150 1214 299 1255 litteras,
327 1227 366 1249 se
391 1216 507 1260 ipsum
536 1216 567 1250 ei
593 1216 630 1249 in
657 1215 859 1260 exemplum
886 1228 1097 1261 proponens,
1125 1217 1195 1260 qui,
1228 1216 1304 1250 iure
1330 1219 1435 1251 utens
1461 1228 1524 1261 per
1559 1217 1698 1262 imperii
1723 1217 1823 1259 leges
1849 1216 1917 1250 sibi

153 1279 332 1309 concesso,
351 1269 487 1303 nullum
506 1269 542 1303 in
558 1269 711 1303 Bavaria
728 1269 932 1303 ministrum
952 1271 1212 1314 protestantem
1232 1270 1415 1304 considere
1429 1272 1615 1314 pateretur
1628 1281 1744 1313 neque
1759 1269 1917 1303 officium

151 1320 263 1355 ullum
288 1321 470 1367 publicum
498 1322 664 1367 cuiquam
691 1323 803 1364 daret,
830 1324 896 1357 nisi
923 1323 1001 1357 viro
1020 1335 1104 1357 vere
1131 1323 1306 1358 catholico
1327 1323 1445 1367 (Go'tz,
1473 1324 1581 1358 Beitr.
1601 1324 1633 1357 V
1652 1323 1868 1366 772-773).

153 1424 293 1462 108⁹?
321 1426 398 1460 sive
425 1435 540 1461 var.
561 1425 698 1471 (23).
773 1425 831 1461 24.
849 1425 1008 1472 Augusti
1034 1427 1071 1461 et
1099 1425 1130 1462 6.
1150 1425 1320 1462 Octobris
1346 1425 1431 1461 1571.

270 1485 325 1519 Ex
343 1485 560 1530 apographis
579 1486 700 1520 eodem
721 1486 796 1520 fere
814 1488 974 1530 tempore
1000 1486 1145 1530 scriptis
1168 1486 1403 1530 epistularum
1421 1486 1522 1520 Hosii
1544 1487 1604 1529 (A)
1626 1488 1661 1520 et
1679 1486 1819 1520 Alberti
1840 1486 1916 1530 (D),

151 1550 242 1582 quae
270 1541 416 1573 exstant
435 1538 629 1573 Cracoviae
655 1540 690 1573 in
717 1539 933 1573 bibliotheca
959 1539 1207 1573 universitatis
1233 1539 1479 1583 iagessonicae,
1508 1539 1590 1574 Cod.
1614 1540 1722 1582 „160“
1752 1541 1839 1574 fasc.
1859 1540 1916 1574 25.

151 1592 304 1626 Eaedem
332 1592 508 1636 epistulae
536 1592 590 1636 (B,
619 1592 660 1636 C)
698 1593 796 1637 typis
822 1593 994 1636 vulgatae
1030 1594 1115 1626 sunt
1149 1604 1170 1626 a
1196 1592 1375 1626 Stanislao
1410 1592 1538 1627 Rescio
1574 1593 1675 1627 Hosii
1713 1593 1917 1635 secretario,

150 1645 190 1679 D.
219 1647 395 1680 Stcmislaa·
421 1647 527 1680 Hosii
553 1673 560 1681 .
581 1673 588 1679 .
608 1673 615 1680 .
645 1646 802 1691 Operum
829 1646 961 1680 Tomus
996 1646 1185 1687 secundus,
1222 1645 1388 1680 Coloniae
1417 1647 1517 1688 1584,
1554 1647 1622 1681 310
1655 1647 1733 1681 311.
1785 1647 1916 1681 Exstat

148 1701 334 1743 praeterea
361 1699 536 1743 epistulae
561 1698 730 1733 hosianae
757 1699 1052 1734 commentarium
1085 1699 1262 1743 quoddam
1291 1700 1350 1743 (E)
1378 1711 1485 1734 manu
1520 1700 1644 1743 ignota
1679 1701 1852 1745 scriptum
1879 1704 1915 1734 et

148 1763 255 1786 manu
278 1751 398 1786 Rescii
423 1752 475 1786 sic
500 1752 732 1797 inscriptum:
763 1753 944 1795 „Primvm
973 1753 1198 1797 exemplvm*
1230 1752 1425 1787 Cracoviae
1451 1753 1487 1787 in
1513 1753 1715 1787 biblotheca
1741 1753 1913 1788 universi-

147 1805 234 1839 tatis
260 1805 505 1848 iagellonicae‚
534 1805 616 1840 Cod.
640 1807 723 1848 „60“
747 1806 836 1840 fasc.
856 1805 887 1839 V
914 1806 938 1839 f.
956 1807 1116 1847 44-503
1144 1806 1245 1840 cuius
1263 1807 1510 1840 commentarii
1535 1806 1707 1841 lectiones
1730 1807 1914 1841 variantes

147 1870 216 1892 non
243 1870 371 1903 ponam
396 1859 464 1892 nisi
488 1870 559 1900 eas,
587 1871 678 1903 quae
705 1859 748 1894 ab
771 1859 867 1902 „Hoc
886 1859 1003 1893 odium
1031 1860 1061 1894 si
1087 1860 1227 1904 posset“
1250 1870 1365 1903 usque
1391 1860 1433 1893 ad
1458 1859 1575 1902 „Quod
1596 1871 1702 1894 curae
1728 1860 1909 1894 futurum“

149 1911 239 1946 excl.
267 1911 353 1945 mihi
380 1915 622 1947 occurrerunt.

271 1972 480 2005 Cardimelis
505 1973 639 2006 Hosius
664 1973 845 2006 Bab-ariae
880 1973 964 2005 duci
999 1973 1225 2015 commendat,
1259 1977 1298 2005 ut
1327 1973 1496 2006 canisius
1531 1973 1578 2004 ad
1605 1973 1788 2006 Samoniae
1811 1973 1913 2015 prin-

148 2026 253 2067 cipem
282 2025 456 2058 electorem
476 2026 639 2058 mittatur
657 2037 800 2068 eumque
826 2026 872 2058 (cd
890 2026 1067 2058 ecclesiam
1094 2026 1259 2058 reducere
1280 2027 1427 2058 studeat.
1472 2026 1559 2059 Dux
1576 2030 1690 2058 antem
1717 2026 1913 2069 respondet,

146 2088 223 2110 eum
250 2079 440 2111 (amissum
468 2089 538 2111 nou.
568 2079 639 2119 c’rc'‚·
665 2080 740 2112 eius
765 2090 890 2112 nomen
916 2083 1088 2112 terrorem
1112 2079 1298 2120 facturum
1324 2089 1403 2112 esse.

267 2139 516 2180 Cardineclis
537 2140 782 2180 Stamislaus
804 2139 966 2180 Hosius
996 2141 1209 2193 episcopus
1237 2140 1434 2194 princeps
1464 2141 1711 2181 rormiensis
1733 2140 1912 2181 Sublaco

145 2203 368 2254 (Subiaco)
384 2206 454 2245 24.
473 2206 658 2257 Auousti
677 2206 790 2245 1571
809 2204 980 2246 [ilberto
1002 2205 1046 2246 V.
1067 2204 1285 2245 Bavariue
1304 2205 1402 2245 duci
1419 2206 1610 2258 scripsit:
1627 2204 1748 2253 Quod
1765 2206 1911 2246 autem

144 2268 431 2321 Euangelium
473 2282 498 2310 a
538 2269 802 2311 Lutheristis
843 2269 1145 2323 praedicatur,
1191 2283 1360 2311 summa
1403 2269 1494 2310 eius
1537 2273 1624 2312 est:
1672 2269 1826 2311 Odium
1867 2271 1912 2311 et

143 2333 321 2375 rebellio
355 2336 507 2376 contra
539 2333 850 2387 magistratus:
893 2336 941 2375 ut
974 2348 1028 2375 ex
1061 2347 1210 2375 eorum
1244 2348 1339 2375 esse
1371 2348 1548 2375 numero
1581 2334 1824 2385 uideantur,
1859 2334 1911 2375 de

143 2398 296 2450 quibus
340 2397 383 2439 in
428 2398 643 2441 Canonica
688 2413 767 2441 sua
811 2398 985 2453 scripsit
1029 2399 1167 2441 Judas
1211 2399 1472 2453 Apostolus:
1518 2399 1632 2452 quod
1677 2413 1910 2441 carnem

144 2463 475 2514 maculanff,
526 2463 960 2506 dominationem
1007 2467 1306 2518 spernunt,
1355 2464 1709 2506 maiestatem
1757 2463 1910 2506 Blas-

143 2527 404 2581 phemant
423 2529 449 2571 1.
498 2529 592 2570 Hoc
626 2529 721 2570 odio
745 2529 806 2570 sic
834 2529 1028 2570 homines
1050 2529 1103 2571 ab
1126 2528 1211 2570 illis
1234 2531 1540 2579 excaecantur,
1574 2531 1621 2571 ut
1644 2543 1792 2571 uerum
1816 2542 1910 2570 cer-

144 2606 246 2634 nere
288 2607 560 2646 nequaquam
602 2594 783 2648 possint.
848 2594 942 2636 Hoc
983 2593 1140 2645 odium,
1183 2593 1217 2635 si
1259 2597 1408 2648 posset
1440 2608 1494 2635 ex
1526 2593 1723 2635 illorumb
1755 2593 1910 2636 animis

145 2657 286 2708 euelli,
321 2658 577 2711 praesertim
611 2659 715 2710 eius,
751 2659 802 2700 de
836 2673 919 2712 quo
952 2673 1093 2701 sermo
1126 2659 1248 2700 nobis
1282 2673 1393 2700 nunc
1427 2662 1506 2709 est,
1540 2658 1750 2713 Principis
1783 2659 1908 2701 Elec-

144 2722 251 2763 toris
267 2724 324 2763 2⁰:
359 2737 484 2775 quem
508 2737 534 2765 a
555 2724 708 2777 Regno
731 2723 811 2765 Dei
843 2724 984 2765 minus
1006 2725 1136 2777 longe
1158 2724 1311 2766 abesse
1334 2724 1530 2766 confiteri
1552 2723 1756 2766 uidentur
1777 2724 1907 2766 etiam

143 2786 223 2839 ipsi
250 2787 481 2838 Flacciani‚
515 2802 610 2830 cum
644 2803 729 2830 non
761 2789 895 2830 semel
928 2788 1019 2831 eius
1051 2789 1261 2832 ministris
1295 2789 1512 2839 obiiciant,
1546 2788 1660 2842 quod
1691 2789 1734 2830 in
1756 2789 1908 2842 Papis-

145 2864 272 2899 mum,
311 2852 389 2893 hoc
422 2855 501 2902 est,
536 2853 910 2895 Christianismum
943 2853 1165 2904 inclinent,
1199 2857 1244 2896 et
1276 2854 1316 2895 ei
1346 2853 1432 2895 iam
1464 2853 1580 2896 fores
1613 2855 1862 2907 aperuerint
1877 2854 1906 2897 3.

262 2931 288 2947 a·
310 2924 455 2950 mandant
475 2928 500 2950 A
521 2928 556 2953 B.
611 2927 640 2955 b!
662 2935 767 2954 eorum
787 2930 821 2954 B.
887 2932 912 2959 c)
936 2929 1013 2959 Quae
1033 2931 1204 2960 sequuntur,
1226 2936 1313 2960 usque
1333 2929 1372 2953 ad
1392 2928 1426 2954 ut
1445 2928 1550 2954 audire
1570 2930 1650 2959 θεολ,
1673 2929 1701 2953 in
1720 2930 1815 2954 Enon
1828 2931 1905 2953 sunt.

272 3021 277 3038 '
307 3020 369 3053 Iud
397 3021 429 3055 8.
574 3023 587 3042 ‘-'
613 3022 779 3065 Augusti,
806 3023 978 3068 principis
1005 3023 1171 3057 electoris
1197 3023 1384 3058 Saxoniae.

304 3072 560 3108 Universitatis
595 3075 751 3109 ienensis
778 3075 900 3119 (Jena)
938 3075 1104 3119 theologi,
1141 3076 1201 3119 qui
1234 3076 1509 3110 Flacianismum
1546 3076 1623 3110 sive
1658 3075 1906 3110 acutissimum

147 3124 321 3168 quendam
361 3125 659 3161 lutheranismum
698 3128 939 3172 sequebantur
981 3129 1207 3171 (Tilmannus
1245 3129 1465 3171 Heshusius,
1504 3129 1655 3163 Ioannes
1692 3129 1906 3173 Wigandus,
