2044 3335
131 130 186 170 42
633 122 734 157 1493.
763 121 929 156 Canisius
955 121 989 155 S.
1009 121 1201 154 Francisco
1227 119 1390 163 Borgiae.

131 245 276 289 stituti
305 245 370 287 sui
394 244 613 298 propriam
636 239 892 282 modestiam
917 253 967 281 ac
990 237 1315 292 simplicitatem
1338 238 1610 287 reuocabat&
1643 240 1901 290 nostrosque

132 310 281 353 multis
329 309 547 351 laboribus
594 319 747 360 parum
795 303 1029 346 fructuosis
1077 305 1121 345 et
1167 302 1375 356 grauibus
1423 302 1622 344 oneribus
1673 301 1900 344 liberabat.

134 374 299 418 Omitto
332 374 524 416 rationes
556 371 664 414 alias
687 370 769 411 huc
802 369 1073 418 accedentes,
1109 381 1219 420 quae
1241 367 1402 409 nostris
1425 367 1554 409 etiam
1579 370 1902 421 persuaserunt,

132 441 243 483 hanc
276 439 391 482 uiam
425 438 526 490 eligi
559 439 603 478 et
634 434 814 477 retineri
847 436 1061 488 oportere.
1105 432 1254 485 Jgitur
1285 432 1451 475 alterob
1483 432 1551 474 die
1566 433 1592 482 ¹,
1626 446 1723 474 cum
1745 433 1903 475 iterum

135 507 284 560 partes
325 502 643 551 conuenissent,
686 500 737 542 D.
772 497 1058 552 Eisengranio
1100 500 1167 539 et⁰
1204 497 1297 539 med
1336 497 1462 538 simul
1495 499 1738 550 praesente,
1782 511 1904 539 suam

135 569 273 612 nostri
307 568 456 610 dixere
489 565 767 614 sententiam,
810 563 892 605 imi
925 577 1001 604 suo
1035 562 1353 612 1enunciantes,
1397 553 1442 604 et
1479 562 1559 603 hoc
1592 562 1672 603 sibi
1705 561 1808 603 soli
1841 559 1904 616 [P]

136 636 426 684 reseruantes,
461 636 509 675 ut
530 632 573 674 in
596 643 775 672 munere
798 627 1028 683 plofitendi
1051 630 1286 682 pergerent
1309 641 1428 669 more
1451 641 1542 677 suo,
1575 626 1766 680 nihilque
1789 626 1907 668 aliud

140 699 284 741 oneris
328 699 398 740 uel
439 697 545 739 iuris
585 696 629 738 in
662 694 892 737 Facultate
934 692 1037 735 sibif
1075 693 1317 735 seruarent.
1381 691 1500 741 Quae
1542 691 1761 734 sententia
1801 691 1908 733 Pro-

138 764 376 807 fessoribus
409 763 520 817 alijs,
564 765 612 804 ut
643 760 939 814 inexpectata,
984 759 1048 800 ita
1090 757 1221 800 etiam
1256 757 1364 799 dura
1396 759 1441 799 et
1474 758 1659 798 molesta
1691 757 1786 798 uisa
1818 759 1908 798 est:

138 829 252 872 unde
274 832 486 881 rogarunt
511 841 565 869 ne
587 827 699 868 hanc
722 824 860 867 nostri
882 824 1080 866 facerent
1102 822 1403 872 secessionem,
1438 822 1513 864 sed
1536 823 1578 863 in
1601 822 1695 876 ipso
1718 821 1908 874 Collegio

142 896 418 936 remanerent
430 894 460 936 2.
514 891 599 934 Vbi
630 890 870 945 productae
903 890 1004 931 sunt
1037 888 1354 937 difficultatesss,
1390 901 1501 941 quae
1532 889 1707 929 nostros
1738 889 1910 929 tantum

141 973 226 1001 non
270 960 480 1012 cogerent
521 957 592 999 in¹²
633 956 715 998 hac
756 954 975 1009 perstarei
1016 953 1248 1002 sententia,
1291 953 1327 994 si
1370 954 1539 994 firmam
1581 952 1718 994 uelint
1749 951 1910 994 habere

141 1038 262 1078 spem
295 1026 533 1078 perpetuae
566 1021 836 1070 concordiae,
871 1023 916 1062 et
941 1019 1030 1061 suis
1052 1018 1310 1061 satisfacere
1337 1017 1626 1071 conscientiis,
1660 1016 1811 1069 suique
1833 1016 1912 1058 Jn-

142 1089 286 1132 stituti
318 1102 532 1130 memores
559 1100 666 1130 esse.
710 1088 856 1138 Aegre
878 1085 1055 1127 tandem
1078 1084 1354 1132 obtinuimus,
1387 1085 1436 1124 ut
1457 1082 1583 1124 nobis
1605 1082 1912 1131 consentirent,

142 1155 223 1197 hac
249 1154 420 1196 adiecta
443 1154 552 1206 lege,
587 1152 623 1194 si
646 1150 998 1193 Consiliariorum
1022 1148 1266 1191 authoritas
1289 1148 1518 1190 accederet
1539 1148 1732 1200 haecque
1763 1151 1915 1189 nostra

144 1219 323 1262 consilia
362 1218 677 1272 comprobaret.
741 1216 869 1258 Nunc
901 1214 1191 1257 obtinuimusk
1222 1214 1266 1255 in
1299 1213 1413 1256 Aula
1445 1212 1669 1267 Principis,
1712 1215 1760 1254 ut
1802 1211 1916 1265 quod

145 1299 172 1327 a
192 1284 353 1327 nostris
375 1287 546 1337 gestum
571 1286 651 1333 est,
677 1279 1038 1324 confirmaretur¹.
1082 1279 1175 1329 Qua
1191 1279 1235 1320 in
1252 1292 1299 1321 re
1321 1278 1445 1320 nobis
1467 1277 1664 1331 profuitm
1686 1278 1737 1320 D.
1762 1277 1916 1319 Eisen-

144 1349 324 1403 granius
366 1352 410 1391 et
445 1348 601 1398 effecit,
644 1352 783 1400 quaen
815 1346 1124 1395 desideramus,
1166 1347 1215 1386 ut
1246 1357 1272 1385 a
1303 1343 1500 1398 personis
1533 1345 1577 1385 et
1608 1343 1738 1384 rebus
1770 1342 1917 1384 huius-

146 1414 260 1456 modi
294 1413 576 1456 contentiosis
608 1412 746 1454 nostri
769 1425 947 1465 prorsus
970 1410 1238 1464 inposterum
1261 1408 1494 1458 abstinere,
1529 1421 1692 1460 suoque
1714 1407 1916 1449 instituto

146 1479 308 1522 rectius
340 1493 499 1521 uacare
530 1477 699 1533 possint
711 1478 741 1521 3.
794 1476 949 1529 Neque
982 1475 1279 1517 committetur
1311 1473 1509 1528 amplius,
1543 1475 1592 1515 ut
1624 1471 1919 1526 superioribus

147 1544 295 1598 inscijs
337 1545 390 1587 ad
431 1545 510 1586 has
550 1544 651 1586 lites
682 1542 821 1584 nostri
854 1541 1133 1591 descendant,
1177 1539 1249 1593 qui
1281 1539 1426 1581 nescio
1459 1538 1538 1580 sub
1571 1552 1654 1591 quo
1687 1540 1920 1592 praetextu

148 1609 249 1652 boni
291 1609 528 1651 communis
569 1609 613 1650 in
654 1608 869 1650 facultate
910 1604 1206 1661 promouendi,
1250 1604 1349 1645 dum
1392 1603 1544 1646 stricto
1586 1603 1678 1644 iure
1710 1602 1920 1644 aduersus

148 1675 349 1728 Collegas
396 1674 549 1716 uolunt
595 1686 740 1726 agere,
788 1686 973 1726 magnas
1017 1670 1099 1712 sibi
1142 1670 1294 1712 turbas
1339 1668 1601 1718 excitarunt,
1647 1666 1921 1710 aduersarios

149 1740 287 1782 ueluti
319 1740 552 1781 crabrones
584 1738 826 1787 irritarunt,
861 1741 904 1780 et
936 1737 979 1778 in
1002 1736 1237 1778 multorum
1260 1733 1638 1788 reprehensionem
1661 1732 1918 1781 inciderunt,

149 1805 270 1846 uelut
302 1805 375 1858 qui
407 1804 583 1846 nimium
617 1803 705 1846 sint
738 1803 870 1857 anxij,
906 1801 1075 1851 curiosi,
1111 1800 1372 1842 contentiosi
1403 1799 1446 1840 in
1475 1799 1603 1840 rebus
1626 1797 1681 1839 ad
1704 1811 1750 1838 se
1773 1811 1920 1838 suum-

150 1884 233 1923 que
264 1869 512 1912 institutum
545 1869 687 1910 minus
719 1867 1050 1922 pertinentibus.
1099 1865 1230 1907 Faxit
1263 1865 1393 1915 Deus,
1427 1867 1476 1906 ut
1508 1863 1573 1904 his
1605 1862 1732 1904 malis
1764 1861 1919 1911 edocti,

149 1935 209 1977 ab
242 1935 374 1976 omni
408 1934 527 1976 mali
561 1933 766 1988 specie4
799 1946 1046 1981 caueamus,
1081 1933 1126 1973 et
1155 1944 1219 1981 ea,
1255 1943 1366 1983 quae
1389 1929 1527 1971 solida
1550 1931 1664 1978 sunt,
1697 1927 1741 1968 in
1764 1926 1919 1981 spiritu

154 2003 199 2042 et
230 1999 370 2042 literis
404 1999 571 2042 sincere
603 2002 820 2041 sectemur
853 2001 985 2050 atque
1017 2009 1361 2051 promoueamus.

274 2066 432 2107 [tector
463 2063 756 2118 Dilingensis5
792 2063 906 2105 haud
944 2062 1070 2104 dubie
1102 2061 1277 2115 scripsit
1307 2060 1351 2101 in
1385 2059 1545 2101 Vrbem
1579 2058 1631 2100 de
1663 2060 1732 2100 ter
1763 2056 1920 2098 misero

151 2130 383 2172 Edouardo
406 2129 563 2183 Anglo‚
599 2129 671 2182 qui
702 2128 963 2170 horrendum
998 2126 1190 2170 ostendit
1222 2125 1470 2179 exemplum
1502 2123 1709 2178 perfidiae
1742 2125 1786 2164 et
1816 2134 1920 2175 apo-

151 2195 329 2246 stasiae,
371 2209 455 2236 non
497 2196 728 2237 contentus
769 2193 1083 2247 professionem
1123 2190 1223 2232 fidei
1254 2190 1496 2243 legitimam
1538 2189 1796 2237 detrectare,
1837 2185 1918 2227 nisi

152 2261 207 2303 ad
240 2260 497 2303 Haereticos
534 2260 802 2312 confugeret,
845 2261 890 2301 et
920 2258 1092 2300 illorum
1124 2255 1394 2310 impietatem
1427 2254 1596 2308 publice
1627 2254 1919 2307 profiteretur,

152 2326 420 2369 Catholicam
461 2339 565 2366 uero
607 2324 877 2377 Religionem
919 2326 964 2365 et
997 2322 1260 2365 Societatem
1300 2322 1495 2361 nostram
1538 2332 1683 2360 coram
1725 2316 1921 2359 omnibus

152 2391 196 2432 in
236 2391 399 2444 templo
441 2389 765 2432 execraretur6.
829 2388 936 2430 Tale
977 2387 1228 2429 scandalum
1270 2399 1296 2427 a
1337 2384 1499 2427 nostris
1531 2397 1764 2436 nunquam,
1808 2381 1922 2434 quod

273 2492 299 2516 a)
322 2488 460 2519 Sequitur
478 2494 606 2519 nosque,
627 2487 716 2511 oblitt.
808 2485 839 2517 b)
861 2487 906 2510 Ita
934 2488 963 2516 (α
985 2486 1014 2510 C.
1037 2485 1108 2516 ipso,
1129 2488 1159 2509 ut
1180 2484 1308 2513 videtur)
1329 2483 1360 2507 in
1380 2483 1459 2507 αιϊΙι.
1479 2484 1637 2506 correctum
1656 2483 1697 2505 est
1717 2487 1753 2504 ex
1772 2477 1919 2504 extremo.

154 2530 181 2559 c)
202 2530 341 2560 Sequitur
360 2536 417 2559 me,
444 2529 534 2553 oblitt.
645 2527 675 2559 d)
697 2530 743 2553 Ita
765 2529 794 2553 C.
816 2528 876 2559 ipse
896 2527 1026 2552 correxit
1045 2534 1080 2551 ea:
1100 2533 1162 2558 per.
1272 2526 1300 2556 e)
1322 2524 1369 2549 Sic
1394 2523 1493 2554 a›·ch.;
1519 2522 1761 2553 corriyendumne
1784 2519 1858 2545 solis
1878 2520 1922 2544 vel

155 2569 275 2595 solum?
337 2570 360 2601 ἢ
383 2571 521 2601 Sequitur
540 2568 748 2600 uendicarent,
768 2570 858 2593 oblitt.
923 2568 953 2599 g)
969 2566 1152 2592 dificultates
1167 2567 1246 2591 arch.
1308 2565 1340 2596 h)
1362 2565 1500 2597 Sequitur
1513 2563 1590 2589 hanc
1606 2564 1648 2588 vel
1660 2563 1756 2587 simile
1776 2570 1811 2591 v„
1831 2562 1920 2585 oblitt.

153 2611 172 2636 i·
195 2613 219 2636 A
241 2612 269 2636 C.
292 2612 353 2642 ipso
373 2620 446 2636 carr.
468 2619 503 2635 ez·
522 2611 689 2643 praestare.
781 2609 812 2637 k)
834 2611 881 2635 Ita
902 2611 931 2635 C.
952 2610 1013 2641 ipse
1034 2609 1163 2633 correxit
1183 2616 1219 2633 ex
1240 2613 1393 2638 urgemuS.
1491 2605 1513 2636 l)
1534 2607 1582 2630 Ita
1603 2606 1631 2629 C.
1652 2604 1714 2635 ipse
1735 2603 1864 2628 correxit
1886 2610 1922 2626 ex

156 2652 371 2684 consumetur,-
396 2656 559 2684 sequnntur
578 2660 640 2677 w..-
667 2651 863 2684 quantumuis
889 2650 949 2683 alij,
975 2657 1013 2675 ne
1034 2649 1063 2675 id
1084 2649 1144 2679 fiat,
1170 2656 1225 2674 sua
1245 2647 1412 2681 coeperunt
1431 2646 1558 2672 consilia
1577 2645 1715 2671 conferre
1735 2644 1921 2675 nostrosque

156 2693 186 2717 in
206 2693 351 2718 facultate
377 2700 432 2718 sua
457 2693 590 2718 retinere
615 2692 813 2719 contendunt.
852 2691 911 2717 Sed
941 2691 1084 2724 promisit
1113 2697 1199 2716 suam
1226 2689 1314 2715 nobis
1334 2695 1476 2721 operam;
1505 2695 1578 2719 quae
1604 2695 1646 2711 vv.
1667 2694 1683 2710 α
1706 2687 1733 2710 C.
1755 2685 1922 2710 oblitterata

154 2738 232 2759 sunt.
308 2734 348 2764 ιιι)
370 2735 449 2759 Haec
468 2736 483 2758 5
504 2742 547 2759 vv.
567 2743 583 2758 ιι
607 2736 635 2759 C.
656 2735 685 2759 in
707 2735 840 2765 margine
861 2734 994 2765 ascripta
1013 2736 1089 2758 sunt.
1165 2733 1195 2763 n)
1218 2733 1264 2756 Ita
1285 2732 1313 2755 C.
1335 2730 1464 2755 cort-emit
1484 2737 1520 2754 ex
1539 2727 1660 2757 efficiet,
1680 2733 1779 2760 spero,
1800 2732 1885 2758 quae.

280 2852 288 2871 ¹
315 2851 381 2885 Die
408 2852 439 2885 9.
468 2851 701 2918 Septembris,
727 2854 769 2885 ut
795 2851 888 2885 Acta
913 2850 1058 2885 habent.

277 2905 290 2924 2
316 2905 356 2938 In
387 2904 561 2947 „g1emi0“
584 2907 630 2945 et,
656 2904 685 2938 si
713 2915 771 2938 res
797 2905 848 2937 ita
874 2904 996 2944 ferret,
1022 2903 1059 2937 in
1090 2901 1277 2945 „consilio“
1305 2901 1383 2935 sive
1411 2898 1579 2943 „¹‘senatu
1607 2896 1811 2937 facultatis;
1840 2895 1922 2929 vide

156 2968 248 3002 quae
275 2957 317 2991 de
344 2957 410 2991 hoc
433 2957 609 3000 „gremio“
637 2959 705 2992 etc.
733 2959 958 3001 exponentur
983 2956 1088 2996 infra,
1115 2967 1209 2989 mon.
1228 2955 1301 2997 ing.
1323 2953 1389 2997 (1).

276 3011 290 3031 ³
315 3010 367 3044 De
386 3010 524 3044 Alberti
540 3009 583 3044 V.
602 3009 735 3044 litteris
755 3010 809 3044 19.
827 3009 1051 3054 Septembris
1072 3009 1160 3043 1567
1188 3008 1294 3042 huius
1319 3006 1372 3040 rei
1398 3005 1516 3049 gratia
1535 3004 1629 3038 datis
1651 3015 1686 3037 v.
1706 3002 1810 3043 infra,
1828 3012 1921 3035 mon.

157 3075 231 3108 mg·
251 3063 334 3150 (9.1
355 3115 471 3150 Thess
497 3116 528 3157 5,
557 3115 611 3149 22.
728 3117 742 3135 ⁶
769 3116 807 3149 P.
827 3115 1070 3149 Theodericus
1090 3114 1268 3149 Canisius.
1379 3113 1393 3132 θ
1420 3111 1510 3145 Vide
1536 3121 1645 3155 supra
1670 3121 1704 3154 p.
1723 3108 1874 3143 29—31.
