2044 3335
662 126 909 160 Ferdinandus
927 145 972 150 —-
993 126 1216 160 Fraternitas
1241 125 1380 160 rosarii.

184 243 457 286 procuratorum
524 252 693 286 praeesse

186 289 286 323 iubet
320 289 407 329 589;
450 288 622 323 Albertus
648 288 692 322 V.

185 337 364 370 Bavariae
384 337 457 370 dux
475 336 517 370 de
536 348 577 369 eo
591 335 693 369 varia

186 385 328 428 quaerit
354 384 442 424 736;
471 384 573 417 varia
600 394 657 417 Lv.

138 431 437 466 Franciscus
487 431 694 474 Borgias

191 479 256 522 (2),
296 479 342 520 8.,
394 478 694 513 Societatis

187 527 503 572 praepositus
563 537 694 569 gene-

186 574 330 613 ralis,
382 576 426 607 et
468 573 600 607 Socii
650 573 695 606 in

187 621 694 655 Germaniaversantes:

188 668 226 702 C.
253 671 366 713 optat,
401 671 440 702 ut
473 668 625 710 Borgias
660 668 696 701 in

189 715 420 749 Germaniam
457 717 581 749 veniat
606 715 694 755 498;

186 762 305 806 Borg.,
332 766 372 796 ut
399 763 436 796 C.
456 766 582 796 contra
608 762 696 796 Cen-

185 811 301 844 turias
362 810 520 844 scribere
571 810 695 854 possit,

186 857 528 902 viceprovincialem
569 858 601 891 ei
636 857 695 891 ad-

186 904 306 948 iungit
350 905 456 947 11819
502 905 588 945 19ος
631 916 695 949 pro

189 951 227 986 C.
278 952 467 986 Hoffaeum
534 952 696 986 nominat

185 999 444 1044 provincialem
478 999 695 1034 Germaniae

185 1048 381 1092 superioris
453 1047 580 1090 293s43
649 1047 693 1081 ad

185 1095 308 1129 varias
334 1095 435 1128 Petri
474 1098 510 1128 et
535 1094 694 1128 Theodo-

185 1142 249 1176 rici
262 1142 493 1186 quaestiones
501 1142 694 1186 respondet

185 1190 315 1234 23114;
359 1191 482 1231 instat,
521 1193 562 1223 ut
600 1189 694 1223 Socii

188 1237 231 1271 ad
251 1237 495 1272 confessiones
514 1237 693 1282 excipien-

188 1286 253 1319 das
280 1287 316 1319 et
342 1285 385 1319 ad
413 1285 693 1319 contionandum

188 1333 278 1367 bene
327 1332 566 1367 instituantur
605 1332 692 1372 721;

187 1380 331 1415 Canisio
357 1380 617 1425 paenitentiam
643 1381 693 1413 in-

186 1429 335 1471 iungere
396 1430 543 1462 recusat
604 1428 691 1467 327;

187 1476 335 1509 Hoffaeo
398 1475 695 1521 viceprovinciali

186 1523 447 1568 paenitentiam
538 1523 696 1566 iniungit

187 1571 316 1613 21314;
345 1572 407 1615 qui
426 1571 520 1605 Socii
539 1571 583 1605 ad
603 1582 695 1614 quae

188 1621 272 1652 vota
311 1619 439 1653 ultima
482 1619 695 1653 admittendi

185 1667 269 1706 sint,
312 1667 443 1701 statuit
484 1667 588 1708 15415
629 1666 693 1700 157

191 1714 277 1755 168;
315 1715 465 1758 gradum
493 1714 695 1757 magisterii

187 1761 291 1796 Socio
318 1762 426 1796 alicui
451 1761 527 1796 dari
553 1773 622 1796 non
649 1762 695 1795 si·

187 1810 251 1850 nit,
290 1810 359 1843 nisi
386 1821 504 1843 mores
530 1809 694 1843 emenda-

188 1857 283 1891 verit
306 1858 370 1898 56;
396 1858 527 1892 rectori
553 1857 694 1891 cuidam

187 1906 409 1939 suavitatem
460 1906 495 1939 in
537 1905 695 1948 regendo

188 1953 416 1987 commendat
444 1953 530 1994 107;
569 1953 695 1986 Alber-

187 2001 262 2034 tum
290 1999 334 2035 V.
362 2000 539 2034 Bavariae
570 2000 696 2034 ducem

188 2051 305 2091 rogat,
355 2050 396 2082 ut
438 2047 610 2083 Societati
660 2050 696 2082 in

189 2096 494 2130 contionatoribus
584 2096 696 2140 magi-

188 2144 346 2187 strisque
372 2143 554 2178 mutandis
593 2155 696 2178 suam

189 2190 393 2225 libertatem
431 2194 597 2225 constare
637 2203 696 2235 pa-

190 2238 302 2272 tiatur
341 2239 409 2273 258
436 2239 506 2273 280
532 2239 601 2273 303
628 2239 696 2273 312

189 2286 278 2326 329ς
323 2285 444 2320 Socios
481 2286 697 2320 monasterio

190 2333 506 2368 Dominicanorum
586 2345 697 2376 augu-

191 2383 295 2415 stano
314 2382 350 2415 in
369 2381 560 2425 collegium
581 2381 696 2415 Socie-

189 2430 278 2462 tatis
304 2429 525 2463 immutando
553 2440 697 2472 operam

191 2476 276 2510 dare
296 2479 398 2510 vetat
426 2477 492 2511 172
523 2477 590 2511 188
609 2477 696 2517 196;

191 2523 312 2558 Socios
363 2527 586 2568 augustanos
642 2536 697 2558 sa-

189 2571 319 2605 larium
358 2571 615 2606 contionatoris
641 2583 698 2606 ca-

190 2619 366 2653 thedralis
385 2619 576 2653 admittere
596 2622 698 2653 vetat

190 2667 299 2708 50718
336 2667 423 2707 512;
464 2670 697 2712 praeceptum

191 2714 336 2757 mitigat
373 2714 460 2755 5123
505 2714 697 2748 Societatis

190 2763 376 2806 apostatas
415 2762 618 2805 dilinganos
644 2774 697 2796 re—

190 2810 320 2843 ducere
336 2812 485 2844 conatur
498 2810 563 2850 88;
583 2809 695 2843 Theo-

190 2857 348 2891 doricum
393 2857 576 2892 Canisium
623 2869 697 2891 rec-

190 2907 304 2938 torem
321 2904 543 2948 dilinganum
558 2904 698 2939 solatur

190 2952 294 2993 8819;
346 2952 507 2986 admittit
553 2953 696 2986 domum

190 2999 238 3034 SJ
258 2999 443 3034 halensem
473 3000 539 3034 170
567 3000 695 3043 61819;

190 3048 365 3088 concedit,
380 3049 429 3088 ut,
449 3048 532 3081 dum
550 3047 697 3090 reginae

191 3094 336 3137 collegii
363 3095 545 3138 virginum
575 3095 697 3128 halen-

190 3142 241 3176 sis
291 3142 514 3177 fundatrices
556 3143 695 3185 vivunt,

797 241 890 276 Socii
941 240 1123 285 virginum
1167 242 1304 276 confes-

796 289 910 323 sarios
960 292 996 322 et
1038 289 1304 323 contionatores

796 338 909 380 agant
983 337 1113 378 169170
1176 337 1303 378 61819;

797 384 901 428 plura
938 383 1019 417 vide
1057 384 1093 417 in
1128 395 1162 417 v.
1193 383 1303 423 Hala;

797 431 956 464 admittit
974 431 1165 474 collegium
1189 430 1304 465 herbi-

797 478 944 523 polense
983 478 1069 521 5314
1109 479 1176 513 108
1219 478 1304 518 173;

797 537 868 570 qua
895 526 1034 559 ratione
1068 527 1104 559 in
1131 525 1305 559 universi-

798 576 873 607 tate
899 573 1174 616 ingolstadiensi
1201 573 1306 617 paed-

799 621 967 663 agogium
988 622 1024 654 et
1042 632 1169 654 cursus
1194 620 1305 665 philo-

799 668 968 712 sophicus
994 668 1131 711 suscipi
1157 669 1305 712 possint,

799 715 957 759 explicat
1007 716 1142 756 449150
1196 715 1306 757 46118

797 763 887 802 477;
931 763 967 796 in
1010 762 1162 806 collegio
1213 763 1306 796 oeni-

798 812 954 855 pontano
990 810 1217 855 disciplinam
1253 809 1331 844 res

798 858 965 901 ligiosam
1004 857 1183 901 singulari
1221 869 1308 892 cura

797 905 1013 939 servandam
1065 917 1144 939 esse
1187 907 1308 939 monet

800 953 886 993 120;
927 956 967 987 ut
1010 953 1196 996 Fuggeros
1235 955 1306 986 Au-

797 1003 906 1043 gusta
948 1001 1098 1034 Romam
1149 1002 1306 1045 peregri-

797 1051 927 1082 nantes
954 1047 1145 1082 Societatis
1188 1060 1307 1082 sacer-

798 1096 861 1129 dos
904 1096 1105 1137 comitetur,
1154 1099 1306 1138 gravate

796 1146 939 1177 tantum
968 1146 1004 1177 et
1030 1154 1109 1177 cum
1139 1144 1305 1177 cautione

797 1191 974 1235 permittit
1025 1191 1153 1233 35415;
1211 1191 1304 1235 apud

797 1238 837 1271 P.
866 1239 907 1272 V.
936 1238 1057 1278 efficit,
1084 1241 1125 1272 ut
1150 1238 1306 1273 ducissis

797 1286 943 1319 bavaris
978 1286 1087 1320 liceat
1113 1286 1304 1329 collegium

797 1333 989 1367 Societatis
1012 1345 1228 1368 monacense
1254 1333 1304 1367 in-

797 1382 898 1424 gredi
926 1382 990 1422 44;
1019 1382 1056 1416 C.
1085 1384 1121 1415 et
1147 1382 1225 1415 eius
1251 1393 1304 1415 so-

797 1428 939 1463 dalibus
989 1429 1048 1474 pia
1090 1429 1306 1463 munuscula

797 1477 911 1510 mittit
937 1476 981 1510 83
1007 1479 1043 1510 et
1060 1477 1089 1517 ¹;
1116 1476 1153 1510 C.
1173 1480 1305 1518 monet,
1328 1483 1330 1494 ’

798 1527 837 1558 ut
857 1524 899 1558 de
918 1524 1086 1565 obsessis,
1106 1524 1306 1558 visionibus

798 1574 866 1606 etc.
906 1574 1011 1606 caute
1038 1572 1305 1616 prudenterque

798 1619 932 1653 iudicet
958 1620 1065 1661 25617
1086 1620 1154 1654 289
1174 1620 1303 1661 31617;

798 1670 834 1701 et
859 1669 899 1701 ut
925 1667 1124 1701 valetudini
1152 1667 1304 1701 viribus-

798 1726 868 1758 que
916 1715 1083 1749 consulat
1127 1715 1191 1749 171
1237 1715 1306 1751 308

797 1763 866 1797 319
894 1763 983 1803 3233
1010 1765 1046 1796 et
1068 1765 1109 1796 ut
1126 1763 1305 1797 interdum

798 1810 842 1844 ad
878 1822 917 1844 se
949 1810 1094 1852 referat,
1131 1811 1306 1854 quomodo

798 1858 834 1892 in
874 1858 1056 1892 Centuriis
1105 1858 1307 1892 refutandis

799 1906 1051 1950 progrediatur
1105 1906 1171 1939 122
1218 1907 1305 1947 146;

800 1953 838 1988 C.
853 1956 978 1987 contra
991 1953 1182 1987 Centurias
1196 1954 1307 1998 scrip-

799 2003 903 2035 turus
931 2001 1007 2035 eius
1034 2001 1201 2046 precibus
1236 2002 1307 2035 sin-

800 2048 976 2092 gulariter
1009 2060 1048 2082 se
1081 2049 1309 2083 commendat

804 2097 870 2131 138
913 2097 1001 2136 334;
1053 2097 1226 2131 Albertus
1262 2096 1305 2131 V.

800 2144 873 2178 dux
891 2144 1060 2188 Borgiam
1079 2156 1221 2189 semper
1239 2144 1309 2178 sibi

801 2192 1013 2235 gratificari,
1054 2192 1091 2226 C.
1136 2204 1221 2226 vero
1273 2194 1309 2226 et

801 2239 990 2274 Hoffaeum
1033 2240 1219 2274 adversari
1259 2239 1308 2273 di-

801 2287 851 2321 cit
893 2288 980 2328 3293
1021 2287 1128 2331 Borg.
1168 2300 1230 2332 pro
1262 2287 1308 2321 C.

801 2335 953 2378 aliisque
981 2334 1095 2369 Sociis
1126 2335 1309 2379 germanis

801 2382 916 2416 Deum
959 2382 1193 2425 singulariter
1232 2394 1308 2427 pre-

802 2432 904 2463 catur
924 2430 1011 2470 751;
1041 2431 1142 2463 varia
1168 2431 1284 2471 Lvsx1.

754 2477 1048 2511 Franciscus
1104 2477 1309 2520 Borgias

805 2525 871 2568 (3),
908 2524 953 2566 8.,
992 2526 1309 2569 praepositus

802 2572 1030 2615 generalis
1065 2571 1309 2606 Societatis

802 2620 930 2660 Iesu,
976 2620 1134 2654 varia:
1188 2619 1310 2654 Codex

801 2668 1076 2701 meditationum
1115 2669 1152 2701 et
1186 2679 1308 2712 preca-

800 2716 938 2749 tionum
981 2715 1058 2749 eius
1098 2715 1226 2758 75011;
1289 2727 1309 2749 a

801 2762 841 2797 P.
870 2763 912 2797 V.
948 2763 1129 2807 impetrat,
1165 2765 1205 2796 ut
1241 2763 1309 2797 sibi

801 2810 910 2844 liceat
928 2810 1123 2853 imaginem
1139 2810 1179 2844 B.
1195 2810 1308 2851 MV„

802 2869 909 2901 quam
944 2858 1125 2892 Madonna
1163 2857 1197 2891 di
1237 2858 1308 2891 San

801 2905 899 2939 Luca
925 2908 1067 2947 vocant,
1107 2905 1307 2950 exprimen-

802 2953 883 2986 dam
924 2964 1050 2986 curare
1089 2953 1193 2993 261³;
1244 2965 1308 2998 pro

801 3000 936 3044 templo
951 2999 1143 3034 Societatis
1162 3012 1307 3034 romano

801 3047 932 3092 stipem
996 3048 1090 3093 apud
1141 3059 1308 3093 proceres

803 3094 1017 3129 Germaniae
1107 3096 1309 3130 emendicat

801 3143 909 3185 24719
960 3143 1028 3177 251
1080 3143 1187 3185 25617
1240 3144 1308 3178 260

1354 1334 1567 1368 Franciscus

1358 2811 1568 2851 Franconia,

1822 127 1904 167 781

1401 241 1509 284 30213
1560 241 1628 275 313
1679 240 1748 274 318
1798 240 1908 284 32516

1402 289 1470 322 335
1498 289 1567 323 355
1595 289 1682 328 736;
1720 289 1838 327 cavet,
1865 299 1909 321 ne

1402 336 1652 370 P.'rurrianus
1679 338 1804 370 contra
1830 347 1910 379 pro-

1402 386 1581 418 testantes
1679 382 1911 417 mordacibus

1402 431 1523 465 verbis
1549 431 1687 465 scribat
1715 430 1801 469 115:
1842 429 1910 463 Ro-

1402 489 1460 512 ma
1502 478 1715 512 exorcismis
1757 478 1911 511 interest

1402 526 1489 566 375;
1519 525 1558 560 P.
1576 525 1801 570 Onuphrium
1818 525 1907 559 Pan-

1403 573 1539 607 vinium
1560 573 1600 607 O.
1617 574 1650 607 8.
1669 573 1759 615 Aug.
1779 573 1814 606 in
1830 584 1910 617 ope-

1401 620 1501 654 ribus
1564 621 1711 654 edendis
1762 620 1912 654 adiuvat

1404 668 1489 711 7314
1518 668 1603 708 168;
1643 670 1814 710 aegrotus
1840 668 1910 702 210

1404 716 1471 749 et⁷
1511 715 1579 750 240
1619 716 1687 749 243
1727 716 1796 749 254
1838 715 1908 749 486

1403 763 1471 797 589
1535 763 1624 802 618;
1687 762 1910 797 convalescit

1403 811 1472 845 282
1499 810 1567 845 293
1598 811 1686 851 3Ο8;
1727 810 1803 844 voti
1841 809 1912 844 so]-

1403 858 1510 891 vendi
1553 858 1671 901 gratia
1713 857 1909 891 Lauretum

1403 906 1495 950 petit
1521 906 1591 939 308
1609 908 1645 939 et
1664 907 1676 926 ⁴
1704 905 1792 943 318;
1821 905 1910 939 Tus-

1403 953 1473 986 culi
1526 955 1694 987 versatur
1736 953 1798 986 57¹
1845 953 1907 987 171

1403 1001 1472 1034 354
1499 1001 1587 1041 361;
1628 1012 1648 1034 a
1677 1001 1714 1034 P.
1742 1000 1785 1035 V.
1830 1011 1911 1034 cum

1402 1049 1498 1082 card.
1546 1048 1692 1082 Bonello
1742 1048 1778 1081 in
1830 1047 1910 1082 His-

1402 1096 1545 1140 paniam
1597 1099 1633 1129 et
1684 1095 1907 1129 Lusitaniam

1402 1144 1558 1177 mittitur
1609 1144 1677 1178 445
1714 1144 1789 1177 et¹
1839 1143 1907 1177 457

1401 1191 1469 1225 486
1496 1192 1585 1230 498;
1614 1191 1684 1225 alia
1710 1191 1818 1232 49151
1842 1190 1908 1225 107

1403 1239 1510 1279 15215
1549 1239 1654 1280 15819
1695 1239 1800 1280 16112
1842 1238 1909 1273 169

1402 1286 1510 1327 38819
1540 1287 1621 1321 486.

1654 1333 1908 1377 Lotharingiae

1401 1382 1473 1415 dux
1505 1382 1557 1416 13.

1354 1449 1397 1452 —
1426 1430 1468 1463 de
1488 1429 1647 1469 Medicis,
1666 1440 1820 1471 magnus
1836 1428 1909 1462 dux

1403 1477 1604 1511 Florentiae
1630 1477 1699 1510 482
1727 1479 1762 1510 et
1782 1477 1804 1510 ⁵.

1354 1544 1400 1548 —
1426 1524 1475 1558 SJ
1490 1524 1728 1565 v.Adu1·nius,
1745 1523 1909 1564 Antonio,

1402 1572 1580 1612 Astensis‚
1601 1573 1781 1609 Costerus.
1801 1571 1909 1605 Fran-

1403 1619 1521 1654 ciscus
1548 1619 1709 1662 Bor-glas,
1748 1618 1910 1653 Francis-

1403 1679 1467 1701 cus
1525 1667 1716 1708 Xaverius‚
1779 1666 1909 1707 Rocca,

1402 1715 1601 1756 Tou-ensis,
1628 1714 1836 1748 Turrianus.

1357 1781 1399 1787 —-
1428 1763 1618 1801 Xaverius,
1647 1761 1692 1803 8.,
1720 1762 1766 1796 8.]
1793 1762 1874 1796 420.

1355 1810 1497 1844 Franck
1511 1809 1676 1853 (Frank),
1690 1810 1827 1853 Caspar
1841 1809 1910 1844 380

1403 1860 1440 1892 et
1457 1859 1470 1878 ²
1497 1858 1606 1900 56213
1633 1858 1718 1892 5631
1745 1857 1867 1901 67315.

1354 1906 1511 1945 Franco(
1533 1905 1690 1941 Barthol.
1721 1905 1799 1940 718.

1355 1954 1629 1988 Francofurtum
1661 1953 1705 1987 ad
1733 1953 1911 1993 Moenum,

1404 2001 1554 2035 ecclesia
1568 2000 1767 2044 collegialis
1778 2000 1811 2034 8.
1825 2001 1910 2034 Bar-

1403 2049 1608 2088 tholomaei,
1627 2049 1784 2082 decanus
1799 2060 1832 2082 v,
1846 2048 1910 2082 La-

1405 2100 1525 2130 tomus
1552 2097 1615 2137 70;
1644 2096 1682 2130 Β.
1712 2095 1847 2130 Mariae
1866 2095 1909 2131 V.

1405 2145 1556 2186 659s602
1577 2143 1747 2178 Canonici
1762 2144 1912 2186 659160;

1406 2192 1497 2226 Socii
1523 2193 1567 2226 56
1587 2192 1629 2226 97
1651 2192 1735 2230 338;
1764 2197 1913 2225 senatus

1406 2240 1505 2274 urbis
1532 2240 1620 2279 376:
1665 2243 1846 2272 mercatus
1874 2239 1912 2272 li-

1407 2288 1551 2321 brorum
1589 2287 1675 2321 3303
1709 2286 1778 2321 338
1805 2287 1912 2328 37617

1405 2335 1488 2369 4291
1527 2335 1597 2369 438
1635 2335 1704 2369 485
1732 2334 1818 2368 629ἱέ
1844 2334 1913 2369 660

1407 2383 1475 2416 677
1514 2382 1580 2417 687
1616 2383 1684 2417 706
1712 2382 1800 2423 713;
1837 2382 1914 2417 eius

1406 2432 1549 2473 tempus
1575 2433 1742 2463 accurate
1768 2432 1915 2464 notatur

1407 2478 1512 2517 3762;
1556 2477 1649 2511 Socii
1676 2477 1719 2511 ad
1747 2489 1826 2511 eum
1855 2489 1915 2512 ve-

1406 2527 1511 2559 niunt
1538 2526 1627 2565 660;
1654 2525 1809 2559 ministri
1836 2537 1914 2570 pro-

1405 2575 1584 2606 testantes
1611 2573 1699 2612 693;
1744 2573 1826 2606 libri
1853 2585 1914 2607 ex-

1407 2620 1485 2654 cusi
1521 2620 1606 2654 6:29²
1633 2621 1700 2655 677
1730 2620 1797 2655 706
1825 2621 1912 2662 713;

1406 2667 1624 2702 bibliotheca
1703 2668 1788 2703 clar.
1864 2669 1912 2704 Io.

1406 2715 1559 2750 Janssen
1587 2716 1677 2757 669;
1706 2716 1789 2750 bibl.
1814 2716 1914 2751 urbis

1645 2810 1815 2845 nobilitas
1878 2813 1914 2846 et

1406 2858 1524 2892 clerus
1560 2857 1630 2893 384
1666 2859 1753 2899 672;
1792 2870 1913 2893 mona-

1404 2906 1516 2940 steria
1543 2906 1631 2947 3843
1663 2909 1699 2940 et
1726 2919 1758 2941 v.
1787 2906 1913 2941 Herbi-

1405 2953 1506 2998 polis.

1356 3001 1531 3043 Fmscati,
1558 3001 1651 3036 Socii
1676 3013 1740 3036 Lx1
1764 3003 1825 3036 57¹
1846 3003 1909 3037 171

1405 3049 1485 3083 352.

1356 3096 1580 3131 Fraternitas
1617 3097 1744 3132 rosarii
1784 3110 1817 3131 v.
1845 3098 1911 3131 Ro-

1403 3144 1549 3180 sarium.
