2044 3335
180 78 264 118 246
688 76 789 111 1609.
818 75 982 110 canisius
1009 75 1252 112 S.F1·ancisco
1279 77 1442 121 Borgiae.

180 193 374 247 cupimus
407 207 463 234 ex
495 206 613 234 more
647 193 955 236 commendari.
1017 193 1172 235 Mirum
1207 195 1336 245 dictu,
1380 198 1588 248 quantam
1620 195 1735 238 illius
1768 196 1939 239 decum-

179 258 320 299 bentis
353 271 499 299 curam
527 271 698 311 semper
719 258 920 300 habuerit
942 258 1112 311 Regina
1133 258 1406 313 Magdalena,
1441 274 1570 313 quam
1603 259 1787 314 diligens
1809 261 1942 305 fuerit

178 322 220 363 in
254 323 447 376 parando
480 322 541 363 illi
575 323 693 364 uictu
736 322 1000 375 quotidiano,
1044 326 1088 366 et
1124 323 1167 365 in
1201 324 1453 367 exhibendis
1486 325 1812 368 medicamentis
1843 341 1941 381 pre-

176 386 439 430 ciosissimis.
482 387 575 429 Nec
607 387 736 429 fratri
769 387 940 441 quidem
965 388 1179 430 Germano
1212 390 1418 431 maiorem
1451 390 1578 431 fidem
1611 393 1655 432 et
1683 390 1942 434 charitatem

177 452 382 494 exhibere
414 452 640 506 potuisset.
685 452 811 494 Nunc
843 452 991 506 magni
1023 453 1217 508 beneficij
1242 455 1335 496 1000
1359 454 1565 504 ducimus,
1601 456 1713 508 quod
1737 459 1942 499 contenta

176 530 271 558 esse
304 517 410 559 uelit
443 517 593 559 eodem
627 517 906 567 confessario,
941 531 1024 570 quo
1057 518 1196 560 utitur
1219 521 1371 561 soror1
1403 533 1500 561 cum
1532 519 1709 572 reliquis
1741 520 1940 563 foeminis

176 582 354 632 Aulicis,
388 582 434 624 P.
460 583 624 624 Ρ311102
655 582 821 624 scilicet
844 597 1105 636 quamquam
1137 587 1182 626 et
1207 583 1279 626 ille
1301 584 1446 638 pergit
1468 598 1563 626 esse
1586 585 1939 637 ualetudinarius,

175 647 436 700 longamque
477 647 613 689 uitam
651 662 737 689 non
768 647 997 701 promittit,
1041 651 1085 690 et
1116 662 1248 702 saepe
1280 648 1450 702 cogitur
1482 663 1508 691 a
1539 649 1674 691 sacris
1706 651 1940 702 abstinere,

175 712 413 754 mittendus
454 714 554 766 post
594 727 755 766 paucos
793 726 962 754 menses
999 712 1156 755 iterum
1190 713 1245 755 ad
1277 713 1471 756 thermas
1504 728 1598 756 curn
1631 714 1677 756 P.
1713 714 1899 769 Georgio
1913 717 1940 766 3,

175 779 224 819 ut
246 777 398 819 medici
421 778 628 820 suadent:
657 777 810 830 quibus
832 777 1022 820 fortasse
1045 777 1273 820 Rectorem
1297 779 1621 833 Dilingensem4
1644 779 1939 833 adiungemus,

176 844 224 884 ut
257 856 370 896 aqua
401 843 670 885 thermarum
703 842 886 885 salutari
919 856 1040 885 suam
1075 845 1119 885 et
1150 844 1242 898 ipse
1274 843 1427 887 fulciat
1458 844 1813 888 imbecillitatem.

293 907 413 957 Quod
456 908 510 949 ad
553 908 603 949 D.
637 908 819 949 Paulum
862 908 1121 950 Hoffaeum5
1164 909 1345 958 attinet,
1392 923 1476 951 non
1520 909 1639 951 illum
1681 910 1846 964 reperi,
1894 913 1941 953 ut

175 973 397 1026 putabam,
433 972 678 1026 Oeniponti,
712 972 787 1014 sed
814 972 879 1013 his
913 972 1062 1014 diebus
1093 973 1279 1027 primum
1311 974 1509 1024 accessit,
1542 975 1676 1016 semel
1708 977 1753 1016 et
1784 974 1940 1017 iterum

176 1051 201 1079 a
233 1037 432 1091 Principe
465 1038 547 1079 huc
580 1041 800 1080 euocatus.
854 1037 1003 1091 Jgitur
1035 1039 1221 1080 nondum
1256 1039 1471 1093 exposuit,
1506 1053 1616 1092 quae
1648 1040 1691 1081 in
1724 1040 1940 1082 mandatis

174 1102 306 1145 habet
339 1103 391 1144 de
414 1103 603 1156 Collegio
627 1103 821 1154 Halensi,
855 1103 911 1145 ad
944 1103 1056 1156 quod
1089 1105 1224 1146 nostri
1259 1107 1523 1158 expetuntur
1537 1106 1565 1147 6.
1622 1105 1720 1147 Jmo
1744 1105 1940 1158 Regina?

175 1167 342 1211 monuit
383 1170 427 1210 et
467 1168 654 1221 rogauit,
700 1169 819 1210 nulla
859 1172 908 1211 ut
949 1169 1110 1211 mentio
1151 1170 1275 1212 fieret
1308 1170 1359 1211 de
1391 1170 1472 1212 1100
1504 1170 1693 1222 negotio,
1739 1170 1939 1223 quoniam

173 1231 336 1274 luctum
377 1233 457 1275 sibi
494 1234 655 1276 nollet³
687 1233 859 1287 augeri:
904 1248 998 1275 cum
1032 1234 1141 1276 satis
1173 1235 1346 1288 affligat
1376 1249 1493 1276 mors
1526 1235 1792 1289 confessarij.
1856 1235 1939 1278 Sed

174 1300 457 1351 expectamus
489 1299 758 1341 occasionem
782 1298 1070 1341 Archiducem
1104 1300 1397 1351 conueniendi,
1433 1300 1503 1354 qui
1527 1300 1691 1342 utinam
1714 1301 1814 1342 boni
1838 1314 1939 1342 con—

173 1363 302 1412 sulat,
336 1377 460 1404 suum
493 1367 538 1406 et
569 1378 765 1406 sororum
801 1364 1059 1406 desiderium
1093 1379 1119 1407 a
1150 1365 1272 1407 nobis
1305 1380 1389 1407 non
1423 1365 1666 1419 approbari.

292 1428 529 1481 Postquam
572 1443 666 1471 cum
710 1429 860 1471 eodem
894 1430 944 1472 D.
980 1430 1113 1472 Paulo
1155 1430 1303 1472 multis
1345 1430 1415 1484 egi
1447 1431 1499 1472 de
1531 1433 1649 1473 statu
1683 1430 1938 1472 Prouinciae

174 1495 363 1544 nostrae,
409 1494 587 1536 tandem
630 1495 674 1536 in
717 1495 828 1536 hanc
873 1494 1136 1537 sententiam
1181 1496 1306 1537 ambo
1352 1495 1559 1546 uenimus,
1606 1495 1703 1537 huic
1748 1496 1938 1549 Collegio

174 1558 363 1600 maxime
404 1559 621 1601 laboranti
663 1560 824 1602 rectius
867 1560 1031 1602 consuli
1072 1575 1157 1602 non
1195 1574 1334 1614 posse,
1379 1575 1507 1613 quam
1541 1560 1577 1602 si
1609 1560 1815 1602 hocloco
1846 1561 1939 1614 ipse

175 1625 362 1675 maneat,
397 1624 510 1667 sicut
542 1629 586 1667 et
608 1625 649 1666 111
675 1626 792 1667 Vrbe
814 1625 898 1667 fuit
921 1626 1218 1675 constitutum,
1254 1626 1307 1667 ad
1330 1626 1488 1667 festum
1512 1639 1647 1679 usque
1670 1625 1896 1668 Paschatis
1908 1626 1939 1669 8.

176 1687 364 1730 Primum
407 1689 519 1730 enim
562 1691 613 1731 ob
655 1690 800 1732 uarias
842 1693 886 1733 et
917 1705 1075 1743 graues
1108 1691 1341 1733 multorum
1374 1691 1572 1744 querelas
1605 1691 1837 1733 mutandus
1871 1693 1938 1733 est

176 1754 326 1796 statim
350 1754 509 1796 Itector
523 1756 551 1805 9,
587 1769 713 1808 quem
747 1755 939 1797 nonnulli
972 1755 1132 1798 diutius
1164 1756 1279 1797 ferre
1311 1770 1395 1797 non
1428 1758 1618 1809 possent,
1653 1758 1696 1797 et
1718 1756 1864 1797 multis
1887 1756 1939 1798 de

175 1819 316 1860 causis
348 1819 538 1873 expedit,
571 1820 652 1862 hoc
684 1820 866 1863 rectoris
898 1835 1065 1871 munus,
1100 1834 1155 1862 ex
1178 1835 1260 1873 quo
1287 1820 1454 1873 reliqua
1477 1821 1568 1862 fere
1592 1821 1849 1874 dependent,
1884 1821 1938 1862 ad

173 1886 346 1937 tempus
377 1885 534 1926 saltem
567 1885 703 1927 eidem
728 1885 774 1928 P.
799 1886 934 1927 Paulo
968 1886 1231 1928 demandari.
1275 1886 1352 1928 Jta
1388 1900 1472 1927 non
1503 1885 1683 1938 exiguos
1705 1885 1773 1927 1110
1795 1889 1939 1928 motus

176 1949 411 2003 comprimi,
455 1953 499 1992 et
539 1950 696 1992 bonum
739 1951 933 1993 ordinem
976 1951 1227 2005 disciplinae
1268 1951 1446 2004 Collegij
1489 1951 1616 1992 ualde
1658 1950 1856 1993 distracti
1895 1954 1939 1994 et

175 2015 419 2068 perturbati
450 2015 611 2069 imponi
644 2030 771 2069 posse
804 2016 1067 2066 confidimus,
1102 2017 1193 2057 Deo
1227 2016 1474 2058 adiuuante.
1540 2016 1698 2058 Postea
1731 2029 1833 2057 uero
1866 2016 1939 2069 qui

174 2079 336 2121 Rector
352 2079 618 2131 instituetur,
643 2082 772 2122 rebus
789 2081 968 2135 Collegij
993 2095 1068 2135 per
1090 2082 1140 2124 D.
1160 2081 1341 2123 Paulum
1360 2082 1468 2123 bene
1487 2081 1748 2131 constitutis,
1767 2082 1937 2135 procul-

175 2145 303 2186 dubio
335 2145 475 2186 minus
507 2145 743 2187 laborabit:
787 2146 845 2188 Et
886 2160 970 2188 non
1013 2147 1150 2188 solum
1183 2146 1357 2197 fratres,
1402 2147 1478 2188 sed
1517 2146 1647 2189 etiam
1682 2146 1940 2188 Sacerdotes

174 2209 394 2252 habebunt
425 2210 600 2261 rectius,
636 2210 707 2264 qui
739 2211 872 2252 alium
895 2212 1126 2253 Rectorem
1159 2211 1337 2253 minoris
1361 2211 1531 2264 quidem
1554 2210 1833 2253 authoritatis
1856 2225 1940 2252 non

175 2278 265 2317 tam
310 2275 532 2317 commode
580 2275 858 2318 sustinerent.
922 2277 1104 2319 Jnterea
1144 2291 1229 2318 non
1274 2277 1412 2319 deerit
1453 2277 1498 2319 P.
1542 2276 1731 2329 Lanoyo,
1780 2275 1849 2317 ubi
1895 2290 1941 2318 se

176 2342 382 2382 exerceat
422 2340 502 2382 hoc
543 2341 650 2391 1000,
695 2341 953 2395 praesertim
991 2341 1034 2383 in
1067 2341 1332 2395 excipiendis
1364 2341 1598 2383 multorum
1630 2341 1760 2383 etiam
1794 2343 1940 2383 exter-

175 2419 340 2454 norum,
375 2405 447 2458 qui
470 2406 524 2447 ad
547 2409 718 2448 nostros
741 2420 873 2460 saepe
895 2406 1037 2449 solent
1060 2406 1279 2457 accedere,
1311 2409 1355 2448 et
1377 2406 1562 2448 fratrum
1586 2406 1939 2448 confessionibus.

176 2469 342 2522 Dignus
365 2473 432 2512 est
453 2484 558 2512 sane
581 2485 716 2513 senex
737 2471 821 2512 iam
846 2472 1171 2524 sexagenarius,
1196 2471 1268 2524 qui
1290 2476 1338 2514 ut
1360 2471 1451 2525 ipse
1473 2471 1638 2513 tamdiu
1661 2470 1938 2521 desiderauit,

177 2535 357 2587 publicis
398 2536 555 2589 munijs
589 2536 820 2589 aliquando
854 2536 1131 2590 defungatur,
1175 2539 1218 2578 et
1251 2537 1303 2578 ad
1337 2536 1544 2578 maiorem
1576 2535 1938 2588 tranquillitatem

177 2599 336 2648 ueniat,
371 2601 491 2642 uelut
523 2601 730 2643 emeritus
762 2601 898 2644 miles

294 2664 459 2706 Deinde
497 2666 548 2708 D.
582 2666 789 2708 Hoffaeus
831 2680 915 2708 non
958 2666 1095 2708 solum
1141 2666 1272 2717 utilis,
1320 2666 1395 2707 sed
1437 2665 1566 2707 etiam
1610 2665 1799 2718 Collegio
1841 2665 1938 2706 huic

177 2729 446 2770 necessarius
478 2731 661 2779 uidetur,
697 2734 745 2773 ut
776 2731 1014 2785 parochiali
1037 2731 1277 2774 Cathedrae
1309 2731 1433 2772 huius
1466 2729 1611 2784 oppidi
1642 2730 1806 2784 praesit
1838 2744 1939 2772 con-

295 2809 322 2839 a)
344 2810 391 2834 Sic
412 2811 439 2834 in
462 2812 540 2836 arch.
561 2815 720 2837 correctum
741 2815 782 2836 est
802 2819 838 2836 ex
858 2810 983 2836 nollent.

301 2905 308 2923 ¹
336 2904 483 2938 Helena.
606 2905 619 2926 ‘²
647 2906 883 2940 Hetzcovaeo.
1031 2906 1043 2926 ³
1069 2905 1195 2950 Crispo
1224 2904 1385 2948 (Kraus).

296 2958 308 2976 4
336 2957 375 2990 P.
402 2956 661 2991 Theodoricum
689 2960 884 2993 Canisium.
1031 2960 1043 2979 ⁵
1071 2957 1284 2993 Germaniae
1309 2957 1503 3002 superioris
1530 2956 1879 3002 viceprovincialem.

297 3010 309 3028 ⁶
337 3009 427 3043 Vide
453 3021 561 3054 supra
589 3022 621 3055 p.
645 3012 840 3045 169—170.
988 3012 1000 3032 ⁷
1026 3011 1254 3054 Magdalena.

298 3063 310 3081 *⁵*
337 3063 375 3095 ld
402 3064 560 3096 futurum
588 3066 665 3097 erat
695 3064 746 3098 10.
775 3064 920 3108 Aprilis.
1068 3067 1079 3083 '³
1106 3064 1145 3099 P.
1173 3063 1343 3097 Nicolaus
1370 3062 1535 3097 Lanoius.
