2044 3335
351 107 453 142 1713.
480 106 684 140 Fridericus
710 116 730 139 a
749 104 939 148 Wirsberg
966 103 1051 139 Can.
1094 100 1277 146 Herbipoli
1305 99 1337 134 3.
1356 99 1442 133 Maii
1471 97 1574 134 1570.
1758 98 1843 139 405

195 223 440 267 Fridericus
471 223 553 266 Dei
586 222 738 266 Gratia
764 222 1006 277 Episcopus
1029 217 1379 262 Herbibolensisa
1411 219 1455 259 et
1486 212 1669 257 Francie
1692 211 1846 255 Orien-

76 290 178 334 talis
210 291 323 332 Dux.

197 353 469 396 Venerabilis
511 353 679 395 sincere
723 352 892 395 dilecte.
963 349 1176 392 Redditae
1219 350 1320 390 sunt
1361 345 1484 388 nobis
1526 344 1652 386 binae
1692 341 1848 385 literae

76 424 192 467 tuae,
235 418 419 461 diversis
450 417 718 472 temporibus
751 418 806 459 ad
838 431 917 459 nos
949 416 1092 464 datae,
1137 426 1319 467 quarum
1352 410 1503 453 alteris
1536 409 1591 451 ad
1622 407 1847 450 liberalem

76 485 278 539 piamque
310 483 627 526 institutionem
661 486 793 536 atque
825 480 1188 524 sustentationem
1222 490 1383 525 eorum,
1419 475 1489 529 qui
1515 475 1594 516 sub
1618 470 1850 516 Societatis

77 554 180 593 tuae
212 548 348 602 signis
379 548 449 590 hic
482 548 686 599 militant,
728 546 900 601 copiose
931 559 1010 587 nos
1042 541 1339 586 adhortaris1:
1384 539 1534 582 alteris
1566 536 1849 592 praecipitem

78 614 216 669 patris
238 613 446 656 Martini2
469 613 719 663 discessum,
753 626 837 665 quo
870 614 994 665 potes
1018 609 1162 651 colore
1185 620 1370 649 excusas
1392 604 1605 656 simulque
1627 603 1850 650 offensam,

78 680 114 721 si
147 693 277 732 quam
310 692 362 721 ea
394 692 464 720 res
497 677 629 720 animi
661 677 801 720 nostri
834 689 940 729 erga
971 688 1049 716 uos
1082 670 1466 715 commutationem
1500 667 1735 716 attulisset,
1777 666 1851 707 de-

78 743 284 798 precaris.
348 742 721 797 Respondebimus
763 742 817 783 ad
859 741 1022 783 ambas,
1086 739 1145 780 Et
1185 737 1370 791 primum
1413 733 1598 787 quidem,
1642 731 1756 784 quod
1798 730 1852 773 ad

80 808 423 851 cohortationem
447 808 566 850 illam
588 811 708 850 tuam
736 807 909 855 attinet,
942 805 1006 848 ita
1038 804 1092 846 ab
1125 802 1267 845 animo
1300 799 1444 855 parati
1476 797 1636 839 fuimus
1669 808 1853 849 semper,

80 876 129 916 ut
162 887 292 927 quum
324 873 422 927 piae
454 872 742 915 institutionis
766 886 913 914 curam
937 867 1383 919 exercitationemque
1407 863 1543 906 Sociis
1565 861 1652 904 tuis
1674 860 1854 902 manda-

80 939 284 989 uerimus,
318 938 373 980 ad
404 938 714 980 liberalitatem
748 950 854 990 erga
885 936 1003 990 ipsos
1035 931 1348 976 ostendendam
1382 943 1466 971 non
1499 928 1638 969 solum
1670 924 1856 968 incredi-

81 1004 190 1046 biles
221 1004 373 1046 horum
396 1002 745 1046 tristissimorum
767 1004 1013 1055 temporum
1036 998 1331 1046 difficultates,
1366 994 1441 1037 sed
1465 1007 1543 1035 nos
1574 992 1691 1046 ipsos
1725 989 1857 1033 etiam

82 1069 326 1111 uicerimus.
398 1068 458 1111 Et
498 1082 604 1110 sane
645 1067 701 1110 ad
741 1066 958 1120 frugalem
1005 1065 1319 1116 honestamque
1366 1057 1595 1102 uictitandi
1642 1056 1854 1098 rationem

84 1133 197 1187 quod
229 1133 402 1184 attinet,
446 1133 552 1174 nihil
585 1132 703 1187 passi
736 1146 884 1174 sumus
915 1131 1020 1186 ipsis
1051 1131 1264 1172 hactenus
1297 1127 1462 1175 deesse,
1505 1121 1720 1165 uestiendi
1753 1134 1858 1174 quo-

85 1213 168 1253 que
200 1212 304 1240 cura
336 1211 474 1252 nuper
504 1198 548 1239 in
580 1212 659 1240 nos
691 1200 910 1252 suscepta,
944 1199 993 1238 ut
1025 1209 1150 1237 nemo
1173 1193 1255 1235 nisi
1277 1189 1600 1245 ingratissimus
1622 1189 1859 1239 nostraque

85 1263 369 1306 beneficentia
399 1263 615 1317 indignus,
650 1262 703 1305 de
736 1261 993 1305 necessariis
1025 1260 1081 1302 ad
1111 1258 1319 1302 tuendam
1352 1257 1488 1299 uitam
1522 1251 1724 1295 subsidiis
1757 1265 1859 1293 con-

86 1329 208 1382 queri
239 1329 331 1371 iure
363 1328 514 1383 possit.
579 1328 721 1378 Quare
753 1328 816 1371 ita
848 1327 926 1370 tibi
968 1325 1235 1381 persuadeas
1268 1336 1352 1376 quo
1384 1324 1487 1363 tuae
1521 1316 1751 1361 Societatis
1783 1316 1860 1358 ho-

86 1394 224 1436 mines
256 1394 300 1435 in
332 1394 572 1436 excolenda
603 1393 959 1446 instituendaque
990 1391 1218 1433 iuuentute
1250 1390 1403 1430 nostra
1435 1383 1735 1438 diligentiores
1768 1382 1861 1424 ala-

86 1459 333 1512 crioresque
355 1473 632 1514 perspexero,
666 1458 748 1500 hoc
770 1472 848 1500 nos
870 1456 1160 1500 luculentiora
1188 1451 1466 1496 liberalitatis
1489 1450 1620 1503 (quae
1650 1448 1864 1490 hactenus

86 1525 171 1567 illis
203 1538 423 1578 nunquam
456 1525 606 1567 clausa
637 1523 738 1577 fuit)
780 1524 906 1577 signa
939 1523 1145 1572 edituros,
1187 1522 1237 1562 ut
1268 1533 1354 1561 non
1395 1520 1486 1560 tarn
1519 1528 1599 1557 nos
1639 1513 1863 1555 hortatum

87 1593 132 1634 te
165 1604 274 1641 esse,
309 1604 438 1643 quam
471 1592 732 1639 currentem,
767 1589 880 1642 quod
913 1588 1049 1638 aiunt,
1083 1586 1291 1629 incitasse
1323 1582 1514 1625 uideare.

207 1655 277 1697 Ex
317 1655 456 1709 patris
487 1654 667 1698 Martini
709 1654 900 1697 discessu
941 1653 1046 1695 nihil
1083 1650 1405 1694 dissimulamus
1436 1661 1515 1688 nos
1548 1657 1754 1698 magnum
1788 1641 1865 1683 do-

87 1722 224 1763 lorem
258 1720 437 1775 cepisse,
472 1734 610 1774 eoque
642 1720 922 1770 acerbiorem,
958 1718 1071 1772 quod
1094 1717 1131 1759 is
1159 1731 1256 1759 cum
1288 1714 1415 1756 huius
1437 1714 1615 1754 nostrae
1637 1706 1865 1751 Ecclesiae

89 1785 280 1828 maximo
325 1785 598 1828 incommodo
644 1785 899 1828 coniunctus
944 1784 1023 1835 sit,
1070 1796 1197 1836 quem
1242 1794 1349 1823 sane
1391 1778 1584 1821 dolorem
1625 1788 1681 1816 ex
1723 1772 1866 1815 animo

89 1854 238 1894 nostro
271 1865 326 1893 ne
358 1851 498 1893 adhuc
531 1851 703 1905 quidem
726 1851 980 1903 abstergere
1012 1861 1255 1903 possumus.
1300 1844 1621 1899 Scripseramus
1643 1837 1867 1893 superiore

90 1930 239 1959 mense
280 1916 516 1959 Februario
558 1917 742 1959 Romam
787 1917 842 1958 ad
885 1913 1118 1957 Societatis
1165 1914 1341 1955 vestrae
1384 1906 1673 1952 Greneralem3
1720 1907 1765 1946 et
1813 1902 1868 1945 ad

92 1981 400 2036 prouincialem
435 1981 782 2036 Oenipontanum
796 1982 827 2032 4,
871 1994 978 2034 quas
1020 1979 1173 2022 literas
1214 1990 1383 2019 summa
1415 1972 1642 2017 celeritate
1675 1969 1870 2024 perlatas

92 2047 373 2100 redditasque
405 2061 514 2098 esse,
547 2047 672 2089 nobis
704 2049 824 2090 certo
858 2048 1044 2089 constat.
1100 2044 1276 2086 Summa
1307 2041 1480 2084 illarum
1512 2038 1738 2080 literarum
1772 2033 1868 2084 fuit,

93 2115 143 2155 ut
175 2113 221 2155 P.
244 2112 460 2154 Martinus
493 2113 546 2155 ob
581 2112 824 2156 Germanici
858 2110 1093 2161 idiomatis,
1137 2108 1251 2163 quod
1292 2107 1335 2149 in
1368 2106 1451 2149 hac
1482 2101 1715 2146 Prouincia
1745 2113 1871 2141 usur-

93 2180 243 2233 patur,
292 2180 540 2232 promptam
590 2178 899 2229 elocutionem,
948 2178 993 2219 et
1034 2175 1148 2230 quod
1192 2173 1328 2229 ipsius
1370 2170 1598 2214 conciones
1639 2181 1665 2209 a
1707 2165 1871 2207 ciuibus

94 2242 269 2294 nostris,
302 2256 441 2297 praua
473 2243 674 2298 opinione
706 2241 1028 2286 Lutheranismi
1055 2239 1285 2294 corruptis,
1320 2235 1595 2292 cupidissime
1629 2229 1872 2285 diligentis-

95 2308 287 2362 simeque
321 2308 588 2360 audirentur,
633 2308 919 2362 laudibusque
960 2307 1003 2349 in
1038 2306 1206 2349 coelum
1239 2304 1517 2352 ueherentur,
1559 2298 1628 2340 hic
1660 2296 1783 2338 nobis
1816 2294 1872 2337 ad

96 2374 335 2416 docendum
369 2374 575 2428 populum
608 2373 967 2427 relinquereturb.
1032 2372 1132 2414 Non
1164 2371 1301 2412 multo
1335 2371 1433 2424 post
1467 2365 1619 2409 eadem
1653 2362 1705 2404 de
1736 2374 1785 2403 re
1818 2359 1873 2402 ad

96 2438 406 2493 prouincialem
429 2439 476 2483 P.
494 2439 732 2482 Antonium
750 2439 867 2481 Vink
881 2440 897 2466 5
915 2439 1120 2481 accurate
1142 2435 1407 2490 scripsimus,
1442 2442 1625 2486 quarum
1647 2427 1873 2470 literarum

97 2505 322 2559 exemplar
363 2518 459 2546 cum
501 2504 636 2559 ipsius
677 2504 960 2559 responsione
1004 2502 1071 2545 his
1112 2502 1327 2543 inclusum
1369 2499 1570 2554 accipies.
1643 2499 1872 2542 Caeterum

231 2579 258 2611 a)
281 2579 336 2610 Sic,
357 2582 387 2604 ut
408 2580 535 2611 videtur,
555 2580 764 2611 archetypmn;
784 2579 969 2604 scribendum
989 2580 1085 2602 (cutem
1105 2576 1165 2607 fnit
1184 2574 1425 2608 HerbipolensiS.
1498 2574 1528 2605 b)
1549 2573 1777 2607 relinqueratur
1796 2572 1876 2597 arch.

224 2683 230 2700 ²
257 2681 349 2715 Vide
375 2692 486 2726 supra
512 2692 545 2725 p.
565 2680 766 2715 383—384.

219 2734 231 2754 ²
257 2734 297 2768 P.
316 2734 497 2769 Martinus
515 2733 787 2775 Stevordianus,
815 2733 876 2777 qui
903 2733 946 2766 de
965 2731 1156 2766 Societatis
1186 2728 1393 2775 „provincia
1413 2728 1628 2763 Germaniae
1654 2727 1870 2773 superioris'‘

100 2790 188 2829 erat,
224 2798 255 2822 a.
278 2788 369 2822 1569
394 2787 586 2822 Monachio
620 2787 665 2821 ad
692 2789 836 2832 tempus
862 2786 1059 2827 Coloniam,
1096 2784 1187 2825 inde,
1224 2786 1263 2817 ut
1290 2783 1462 2817 Friderici
1498 2782 1657 2828 episcopi
1687 2781 1876 2816 desideriis

100 2840 304 2883 satisfieret,
332 2840 555 2886 Herbipolim
575 2840 815 2885 (WViirzburg)
838 2839 881 2874 ad
901 2839 1085 2874 contiones
1103 2838 1139 2871 in
1163 2837 1297 2882 templo
1324 2836 1523 2871 cathedrali
1541 2835 1726 2870 habendas
1743 2835 1877 2869 missus

101 2895 200 2934 erat;
229 2906 264 2929 v.
292 2905 403 2939 supra
428 2906 462 2939 p.
482 2894 551 2929 329
578 2894 659 2929 388.

222 2947 234 2967 ³
259 2946 312 2981 De
337 2946 395 2981 his
419 2946 552 2981 litteris
578 2947 623 2981 ad
650 2946 684 2981 S.
705 2946 938 2981 Franciscum
966 2945 1134 2988 Borgiam
1162 2943 1256 2978 datis
1281 2955 1316 2978 ν.
1336 2954 1446 2988 supra
1472 2954 1506 2988 p.
1525 2942 1605 2977 389.

221 3002 233 3019 ¹²
261 3000 316 3034 Ad
342 3000 382 3034 P.
410 3000 563 3035 Paulum
591 3000 792 3041 Hoffaeum,
820 2999 1021 3044 Oeniponte
1048 3010 1088 3032 eo
1115 3000 1278 3042 tempore
1304 2997 1508 3041 degentem.

222 3055 234 3072 ⁵
260 3053 301 3088 P.
320 3054 500 3088 Antonius
518 3053 637 3088 Vinck
664 3053 871 3098 provinciae
898 3051 1090 3087 Societatis
1117 3051 1308 3093 rhenanae,
1335 3051 1380 3084 ad
1407 3061 1515 3095 quam
1543 3049 1734 3093 collegium
1761 3047 1878 3082 herbi—

102 3104 247 3149 polense
274 3107 488 3152 pertinebat,
514 3109 693 3152 praeerat.
