2044 3335
560 131 659 165 Inter
684 142 730 164 m.
751 131 956 174 Augustum
984 132 1020 164 et
1045 128 1280 164 Decembrem
1309 128 1411 162 1567.
1819 130 1870 169 77

100 251 292 304 inquirat
324 253 369 293 et
401 249 594 292 studiose
626 249 846 302 intelligat
873 250 925 291 de
949 247 1245 291 sanctionibus
1268 246 1540 296 Pontificum,
1575 245 1688 288 sicut
1710 245 1874 287 Romae

101 315 313 371 publicari
346 315 500 357 solent.

220 381 288 422 Ex
329 380 396 421 his
428 393 532 421 uero
567 379 873 422 Sanctionibus
905 379 1006 420 illae
1038 377 1259 420 notandae
1292 379 1394 418 sunt
1427 375 1630 425 maxime,
1676 389 1787 427 quae
1822 375 1875 416 ad

101 460 248 488 curam
272 445 514 487 animarum
538 446 583 486 et
605 444 791 485 officium
818 444 1129 498 Episcoporum
1153 443 1368 497 spectant,
1393 454 1590 494 quaeque
1613 439 1875 481 sententiam

103 509 565 552 excommunicationis
603 508 781 551 maioris
812 509 976 551 habent
1008 521 1238 550 annexam.
1298 505 1416 547 Talis
1449 508 1517 547 est
1549 505 1676 547 Bulla
1708 505 1877 546 Coenae

102 574 289 626 Domini,
325 577 373 616 ut
405 576 578 624 uocant,
617 574 815 627 aliaeque
841 574 1002 628 plures,
1037 587 1149 625 quae
1171 572 1227 614 ad
1249 570 1674 612 Reuerendissimurn
1697 570 1750 612 D.
1774 569 1877 610 Car—

102 640 288 682 dinalem
323 640 659 692 Augustanuml
700 639 955 691 frequenter
992 638 1262 680 adferuntur.
1328 636 1454 677 Certe
1486 648 1653 676 summo
1687 633 1878 688 periculo

103 719 199 747 sese
241 704 461 758 obijciunt,
505 706 549 746 et
582 703 706 757 quasi
739 706 1023 746 contemnunt
1054 701 1214 745 Christi
1248 701 1454 753 Petrique
1487 699 1762 749 Cathedram,
1807 698 1877 751 qui

103 770 371 824 dispensant,
415 771 628 818 statuunt,
676 769 880 811 ordinant
919 769 963 810 in
1001 768 1067 822 ijs,
1109 781 1221 820 quae
1263 766 1345 808 sibi
1386 767 1585 808 reseruat
1626 763 1879 818 Apostolica

102 835 241 885 sedes,
284 837 329 877 et
370 848 552 888 quorum
595 834 902 887 cognitionem,
945 833 1203 876 facultatem
1238 831 1309 873 uel
1341 830 1711 885 dispensationem
1744 829 1799 870 ad
1832 841 1878 870 se

103 900 240 942 solam
285 900 380 942 uult
424 899 657 954 pertinere.
721 899 814 941 Nec
860 901 928 941 est
974 897 1216 940 censendus
1257 896 1331 938 ille
1373 910 1476 937 uere
1517 895 1765 937 Catholicus
1807 893 1878 947 qui

103 979 285 1019 poenam
328 964 790 1007 excommunicationis
832 979 857 1006 a
900 963 1104 1018 pontifice
1136 962 1330 1004 Maximo
1372 961 1508 1003 latam
1550 960 1791 1014 uilipendit,
1835 961 1878 1000 et.

104 1044 200 1072 cum
235 1030 375 1081 debet,
409 1044 496 1071 non
529 1030 624 1072 uult
655 1044 834 1083 prorsus
866 1029 1127 1082 intelligere.

224 1095 361 1138 Recte
393 1095 573 1145 faceret,
608 1094 644 1136 si
678 1094 904 1136 concilium
938 1092 1291 1136 hebdomodatim
1323 1091 1576 1134 institueret
1608 1104 1663 1131 ex
1695 1089 1748 1143 ijs
1774 1088 1878 1130 uiris

104 1175 211 1214 quos
255 1160 527 1214 probatiores
572 1160 772 1213 agnoscit
814 1159 857 1201 in
900 1173 978 1201 suo
1012 1159 1149 1209 Clero,
1197 1171 1293 1199 cum
1336 1157 1402 1198 his
1435 1155 1699 1198 conferenda
1732 1156 1879 1196 essent-

104 1226 340 1280 plaeraque
387 1228 481 1267 tum
527 1225 580 1267 ad
627 1225 898 1279 disciplinam
944 1223 1276 1272 restituendam,
1325 1226 1417 1265 tum
1466 1221 1520 1263 ad
1565 1221 1788 1275 praelatos
1836 1222 1880 1261 et

105 1294 304 1345 pastores
352 1291 564 1332 iuuandos
612 1290 891 1344 pertinentia.
956 1289 1056 1331 Non
1103 1289 1167 1331 ita
1214 1301 1373 1340 magno
1422 1286 1599 1339 negotio
1645 1286 1879 1327 multorum

106 1356 243 1398 morbi
283 1355 495 1410 paulatim
537 1356 887 1406 emendarentur,
931 1355 968 1396 si
1001 1354 1244 1408 Episcopus
1286 1356 1620 1406 cognosceretur
1659 1350 1771 1393 serio
1805 1350 1881 1391 ad-

107 1422 303 1474 uigilare,
337 1435 468 1475 saepe
500 1421 771 1475 inspectores
805 1424 849 1463 et
883 1421 1189 1462 obseruatores
1222 1418 1409 1467 mittere,
1445 1421 1489 1460 et
1521 1419 1750 1471 paternam
1774 1415 1882 1457 leni-

106 1490 243 1530 tatem
278 1501 374 1528 cum
407 1487 523 1529 iusta
555 1486 707 1528 iudicis
740 1486 980 1528 seueritate
1013 1485 1209 1526 miscere.

226 1552 354 1594 Nunc
386 1552 609 1606 plaerique
642 1565 726 1593 non
761 1550 960 1604 uigilant,
995 1550 1095 1604 quia
1128 1549 1198 1591 uel
1232 1548 1390 1590 dormit
1424 1548 1493 1589 uel
1527 1561 1613 1589 non
1642 1548 1779 1596 curat,
1814 1545 1882 1587 uel

108 1618 335 1672 indulgere
382 1617 527 1671 pergit
569 1617 824 1672 Episcopus.
890 1616 1021 1658 Pauci
1064 1617 1289 1668 rogantur,
1334 1628 1387 1656 an
1431 1616 1475 1654 et
1520 1612 1733 1666 quomodo
1775 1611 1882 1652 Bre-

106 1683 290 1725 uiarium
314 1683 477 1736 legant,
511 1697 620 1736 quas
642 1682 686 1724 in
708 1683 872 1736 templo
896 1681 1195 1723 caeremonias
1218 1680 1464 1728 obseruent,
1499 1677 1712 1731 quomodo
1736 1690 1883 1718 sacra-

107 1751 256 1791 menta
287 1748 549 1798 ministrent,
585 1762 715 1801 quam
749 1762 895 1789 curam
930 1746 1159 1789 sacristiae
1191 1746 1260 1787 uel
1294 1744 1474 1798 sacrarij
1508 1744 1714 1786 habeant.
1763 1742 1883 1783 Haec

108 1828 211 1856 uero
245 1814 408 1868 absque
440 1813 556 1856 omni
589 1813 715 1867 graui
747 1816 868 1855 motu
900 1812 985 1855 illis
1018 1811 1225 1854 inculcari
1261 1813 1305 1853 et
1334 1810 1495 1851 abillis
1519 1809 1661 1862 exigia
1692 1810 1882 1862 possent,

109 1879 182 1933 qui
214 1883 316 1922 sunt
349 1879 548 1933 quidemb
581 1878 805 1921 Catholici.
870 1879 938 1920 Ad
972 1891 1114 1919 mores
1146 1878 1300 1931 postea
1333 1875 1568 1917 ueniretur.

230 1945 273 1988 Si
316 1946 487 1999 quando
529 1945 736 1999 grauiora
779 1943 999 1994 incidant,
1047 1957 1158 1995 quae
1200 1941 1517 1996 permittenda,
1563 1953 1647 1981 non
1689 1938 1883 1980 sananda

110 2011 179 2053 uel
202 2011 420 2065 punienda
451 2011 666 2059 uidentur,
701 2010 936 2052 Consilium
960 2008 1225 2051 doctiorumc
1258 2006 1530 2055 adhibeatur,
1564 2018 1703 2058 neque
1733 2003 1881 2046 statim

111 2075 351 2131 Episcopus
393 2076 473 2118 hoc
514 2076 595 2117 sibi
636 2075 767 2117 licere
809 2077 948 2129 putet,
991 2078 1039 2116 ut
1070 2073 1113 2115 in
1146 2072 1283 2114 sacris
1316 2075 1393 2114 aut
1425 2071 1659 2125 dispenset,
1703 2071 1779 2111 aut
1820 2069 1883 2109 in-

111 2141 304 2195 dulgeat‚
338 2142 597 2196 praesertim
631 2141 703 2183 ubi
735 2155 821 2182 non
853 2140 991 2182 solum
1015 2139 1271 2193 Episcopus
1305 2137 1381 2179 sed
1414 2137 1544 2179 etiam
1580 2136 1780 2190 princeps
1803 2137 1883 2177 est.

231 2207 385 2260 Neque
408 2206 677 2262 probandum
701 2207 871 2248 illorum
897 2205 1121 2248 consilium
1146 2206 1283 2258 putet,
1319 2202 1392 2256 qui
1413 2202 1717 2256 praesentibus
1739 2214 1883 2242 rerum

112 2272 445 2315 difficultatibus
478 2272 689 2323 deterriti,
723 2271 830 2313 nihil
862 2271 955 2313 fere
988 2273 1178 2319 tentant,
1221 2271 1298 2311 aut
1329 2267 1495 2311 tentari
1527 2267 1692 2318 uolunt,
1726 2266 1768 2307 in
1802 2265 1886 2306 Re-

113 2337 275 2390 ligione
308 2338 531 2381 Catholica
563 2337 838 2387 uindicanda,
872 2337 948 2379 sed
980 2336 1177 2378 homines
1209 2334 1353 2389 potius
1387 2347 1516 2386 quam
1552 2333 1690 2374 Deum
1719 2331 1889 2380 timent,

112 2406 397 2458 praepostere
429 2403 583 2454 timidi,
626 2402 699 2445 ubi
732 2403 811 2444 Dei
844 2403 981 2444 honos
1023 2404 1068 2443 et
1099 2400 1325 2442 Ecclesiae
1367 2398 1557 2451 dignitas
1598 2396 1889 2439 necessarium

114 2483 141 2511 a
173 2469 296 2511 nobis
329 2470 467 2511 zelum
499 2468 695 2522 requirit.

234 2535 316 2577 Hic
357 2535 492 2588 igitur
533 2535 616 2577 etsi
659 2536 860 2576 extrema
897 2535 1072 2575 tentare
1105 2531 1299 2573 remedia
1331 2543 1415 2571 non
1449 2528 1622 2578 attinet,
1666 2527 1892 2569 moderata

114 2602 263 2642 tamen
286 2600 551 2654 experienda
567 2599 784 2649 uidentur,
819 2598 1005 2652 sumptis
1028 2597 1228 2638 nimirum
1252 2594 1388 2648 initijs
1412 2608 1437 2636 a
1458 2594 1589 2636 rebus
1611 2592 1891 2642 facilioribus,

116 2667 162 2708 et
195 2665 391 2708 coniecta
413 2665 456 2706 in
481 2665 820 2719 omnipotentem
846 2665 983 2705 Deum
1009 2661 1141 2705 animi
1163 2661 1334 2710 fiducia,
1370 2662 1417 2701 ut
1440 2659 1649 2714 paulatim
1674 2658 1893 2712 erigamus

118 2731 392 2785 disciplinam
426 2744 537 2784 quae
571 2730 684 2784 apud
707 2729 954 2772 Catholicos
986 2728 1205 2783 prolapsa,
1241 2730 1285 2768 et
1317 2740 1448 2779 saepe
1482 2726 1734 2778 contempta
1765 2724 1892 2774 iacet,

119 2810 175 2838 ex
207 2796 362 2850 supina
395 2810 573 2850 prorsus
606 2795 876 2848 negligentia
908 2793 1172 2848 praesulum.

238 2862 458 2903 Tradatur
489 2860 714 2915 parrochis
741 2862 785 2902 et
809 2858 1096 2912 Confessarijs
1129 2857 1294 2907 modus,
1330 2870 1455 2909 quem
1491 2855 1606 2897 circa
1639 2855 1896 2897 confitentes

119 2930 164 2969 et
194 2926 469 2981 poenitentes
501 2927 747 2976 obseruent,
780 2939 835 2966 ne
867 2923 1057 2977 alioquin
1090 2922 1151 2965 sid
1185 2935 1383 2964 caecus
1417 2926 1663 2963 caecume
1697 2920 1757 2961 du
1770 2921 1893 2968 cat‘2.

239 3002 266 3033 a)
287 3003 314 3027 R
332 3002 412 3026 hand
433 3005 526 3026 recte:
547 3000 644 3032 exegi.
726 3000 755 3031 b)
778 3002 804 3026 B
818 3001 845 3025 R
865 3000 962 3024 minus
982 3002 1075 3024 recte:
1097 2997 1229 3030 qnidam.
1314 2997 1339 3028 c)
1362 2996 1522 3022 doctorum
1544 2997 1577 3020 R.
1662 2995 1691 3021 d·
1714 2997 1773 3020 Ilm:
1795 3004 1816 3020 v.
1839 3004 1892 3019 mm

119 3047 161 3068 est
181 3044 263 3075 apud
282 3044 318 3068 R.
393 3045 419 3069 e)
440 3049 548 3067 coecus
569 3049 691 3068 coecum
713 3043 746 3067 R.

246 3142 253 3159 ¹
281 3138 452 3173 Ottonem
479 3138 689 3172 Truchsess.
836 3137 849 3156 ‘²
877 3137 925 3170 Lo
952 3137 983 3177 6,
1010 3136 1066 3170 39.
1118 3135 1173 3169 Mt
1203 3135 1255 3175 15,
1285 3135 1338 3168 14.
