2044 3335
674 98 821 141 Dilinga
850 98 904 132 13.
924 96 1081 140 Augusti
1102 95 1204 130 1568.
1748 95 1833 136 205

59 217 295 266 111111111111111,
329 215 475 266 soluit,
503 214 584 257 nisi
616 213 914 269 praemonitus
937 217 982 257 et
1003 215 1199 267 rogatus,
1234 211 1373 253 multa
1395 212 1551 264 sponte
1573 223 1670 251 mea
1692 209 1839 263 parari

59 283 198 333 iubeo,
233 294 415 335 sperans
449 280 660 334 optimum
686 281 932 333 patronum,
966 280 1009 320 in
1032 278 1162 319 rebus
1185 275 1377 329 Collegio
1399 274 1671 328 necessarijs‚
1707 274 1840 315 clien—

58 347 163 390 tulis
203 360 289 387 non
331 345 596 388 defuturum.
660 344 718 385 Et
760 343 934 396 quidem
976 343 1090 397 quod
1131 342 1186 384 ad
1219 340 1534 394 supellectilem
1567 341 1613 381 et
1645 338 1731 381 alia
1763 352 1838 380 ne-

60 410 252 455 cessaria
273 409 447 461 attinet,
479 423 661 462 quorum
685 409 915 450 certiorem
938 423 1024 450 non
1046 407 1130 449 feci
1153 420 1448 455 oeconomum,
1481 407 1662 459 propter
1684 417 1840 445 causas

61 477 214 527 dictaS,
250 489 331 528 ego
364 475 419 517 ad
455 476 539 517 100
573 476 806 516 coronatos
839 474 969 516 facile
1001 473 1088 515 iam
1121 471 1321 525 expendi.
1377 470 1548 512 Sufficit
1579 469 1703 511 nobis
1726 468 1840 521 quod

60 541 292 585 Dominum
325 553 607 582 oeconomum
640 539 685 581 in
717 539 846 580 rebus
879 539 990 593 alijs,
1026 551 1137 591 quae
1170 550 1354 590 magnas
1377 549 1569 577 summas
1592 534 1838 583 conficiunt,

59 608 309 662 promptum
358 605 619 646 habeamus:
669 604 745 646 dat
793 603 906 645 enim
953 603 1206 655 diligentem
1256 614 1432 655 operam
1478 603 1528 642 vt
1569 599 1750 652 Murarij
1797 601 1841 640 et

60 670 255 724 Lignarij
298 670 379 711 hoc
421 673 630 712 autumno
672 669 952 723 praecipuam
996 667 1139 722 operis
1180 669 1352 721 partem
1395 666 1640 707 absoluant.
1705 664 1840 718 Spero

62 750 131 778 me
172 734 421 777 habiturum
464 734 593 777 isthic
627 736 671 776 et
704 734 957 787 diligentem
990 735 1333 788 procuratorem,
1377 734 1422 773 et
1453 729 1842 772 munificentiorem

64 804 318 856 patronum,
366 800 410 841 in
451 799 533 841 hac
575 799 879 853 qualicumque
919 798 1208 847 necessitate,
1254 810 1364 849 quae
1415 809 1465 837 eo
1499 794 1623 843 ,1111111
1668 793 1844 847 grauior

65 865 253 916 videtur,
297 865 411 918 quod
444 870 565 907 eama
605 864 716 906 nonb
758 864 1080 914 necessitatem,
1124 862 1200 904 sed
1233 861 1467 904 auaritiam
1501 860 1596 913 alijc
1627 859 1844 913 interpre-

63 933 227 981 tentur,
269 931 345 972 sed
381 930 536 983 quibus
568 929 611 971 in
643 932 769 972 tanto
804 929 1012 979 aedificio⁷
1056 931 1268 980 tantoque
1300 927 1486 969 fratrum
1519 939 1700 967 numero
1734 938 1843 978 opus

64 996 122 1038 sit
162 995 291 1038 facile
331 995 585 1048 intelligunt
626 995 861 1049 sapientes.
925 992 1135 1046 Quicquid
1176 993 1353 1035 tandem
1395 1005 1474 1046 pro
1516 989 1843 1043 Dilingensibus

64 1061 134 1103 vel
178 1075 256 1115 pro
300 1060 427 1102 huius
471 1060 723 1114 prouinciae
765 1060 910 1114 potius
952 1058 1185 1101 seminario
1218 1058 1298 1099 hoc
1330 1058 1425 1099 loco
1457 1055 1725 1098 instituendo
1759 1054 1844 1096 Re-

63 1126 262 1169 uerentia
284 1126 332 1168 T.
365 1125 684 1180 impetrauerit,
717 1125 897 1167 maximi
929 1123 1124 1178 beneficij
1158 1124 1253 1165 1000
1276 1123 1319 1164 id
1340 1122 1609 1164 habebimus.
1653 1119 1842 1162 Jnterim

65 1191 212 1234 debita
244 1191 391 1244 aliqua
424 1190 720 1240 conflabimus,
754 1190 798 1232 in
832 1190 1005 1232 Domini
1037 1189 1234 1231 bonitate
1266 1190 1509 1242 sperantes.

185 1256 397 1310 Optamus
439 1258 587 1298 autem
627 1256 754 1298 vnice
795 1270 849 1297 ne
883 1254 1288 1297 Reuerendissimus
1325 1253 1408 1294 huc
1440 1251 1648 1302 scribens,
1690 1252 1842 1292 nostra

66 1336 200 1364 causa.
240 1335 417 1364 suorum
459 1321 710 1363 officialium
754 1321 1001 1375 quempiam
1041 1319 1328 1374 perstringat,
1370 1331 1426 1360 ne
1466 1317 1660 1359 infirmos
1692 1329 1841 1358 eorum

65 1387 233 1430 animos
265 1386 405 1440 magis
438 1386 695 1429 exacerbari
728 1390 881 1429 contra
914 1386 1103 1439 quietem
1136 1388 1332 1426 nostram
1367 1383 1607 1436 contingat.

185 1451 305 1502 Quae
346 1452 399 1494 de
440 1452 597 1503 vsuris,
640 1452 896 1507 pluralitate
928 1451 1237 1493 beneficiorum
1270 1450 1313 1491 in
1346 1448 1508 1491 nostris
1541 1446 1767 1489 Canonicis
1801 1449 1845 1488 et

67 1517 208 1571 alijs1‚
256 1520 339 1561 etc.
385 1531 517 1572 saepe
560 1532 639 1559 nos
684 1517 814 1559 dubia
856 1517 1154 1570 exagitarunt,
1201 1515 1397 1569 cupimus
1439 1528 1465 1556 a
1498 1511 1764 1555 Reuerentia
1795 1512 1844 1554 T.

65 1582 196 1625 isthic
235 1582 469 1636 diligenter
510 1583 706 1637 proponi,
750 1585 795 1625 et
836 1583 963 1637 plene
1003 1581 1178 1624 resolui.
1243 1581 1436 1633 Egemus
1478 1578 1610 1621 etiam
1655 1576 1845 1619 maxime

68 1647 282 1691 facultate
328 1648 608 1703 dispensandi
653 1648 768 1690 circa
812 1647 1185 1701 irregularitatem
1227 1659 1339 1699 quae
1381 1659 1437 1686 ex
1478 1645 1658 1699 peccato
1702 1642 1846 1694 aliquo

67 1713 278 1765 nascitur,
320 1717 501 1768 propter
537 1714 791 1767 frequentes
824 1728 951 1756 casus
984 1711 1481 1755 excommunicationum
1515 1709 1668 1762 quibus
1700 1720 1847 1749 sacer-

69 1778 195 1822 dotes
235 1779 448 1833 implicari
483 1780 699 1833 contingit
731 1779 775 1821 in
809 1780 1057 1829 Germania,
1101 1781 1185 1821 etc.
1249 1776 1483 1819 Celebrans
1516 1776 1662 1816 autem
1694 1773 1736 1814 in
1770 1785 1847 1814 ex-

71 1844 461 1887 communicatione
493 1845 750 1899 irregularis
791 1846 842 1887 fit
855 1846 883 1888 2.
948 1844 1161 1886 Dubitant
1199 1845 1348 1885 tamen
1381 1841 1595 1883 Doctores
1628 1838 1761 1891 aliqui
1794 1851 1848 1879 ex

71 1909 245 1960 nostris,
280 1923 335 1952 an
368 1911 460 1952 sine
492 1925 607 1953 noua
639 1911 854 1953 facultate
888 1910 1141 1964 dispensare
1168 1907 1383 1962 possimus
1405 1906 1487 1948 hac
1509 1905 1552 1947 in
1575 1919 1634 1954 re,
1668 1906 1849 1958 propter

70 1974 362 2029 amplissimas
394 1976 632 2019 facultates
666 1990 692 2018 a
724 1976 860 2018 Paulo
894 1978 938 2018 39
973 1974 1182 2018 Societati
1215 1986 1446 2016 concessas
1459 1973 1487 2014 ³.

190 2057 218 2088 a)
240 2058 301 2082 Hoc
314 2065 338 2082 v.
353 2065 370 2082 a
389 2058 438 2082 ΤΙι.
455 2059 483 2083 C.
497 2067 590 2090 supra
606 2066 722 2083 versum
735 2058 878 2089 scriptum
892 2060 942 2083 est.
1010 2056 1040 2087 1))
1063 2057 1233 2087 Sequuntur
1252 2063 1295 2079 vr.
1317 2061 1378 2079 non
1399 2052 1435 2079 ab
1457 2052 1535 2085 aliJs,
1555 2052 1645 2077 omitt.
1697 2051 1723 2081 c)
1745 2051 1806 2075 ΗΜ*
1825 2057 1850 2073 r.

71 2105 167 2129 supra
186 2106 303 2124 versum
323 2100 467 2131 scriptum
486 2104 537 2125 est.

197 2195 207 2214 ¹
233 2194 286 2229 De
312 2195 524 2240 pluralitate
550 2195 804 2230 beneficiorum
833 2194 1162 2229 ecclesiasticorum
1188 2204 1252 2237 per
1280 2191 1479 2226 Concilium
1494 2188 1745 2223 Tridentinuni
1773 2198 1854 2230 gra-

75 2246 223 2281 vissime
258 2249 460 2293 proscripta
496 2261 530 2283 v.
562 2250 648 2283 Can.
676 2249 710 2283 V
735 2248 924 2283 201-202
952 2248 1021 2282 376
1048 2246 1128 2281 848.
1181 2246 1221 2279 Ρ.
1249 2247 1492 2288 Hieronymus
1518 2244 1662 2277 Natalis
1696 2242 1854 2275 testatus

75 2302 149 2334 est:
190 2300 275 2342 „Die
302 2303 322 2336 6
348 2303 484 2336 mensis
512 2301 679 2336 Octobris
712 2301 813 2336 1568,
867 2300 1055 2335 Concessit
1091 2310 1255 2334 summus
1290 2298 1455 2343 pontifex
1487 2297 1575 2331 Pius
1603 2295 1761 2339 quintus,
1797 2305 1854 2326 me

75 2354 313 2399 supplicante,
334 2383 341 2390 .
356 2383 362 2390 .
377 2383 384 2389 .
411 2358 452 2390 ut
479 2356 513 2389 in
534 2355 728 2390 Germania
746 2367 839 2389 unus
863 2355 979 2400 possit
997 2354 1119 2399 plures
1138 2352 1372 2387 canonicatus
1391 2351 1587 2396 possidere,
1615 2360 1695 2382 cum
1715 2346 1856 2381 audiret

76 2419 121 2441 ex
156 2419 213 2442 nie
247 2409 483 2443 residentiam
518 2421 588 2443 non
623 2409 759 2453 requiri
795 2409 854 2442 uel
881 2408 979 2451 exigi
1014 2408 1049 2441 in
1086 2406 1157 2441 illis
1194 2405 1357 2440 ecclesiis
1393 2404 1463 2438 nisi
1489 2404 1627 2447 aliquot
1653 2400 1851 2436 mensium“

77 2460 184 2506 (Epp.
204 2463 326 2497 Nadal
343 2463 395 2496 ΙΙΙ
415 2463 513 2504 644).
541 2462 642 2504 Quod
662 2464 783 2496 autem
802 2462 847 2496 ad
871 2462 1057 2504 „usuram“
1081 2461 1223 2501 attinet,
1243 2460 1435 2502 Philippus
1452 2458 1653 2491 Eduardus
1670 2456 1857 2498 Fuyyerus

77 2515 114 2548 in
140 2515 468 2560 *Ephemeridibus
505 2517 548 2550 de
575 2516 777 2550 Octaviano
804 2516 931 2559 fratre,
967 2515 1029 2558 qui
1055 2514 1191 2548 Romae
1218 2512 1445 2552 versabatur,
1481 2509 1643 2544 notavit:
1685 2507 1857 2550 „Ottobre

81 2568 172 2603 1568
280 2570 321 2604 12
340 2570 412 2604 Μίο
439 2569 585 2604 fratello
611 2569 745 2604 scrisse
851 2568 917 2602 che
943 2568 994 2612 gli
1020 2567 1124 2613 padri
1144 2566 1238 2600 della
1257 2565 1481 2610 Compagnia
1508 2565 1543 2598 in
1561 2565 1720 2606 augusta
1737 2561 1857 2595 hanno

78 2621 171 2656 fatto
198 2623 336 2657 scriuer
361 2635 425 2669 per
452 2624 476 2658 il
503 2623 614 2657 Iohan
640 2623 801 2657 Fuccaro
829 2622 863 2656 al
890 2622 965 2655 loro
992 2622 1136 2661 fattore,
1164 2620 1230 2654 che
1257 2618 1410 2653 ricerchi
1437 2618 1472 2652 di
1500 2617 1546 2652 .S.
1566 2616 1709 2652 Santita
1735 2615 1800 2649 0110
1827 2614 1857 2648 81

79 2675 177 2719 possi
202 2676 334 2721 pigliar
361 2678 404 2712 .5.
431 2689 495 2722 per
522 2679 625 2711 cento
653 2679 688 2710 et
713 2676 750 2710 fa
776 2676 888 2709 molto
914 2674 1051 2718 lunglio
1078 2674 1236 2707 discorso
1269 2672 1335 2706 che
1360 2672 1480 2706 facino
1506 2670 1620 2705 male“
1653 2669 1755 2714 (Cod.
1782 2668 1858 2702 vin-

80 2728 159 2764 dob.
187 2730 278 2764 7447
306 2731 331 2765 f.
358 2730 450 2774 39¹³).

201 2783 214 2803 ²
240 2783 318 2818 Hoc
353 2796 398 2818 ex
433 2783 684 2818 Decretalibus
716 2782 881 2826 Gregorii
908 2781 968 2816 IX.
998 2781 1036 2824 (l.
1065 2782 1096 2823 5,
1122 2780 1179 2814 tit.
1207 2779 1268 2824 27)
1306 2781 1469 2813 constat:
1507 2777 1682 2812 Sacerdos
1717 2787 1860 2811 excom-

81 2836 297 2879 municatuS,
332 2838 363 2872 si
398 2838 548 2872 missam
584 2837 754 2878 celebrat,
791 2847 831 2869 eo
868 2836 945 2880 ipso
973 2834 1059 2878 (nisi
1086 2846 1130 2868 ex
1161 2832 1505 2876 „excommunicatis
1531 2830 1716 2865 toleratis“
1746 2830 1795 2864 sit
1825 2832 1860 2863 et

82 2890 301 2925 necessitate
327 2891 388 2925 Vel
413 2891 484 2925 alia
510 2891 650 2925 ratione
677 2890 872 2924 sufficienti
891 2887 1101 2931 excusetur)
1130 2885 1343 2930 irregularis
1370 2897 1415 2919 ex
1441 2885 1570 2919 delicto
1597 2895 1772 2918 censurae
1798 2895 1862 2928 per

82 2944 295 2978 exercitium
322 2944 416 2979 sacri
443 2944 579 2979 ordinis
605 2944 763 2978 violatae
790 2943 842 2977 fit.
895 2941 1063 2976 Canisius
1088 2940 1145 2975 22.
1172 2940 1389 2974 Novembris
1418 2938 1510 2974 1568
1537 2950 1558 2972 a
1584 2938 1648 2972 Pio
1675 2938 1720 2972 V.
1748 2936 1861 2971 Sociis

83 2997 294 3032 facultatem
321 2998 532 3043 impetravit
558 2999 593 3032 in
618 2998 688 3032 hac
713 2995 983 3040 irregularitate
1010 2993 1260 3039 dispensandi3
1287 3006 1322 3027 v.
1352 2993 1456 3034 infra,
1484 3004 1576 3026 mon.
1604 2992 1642 3026 it.
1673 2990 1764 3035 (20).

205 3052 217 3071 3
244 3053 291 3085 At
317 3051 454 3086 Paulus
480 3051 542 3086 ΠΙ.
569 3052 606 3085 111
632 3051 731 3086 bulla
758 3051 872 3084 Roma
901 3050 955 3084 18.
983 3047 1150 3082 Octobris
1179 3047 1270 3082 1549
1298 3047 1384 3081 data
1410 3045 1622 3080 facultatem
1649 3044 1792 3089 quidem
1825 3042 1859 3076 in

84 3103 267 3149 plerisque
294 3105 624 3148 irregularitatibus
650 3103 883 3150 dispensandi
909 3104 1150 3142 concesserat,
1189 3101 1240 3135 ita
1266 3103 1399 3141 tamen,
1426 3102 1467 3134 ut
1492 3111 1561 3133 non
1589 3110 1669 3133 cum
1696 3096 1860 3132 omnibus
