2044 3335
152 108 238 148 440
305 104 406 138 1733.
435 104 520 138 Can.
547 102 669 137 ottoni
689 101 897 135 Truchsess.
943 102 1044 136 1734.
1073 101 1158 136 Can.
1179 101 1298 136 Hosio.
1343 101 1444 135 1735.
1472 100 1556 135 Can.
1581 100 1816 134 Mercuriano.

152 221 295 255 batione
321 220 514 254 Doctorum
542 218 647 251 edere
673 217 820 250 inducat
845 216 1046 257 animum“;
1085 218 1121 250 et
1146 219 1259 252 Boero
1288 216 1390 261 (Can.
1417 216 1522 260 343):
1563 216 1670 259 „Sara
1699 227 1840 261 sempre
1865 228 1914 251 un

152 275 381 308 monumento
408 271 547 314 insigne
573 270 667 304 della
692 281 759 303 sua
784 269 1060 314 profondissima
1087 270 1242 304 umilta.“

271 326 449 359 Polancus
477 322 667 357 Societatis
693 323 910 356 secretarius
937 322 1079 357 Canisio
1106 323 1148 356 ad
1181 323 1246 357 has
1280 322 1421 357 litteras
1456 322 1640 368 respondit
1677 323 1729 357 19.
1757 322 1843 356 Maii
1879 326 1915 356 et

154 379 186 413 2.
214 378 304 412 Iunii
334 378 435 412 1571.

154 469 303 507 1733.
381 468 598 504 CANISIUS
625 468 798 503 cardinali
825 466 1085 503 ΟΤΤΟΝΙ
1110 466 1509 505 TRUCHSESS
1529 467 1695 513 episcopo
1714 470 1915 511 augustano

343 525 379 557 et
404 522 632 567 praenestino
659 524 727 556 etc.
935 522 1100 564 Augusta
1117 521 1386 555 Vindelicorum
1412 521 1508 555 circa
1535 520 1590 555 23.
1610 520 1746 565 Aprilis
1767 520 1868 556 1571.

276 590 452 631 Quattuor
478 588 635 630 eoeempla
654 587 761 620 Libri
773 588 890 630 primi
907 588 1249 620 Commenim-iorum
1277 587 1318 619 cle
1336 586 1440 619 Verbi
1457 587 1525 620 Dei
1543 587 1752 629 corruptelis
1769 586 1918 619 Romam

155 644 202 676 acl
228 654 304 675 eum
332 643 449 674 mittet.
493 641 607 673 Plura
635 641 710 673 vide
739 642 775 673 iti
806 638 1063 682 „Postscriptffl
1091 641 1259 682 epistulae
1283 640 1491 682 superioris.

155 755 305 793 1734.
414 755 631 790 CANISIUS
671 755 845 789 cardinali
884 752 1270 789 STANISLAO
1310 751 1522 789 HOSIO
1563 754 1729 798 episcopo
1767 753 1918 798 principi

345 809 551 844 varmiensi.
831 809 996 851 Augusta
1015 807 1282 841 vindelicorum
1309 807 1405 841 circa
1430 807 1570 841 initium
1598 818 1643 841 m.
1663 807 1749 840 Maii
1770 808 1870 842 1571.

279 876 338 908 Eoe
364 876 470 908 Hosti
504 874 631 907 litteris
658 876 712 907 11.
742 874 829 906 Iulii
856 874 948 906 1571
986 873 1033 905 acl
1062 872 1246 905 Cam'sium
1281 873 1375 905 datis
1410 873 1600 915 collz'yitur,
1636 872 1730 904 hauc
1756 872 1918 915 Augusta

150 929 264 972 paulo
292 933 373 971 post
410 928 723 970 couyreyatiouem,
759 937 829 969 qua
861 927 1077 959 Germaniae
1101 926 1299 968 superioris
1335 926 1431 959 Socii
1456 926 1495 958 P.
1522 926 1713 958 Nicolaum
1739 925 1919 958 Lanoium

157 984 331 1026 eleyerant
350 982 560 1025 provinciae
585 981 684 1023 apud
705 981 951 1023 praepositum
973 979 1171 1022 yeneralem
1198 978 1513 1022 „procuratorerffl
1543 980 1591 1019 (v.
1618 989 1732 1021 supra
1753 990 1791 1021 p.
1818 978 1919 1020 439),

156 1036 203 1068 ad
229 1036 379 1068 Hosium
406 1035 592 1076 epistulam
618 1034 751 1066 dedisse
778 1034 860 1076 (per
886 1034 1067 1066 Lauoium
1095 1033 1209 1075 ipsum
1234 1033 1367 1065 Romae
1393 1034 1424 1065 ei
1450 1033 1658 1066 tradendam
1673 1032 1722 1074 ἓ),
1742 1042 1823 1074 ‚qua
1850 1032 1920 1064 La-

159 1090 279 1122 }zoium
306 1087 568 1121 commendabat
593 1090 624 1119 et
651 1086 872 1119 cardinalem
891 1086 1048 1128 royabat,
1075 1090 1112 1118 ut
1138 1085 1269 1119 librum
1296 1086 1337 1118 de
1356 1085 1391 1119 S.
1411 1086 1547 1119 Ioanne
1565 1086 1728 1128 Baptista
1754 1085 1922 1117 adversus

161 1141 426 1174 Centuriatores
452 1151 473 1172 α
498 1151 533 1173 se
558 1141 730 1182 scriptum
750 1141 797 1179 (r.
816 1150 928 1182 supra
949 1150 987 1181 p.
1007 1139 1098 1179 436)
1126 1139 1269 1181 leyeret;
1295 1149 1371 1171 eum
1397 1140 1457 1171 vix
1482 1139 1630 1181 diyuum
1657 1148 1736 1180 esse,
1763 1138 1824 1180 qui
1849 1137 1920 1169 vul-

154 1198 325 1237 9aretur;
359 1194 458 1226 valde
489 1193 653 1226 (lubitare
677 1203 723 1235 se,
758 1204 843 1225 uum
878 1193 946 1225 sibe·
981 1193 1019 1224 in
1053 1192 1236 1225 scribendo
1266 1192 1571 1234 proyredieudum
1607 1196 1710 1231 esset;
1747 1202 1855 1234 neque.
1888 1201 1922 1223 se

151 1258 304 1290 poenam
330 1247 560 1290 ueyliqentiae
586 1256 760 1279 recusare.

157 1361 306 1398 1735.
405 1361 623 1397 CANISIUS
658 1360 719 1396 P.
747 1358 1125 1396 EVERARDG
1153 1356 1607 1395 MEROURIANO
1636 1357 1689 1394 S.
1710 1358 1763 1394 J.
1790 1358 1852 1393 uni
1878 1370 1922 1392 ex

346 1415 541 1461 praepositi
567 1414 747 1459 generalis
773 1414 1039 1448 assistentibus.
1137 1414 1304 1457 Augusta
1322 1412 1588 1446 Vindelicorum
1616 1412 1648 1446 5.
1667 1412 1752 1446 Maii
1773 1412 1874 1447 1571.

280 1480 335 1514 Ex
361 1479 584 1525 autographo
613 1480 684 1522 (2⁰3
715 1480 730 1513 1
761 1491 814 1524 p.;
850 1478 885 1511 in
912 1490 945 1522 p.
972 1479 995 1512 4
1020 1477 1126 1512 inser.
1154 1479 1190 1511 et
1215 1477 1386 1521 reliquiae
1413 1476 1510 1520 sig),
1546 1475 1666 1510 Germ.
1695 1476 1762 1510 183
1793 1488 1826 1511 n.
1854 1476 1922 1510 245

162 1533 201 1577 (f.
221 1534 290 1568 203
309 1536 345 1568 et
364 1545 416 1578 sq.
436 1545 505 1567 non
523 1533 646 1576 sign.).
690 1532 908 1566 Litterarum
936 1530 1148 1576 particulam
1168 1532 1364 1575 posuerunt
1381 1531 1507 1572 Boero,
1527 1530 1612 1564 Can.
1632 1530 1711 1570 344,
1730 1531 1766 1563 et
1784 1530 1921 1573 Mickel,

160 1587 244 1622 Gan.
265 1587 351 1628 367;
378 1587 505 1621 iisdem
532 1598 619 1620 usus
646 1588 702 1620 est
726 1587 881 1620 ιῙαηςεευι
907 1584 930 1618 l.
950 1596 978 1618 c.
1000 1584 1049 1618 lV
1069 1582 1154 1603 ¹⁵⁴⁶
1173 1584 1252 1618 413.

282 1652 395 1694 Optat,
421 1656 459 1684 ut
484 1651 738 1684 Mercemanus
763 1652 877 1683 veniat
905 1650 1074 1683 vz'sitator.
1116 1649 1236 1692 Timet,
1264 1660 1305 1681 ne
1333 1649 1370 1681 P.
1386 1649 1549 1681 Lanoius
1574 1648 1613 1680 in
1641 1647 1922 1680 Poeniteutiaria

162 1706 324 1738 vaticana
350 1704 497 1738 haerere
522 1704 650 1737 debeat.
702 1704 810 1737 Libri
842 1705 900 1736 sui
935 1713 1117 1736 censuram
1142 1703 1238 1745 petit,
1273 1702 1419 1735 libenter
1445 1712 1466 1733 a
1492 1702 1684 1744 scriptione
1710 1704 1920 1733 cessaturus.

161 1759 386 1801 Scriptorum
415 1759 611 1791 institutum
638 1758 866 1790 commendat.
918 1756 1098 1789 Lauoium
1124 1755 1259 1788 laudat.

334 1824 361 1875 ἢ·
394 1823 488 1864 Pax
517 1823 675 1865 Christi
707 1822 831 1864 nobis
863 1824 1043 1864 aeterna
1074 1821 1318 1862 Admodum
1350 1820 1604 1861 Reuerende
1636 1819 1780 1861 Pater.

281 1894 564 1936 Gratulamur
587 1894 768 1944 Galliae,
800 1906 910 1947 quae
933 1892 1098 1935 tamdiu
1122 1890 1351 1945 complecti
1382 1891 1524 1945 potuit
1546 1889 1851 1932 Reuerentiam
1875 1889 1923 1931 T.

162 1958 337 2012 eiusque
370 1959 559 2012 consilijs
592 1959 789 2001 adiuuari
804 1961 831 2002 ¹.
886 1958 1091 2000 Dolemus
1123 1956 1285 1998 uicema
1317 1959 1526 2006 nostram,
1570 1955 1683 2008 quod
1714 1954 1925 1996 hactenus

162 2023 248 2065 frui
279 2037 365 2065 non
398 2024 520 2066 licuit
552 2026 707 2078 optata
738 2023 988 2077 praesentia
1011 2023 1061 2065 R.
1080 2022 1128 2065 T.
1153 2023 1377 2074 Deumque
1400 2035 1642 2075 precamur,
1676 2023 1724 2063 ut
1747 2018 1925 2061 chariss,

161 2088 306 2131 Patris
338 2088 529 2131 aduentu
563 2088 678 2130 refici
713 2092 756 2131 et
787 2087 977 2130 recreari
1009 2086 1240 2140 aliquando
1264 2086 1490 2140 possimus.
1536 2085 1651 2127 Nam
1674 2083 1926 2127 Visitatoris

161 2153 423 2208 praesentia,
457 2157 506 2196 ut
538 2154 584 2196 P.
619 2154 882 2196 Procurator
915 2155 1106 2206 exponet
1119 2153 1147 2203 2,
1191 2165 1276 2192 non
1309 2154 1456 2205 posset
1488 2151 1617 2193 rebus
1648 2149 1810 2192 nostris
1842 2162 1926 2190 non

162 2219 380 2273 prodesse,
415 2222 621 2271 certoque
654 2218 907 2260 confidimus
939 2217 1046 2268 fore,
1082 2219 1130 2259 ut
1164 2230 1274 2269 quae
1306 2216 1451 2269 gratia
1482 2215 1607 2257 modo
1633 2214 1799 2257 Galliae
1826 2227 1926 2255 con—

162 2284 277 2337 tigit,
311 2297 363 2325 ea
387 2283 645 2325 Germaniae
678 2297 848 2336 quoque
871 2282 1050 2325 Patrum
1074 2285 1320 2324 nostrorum
1354 2280 1559 2323 beneficio
1592 2280 1821 2322 tribuatur.
1863 2278 1927 2320 Ac

164 2349 216 2391 de
249 2349 539 2390 Procuratore
572 2348 698 2390 modo
730 2348 773 2389 id
806 2348 943 2389 solum
987 2347 1140 2397 dicam,
1184 2360 1269 2388 non
1311 2346 1403 2388 sine
1443 2347 1561 2388 metu
1595 2345 1714 2386 illum
1748 2358 1773 2386 a
1804 2343 1927 2385 nobis

164 2413 292 2464 mitti,
336 2413 449 2467 quod
481 2416 637 2467 putent
670 2412 876 2462 nonnulli,
920 2412 1182 2466 muscipulas
1224 2411 1267 2452 in
1300 2410 1642 2453 Poenitentiaria
1681 2423 1795 2451 noua
1832 2422 1927 2450 esse

164 2481 356 2531 paratas,
391 2492 502 2531 quae
534 2477 829 2520 huiuscemodi
850 2478 1005 2520 Patres
1028 2477 1156 2519 facile
1180 2476 1369 2530 capiant,
1405 2477 1623 2528 bonosque
1645 2474 1785 2528 pisces
1807 2473 1928 2515 uelut

164 2542 248 2585 reti
280 2545 527 2596 pertractos
561 2557 691 2596 aegre
725 2543 988 2585 dimittant3.
1054 2542 1137 2584 Sed
1178 2542 1261 2584 rite
1303 2540 1570 2583 constituent
1612 2539 1754 2581 omnia
1791 2537 1928 2580 nostri

282 2618 309 2647 a)
331 2618 469 2649 Sequitur
488 2617 577 2642 nostr
597 2618 640 2642 vel
659 2617 776 2648 noster,
796 2626 813 2641 α
834 2618 861 2641 C.
883 2617 971 2642 oblitt.

288 2712 299 2732 ¹
325 2712 415 2746 Vide
442 2724 550 2757 supra
576 2725 609 2757 p.
628 2713 725 2747 420¹.

288 2765 301 2784 ²
326 2764 497 2799 Nicolaus
524 2766 689 2806 Lanoius,
724 2765 779 2800 25.
810 2765 943 2809 Aprilis
979 2776 999 2798 a
1034 2764 1219 2809 provincia
1246 2763 1459 2797 Germaniae
1493 2761 1688 2806 superioris
1719 2763 1929 2806 procurator

171 2816 325 2856 electus;
353 2830 387 2851 V.
415 2818 519 2857 infra,
545 2830 638 2853 mon.
658 2830 739 2862 aug.
763 2818 798 2861 (a
813 2818 863 2862 8).

287 2870 300 2889 ³
327 2868 361 2903 S.
390 2870 475 2904 Pius
493 2871 536 2905 V.
573 2883 604 2904 a.
636 2872 725 2905 1570
756 2870 1138 2913 „Poenitentiariorum
1171 2869 1382 2910 minorum“,
1419 2868 1479 2912 qui
1514 2869 1550 2901 in
1584 2867 1734 2902 basilica
1769 2866 1802 2901 S.
1831 2866 1928 2900 Petri

168 2921 389 2955 venientium
425 2923 580 2966 undique
608 2924 756 2957 Romam
792 2923 1036 2958 confessiones
1063 2923 1178 2968 patrio
1205 2922 1379 2965 cuiusque
1413 2932 1577 2955 sermone
1605 2921 1822 2965 exciperent,
1858 2918 1929 2953 co]-

168 2974 303 3016 legium
340 2974 547 3008 vaticanum
587 2976 757 3010 Societati
794 2977 993 3010 tradiderat
1033 2975 1256 3019 (Saeckinus,
1296 2974 1388 3008 Hist.
1429 2973 1462 3008 S.
1490 2974 1521 3008 J.
1550 2974 1610 3014 ΙΙΙ,
1646 2973 1668 3008 l.
1697 2974 1728 3014 6,
1755 2984 1788 3007 11.
1817 2972 1927 3012 1—8;

170 3028 322 3061 Sanctus
346 3028 564 3061 Franciscus
590 3030 726 3072 Boryia
744 3029 776 3062 V
795 3030 982 3063 356—357
1010 3029 1226 3071 371—373).
1266 3027 1382 3069 Quare
1408 3028 1626 3060 Franciscus
1651 3027 1805 3069 Boryz‘as
1829 3036 1929 3070 prae-

168 3080 307 3124 positus
325 3080 503 3122 generalis
518 3080 665 3114 Hoffaeo
683 3081 796 3114 Roma
810 3082 865 3115 21.
877 3081 1044 3116 Octobris
1061 3082 1152 3116 1570
1168 3080 1355 3126 *scripsitz
1380 3079 1502 3122 „Della
1516 3090 1668 3124 persona
1683 3078 1739 3112 del
1755 3077 1929 3112 P.Dottor
