2044 3335
238 62 339 98 1698.
366 62 406 97 Ρ.
424 62 587 97 Busaeus
606 62 690 98 Can.
736 63 838 97 1699.
866 61 950 98 Can.
969 62 1008 97 L.
1028 63 1142 98 Surio.
1186 61 1288 97 1700.
1316 60 1401 96 Can.
1421 61 1477 96 Fr.
1497 72 1517 95 a
1535 60 1736 104 VVirsberg.
1787 63 1872 105 383

224 179 251 230 †
284 177 659 220 Reuerendissimo
682 178 725 220 in
748 178 918 221 Christo
940 178 1056 233 patri
1089 180 1134 221 et
1155 176 1463 221 Jllustrissimo
1486 176 1684 228 Domino,
1719 178 1770 220 D.
1796 178 1870 221 Ot-

106 242 228 285 thoni
260 242 477 284 Gardinali
519 245 563 285 et
594 242 809 297 Episcopo
842 243 1107 305 Augustanor
1135 243 1394 286 Germaniae
1427 239 1757 297 Protec[tori,]a
1788 243 1872 285 Pa—

105 309 232 349 trono
265 306 456 361 ampliss,
579 307 744 349 Romae
777 308 831 350 ad
864 322 1018 351 manus
1049 307 1260 363 proprias.

227 387 428 422 Cardinalis
467 388 553 423 Otto
588 388 809 430 Truchsess,
848 391 888 423 ut
925 390 996 424 iam
1036 389 1130 431 dixi,
1170 389 1274 423 dorso
1312 389 1419 423 huius
1457 388 1634 434 epistulae
1672 388 1875 433 inscripsit:

108 439 332 483 „Stanislaus
366 441 531 483 Reska“;
566 438 717 476 R'escius
745 441 918 486 (Reszka)
955 444 1075 476 autem
1110 453 1189 476 cum
1226 442 1398 476 cardinali
1434 442 1555 483 Hosio,
1591 441 1652 486 qui
1687 453 1767 476 eum
1802 441 1871 476 sibi

104 494 338 529 secretarium
374 494 569 538 delegerat,
604 494 693 539 ipsis
728 494 827 529 hisce
863 495 988 530 diebus
1014 494 1163 529 Romam
1190 497 1339 529 venerat
1368 495 1568 538 (Eichhorn
1593 495 1616 530 l.
1643 507 1671 529 c.
1699 495 1714 528 Ι
1741 495 1872 539 2-3);

104 547 166 591 qui
192 548 305 582 Roma
330 549 364 582 4.
382 548 591 583 Decembris
619 548 709 583 1569
736 548 891 582 Martino
918 548 1085 583 Cromero
1120 548 1163 582 de
1189 548 1301 582 Hosio
1336 548 1499 593 scripsit:
1541 547 1630 590 „Hic
1662 549 1697 582 in
1724 548 1871 583 aedibus

106 600 208 635 Card.
235 602 445 644 Augustani
467 601 666 636 decumbit“
700 602 926 645 (Cyprimzus
951 601 974 636 l.
1001 614 1031 636 c.
1059 601 1276 645 580—582).

105 733 260 770 1698.
358 734 420 771 Ρ.
446 734 719 772 PETRUS
746 735 1058 772 BUSAEUS
1087 734 1140 772 S.
1160 734 1215 771 J.
1243 734 1446 770 CANISIO.

1313 788 1460 823 Colonia
1487 791 1641 822 exeunte
1667 800 1699 823 a.
1721 789 1823 824 1569.

222 861 394 893 Admonet
429 865 459 893 et
494 861 642 894 consulit
673 872 750 894 eum
785 861 826 893 de
860 861 963 894 libris
997 861 1207 904 quibusdam
1234 860 1273 893 P.
1293 860 1484 893 Franci-sci
1514 860 1694 893 Turi-iani
1721 861 1757 894 S.
1778 862 1814 895 J.
1841 866 1870 894 et

73 955 75 958 .
102 913 141 946 P.
165 913 344 956 Onuphrii
380 914 548 946 Panvinii
586 914 622 946 Ο.
641 914 706 946 Εν.
728 913 763 946 S.
784 914 875 956 Any.
908 913 1074 947 Coloniae
1106 913 1319 947 excudendis
1354 918 1383 946 et
1414 914 1455 946 de
1489 913 1575 946 locis
1603 914 1738 957 aliquot
1775 913 1868 947 Cate-

101 967 227 1000 chismi
251 967 290 999 in
316 976 402 999 novo
428 977 530 1009 opere
556 967 824 1010 „Anthoritates
842 967 977 1000 Sacrae
994 964 1228 1010 Scripturae“
1256 971 1315 1000 etc.
1342 967 1585 1000 immutandis.
1620 967 1735 1000 Plura
1763 967 1869 1010 (quia

103 1021 251 1063 epistula
277 1021 355 1062 ipsa
380 1021 452 1052 iam
480 1031 551 1053 non
577 1021 710 1060 exstat)
737 1021 814 1053 vide
840 1021 955 1064 infra,
982 1031 1031 1063 ep.
1060 1022 1215 1054 n.1702.

101 1136 255 1172 1699.
352 1136 569 1171 CANISIUS
596 1135 657 1171 P.
685 1134 1086 1173 LAURENTIO
1116 1134 1323 1172 SURIO
1352 1136 1565 1171 Cartusiano
1592 1137 1797 1172 coloniensi.

990 1191 1157 1233 Augusta
1175 1189 1442 1224 Vindelicorum
1464 1189 1514 1233 (2³)
1543 1189 1639 1224 circa
1666 1201 1696 1224 a.
1718 1190 1820 1226 1570.

218 1260 274 1295 Ex
300 1260 403 1295 Hasii
429 1260 663 1306 autographa
708 1261 858 1306 „Epistt.
886 1261 928 1295 ad
956 1260 1098 1296 Rad.1“
1128 1273 1161 1295 n.
1180 1261 1237 1303 48,
1265 1272 1293 1295 c.
1313 1260 1369 1295 23.

218 1334 392 1367 Promissi
417 1334 601 1367 cuiusdam
627 1333 883 1366 relaoeationem
904 1334 1002 1376 petit.

218 1406 267 1449 P.
290 1406 473 1447 Ioannes
494 1406 661 1447 Hasius
682 1407 725 1448 S.
745 1406 787 1448 J.
812 1406 886 1457 (de
918 1420 995 1460 quo
1028 1421 1063 1448 v.
1090 1406 1193 1449 Can.
1218 1406 1253 1446 V
1274 1406 1528 1459 ool—662)
1556 1406 1759 1448 Embrica
1792 1408 1866 1448 sub

100 1474 275 1514 (1.1613
301 1472 350 1513 Ρ.
366 1472 580 1513 Matthaeo
604 1471 775 1512 Radero
798 1472 842 1514 S.
857 1471 900 1513 J.
926 1472 1144 1513 illonacliii
1176 1472 1302 1513 vitam
1333 1472 1500 1513 Canisii
1531 1472 1731 1513 scribenti
1762 1486 1866 1513 com-

98 1538 350 1578 mentarium
384 1537 593 1591 quendam
626 1551 769 1578 rerum
804 1551 829 1578 a
859 1537 1030 1578 Canisio
1061 1542 1288 1592 qestarum,
1321 1551 1440 1591 quem
1474 1538 1562 1591 ipse
1594 1543 1866 1592 congresserat,

98 1604 210 1644 misit
221 1618 237 1655 ,·
279 1604 322 1644 in
364 1616 442 1657 quo
480 1603 593 1655 liaeo,
629 1607 806 1656 praeter
845 1602 978 1643 multa
1012 1603 1114 1655 alia,
1159 1603 1210 1643 de
1244 1602 1416 1643 Canisio
1458 1602 1691 1656 referebat:
1733 1602 1865 1655 „Cum

94 1668 330 1710 Laurentio
354 1668 482 1709 Surio
515 1666 805 1709 contubernali
837 1681 924 1721 suo,
958 1672 995 1709 et
1026 1682 1109 1709 non
1142 1681 1244 1709 raro
1279 1669 1401 1709 etiam
1436 1669 1702 1721 amanuensi,
1735 1666 1796 1719 (vt
1820 1682 1868 1709 ex

97 1735 184 1788 ipso
218 1734 345 1775 Surio
379 1733 555 1785 (aidini)
589 1737 759 1787 pactum
803 1747 962 1788 quoque
1003 1734 1174 1785 inierat,
1215 1738 1254 1774 vt
1292 1747 1416 1788 quam
1452 1734 1559 1775 alter
1593 1747 1733 1775 eorum
1768 1734 1866 1774 reli-

91 1800 254 1855 9ionem
286 1799 594 1854 iizyredet·etui·,
638 1799 815 1840 eandem
848 1799 955 1839 alter
986 1799 1319 1853 complecteretur
1360 1800 1498 1841 etiam.
1562 1799 1718 1853 Jtaque
1751 1800 1865 1840 circa

95 1879 256 1907 annum
296 1865 473 1906 Domini
504 1864 573 1907 70.
607 1864 655 1906 P.
692 1864 845 1905 Petrus
890 1864 1112 1917 Canisius,
1156 1878 1181 1905 a
1223 1864 1272 1906 P.
1304 1864 1458 1918 Surio,
1500 1864 1626 1906 liuius
1663 1865 1867 1918 promissi

97 1931 399 1972 relaoeationem
434 1930 568 1984 petijt,
615 1933 651 1970 et
692 1929 823 1970 bonus
855 1930 1011 1971 Sarius
1052 1930 1243 1985 reliyiose
1284 1929 1512 1971 subridens
1554 1930 1658 1970 milii
1692 1930 1864 1982 dixerit,

94 1996 162 2037 En
185 1997 381 2050 scrupulo
404 1995 544 2036 adhuc
567 1999 770 2047 mouetur,
804 2009 887 2036 non
916 2008 1089 2050 possum
1112 1999 1268 2036 certum
1302 2009 1464 2036 annum
1500 1996 1761 2049 eoeprimere,·
1790 1995 1864 2036 sed

95 2062 146 2103 de
169 2076 213 2102 re
234 2075 327 2102 sum
349 2065 497 2112 certus,
529 2060 598 2113 fui
621 2061 731 2102 enim
753 2061 896 2102 multis
918 2062 1059 2112 annis,
1096 2061 1197 2102 dum
1222 2060 1419 2102 Coloniae
1440 2061 1635 2113 viuerem,
1670 2061 1717 2102 P.
1736 2061 1864 2103 Surio

94 2127 324 2168 admodum
353 2126 592 2179 familiaris
600 2141 617 2178 ,·
651 2126 822 2167 discessi
855 2130 993 2168 autem
1025 2140 1162 2167 mense
1185 2126 1418 2181 Septembri
1451 2127 1557 2167 anni
1591 2127 1658 2168 74.
1689 2126 1863 2168 Colonia

93 2193 358 2247 Herbipolim
369 2207 386 2244 ,·
420 2206 468 2233 ex
500 2205 579 2246 quo
611 2196 790 2246 tempore
812 2192 989 2234 Surium
1013 2193 1196 2246 amplius
1219 2206 1302 2233 non
1324 2191 1413 2233 vidi
1425 2207 1440 2244 ,·
1471 2193 1542 2247 qui
1565 2197 1656 2233 erat
1677 2193 1864 2233 societati

94 2263 261 2299 nostrae
283 2257 613 2309 addictissimus,
649 2262 684 2298 et
707 2258 758 2298 de
780 2258 869 2298 eius
888 2256 1092 2311 profectu,
1124 2258 1161 2298 si
1183 2272 1267 2299 non
1290 2259 1438 2312 mayis,
1473 2261 1579 2298 certe
1601 2271 1682 2298 non
1705 2259 1860 2309 minus,

93 2338 218 2378 quam
252 2323 301 2364 de
333 2324 401 2363 sui
432 2322 612 2376 ordinis,
645 2322 898 2377 yaudehat.“

212 2403 377 2438 Canisius
404 2406 440 2438 et
465 2403 589 2439 Surius
614 2403 764 2438 iuvenes
791 2403 971 2445 Coloniae,
1007 2415 1087 2438 cum
1114 2403 1149 2437 in
1176 2415 1218 2437 ea
1243 2403 1481 2437 universitate
1507 2403 1637 2437 litteris
1663 2403 1861 2444 studerent,

92 2458 127 2492 in
163 2458 263 2492 domo
290 2457 454 2492 Andreae
480 2456 582 2491 Herll
616 2457 659 2491 de
686 2456 875 2491 Bardwick
912 2457 1072 2491 canonici
1107 2457 1152 2491 ad
1185 2456 1218 2491 S.
1240 2456 1412 2491 Gereonis
1447 2455 1513 2490 sub
1547 2455 1695 2490 Nicolao
1731 2455 1860 2490 Eschio

91 2513 322 2556 praeceptore
356 2511 575 2556 pietatisque
609 2510 783 2554 magistro
809 2510 992 2544 vivebant.
1045 2510 1295 2544 Car-tusianam
1326 2509 1452 2543 deinde
1478 2511 1618 2543 vestem
1645 2508 1770 2543 Surius
1797 2508 1859 2543 Co—

91 2565 207 2599 loniae
233 2565 388 2610 sumpsit
412 2564 469 2599 23.
488 2564 673 2598 Februarii
701 2564 810 2604 154Ο;
838 2563 1008 2598 Societati
1035 2566 1155 2598 autem
1183 2563 1348 2598 Canisius
1373 2573 1501 2597 nomen
1528 2562 1626 2596 dedit
1650 2562 1860 2606 Moguntiae

92 2618 123 2652 8.
142 2618 228 2652 Maii
257 2618 346 2653 1543
377 2617 516 2662 (Ο(ιη.1
545 2618 586 2652 17
614 2617 657 2652 37
687 2617 730 2651 75
760 2616 856 2661 101).

91 2736 248 2773 1700.
348 2736 565 2771 CANISIUS
596 2733 984 2771 FRIDERICO
1014 2733 1060 2770 Α
1087 2732 1469 2770 WIRSBERG
1505 2733 1672 2780 episcopo
1706 2735 1860 2781 principi

280 2789 533 2835 herbipolensi.
1025 2790 1192 2832 Augusta
1214 2788 1265 2832 (2³)
1294 2788 1390 2822 circa
1416 2788 1559 2822 initium
1585 2799 1617 2823 a.
1640 2788 1730 2824 1570
1747 2788 1810 2833 (5³).

210 2861 263 2895 Ex
290 2860 507 2906 apographo,
535 2861 577 2894 de
603 2871 672 2904 quo
699 2860 803 2901 infra,
831 2871 884 2904 ep.
903 2871 937 2894 n.
959 2859 1061 2894 1713.

214 2933 459 2975 Fridericus
478 2948 502 2974 a
519 2932 732 2987 Πῖνδόενφ
750 2933 965 2987 episcopus
987 2932 1287 2986 herbipolensis
1310 2931 1533 2986 Herbipoli
1555 2933 1594 2973 3.
1611 2931 1725 2973 Maii
1743 2933 1858 2975 1570

93 2999 265 3041 Canisio
292 3000 482 3053 scripsit:
517 2999 756 3051 „Redditae
788 3002 885 3039 sunt
918 2996 1037 3039 nobis
1071 2997 1194 3039 binae
1226 2999 1372 3040 literae
1404 3002 1514 3051 tuae,
1548 2997 1725 3039 diversis
1757 3002 1856 3039 tem-

208 3069 235 3099 a)
258 3068 337 3093 Haec
358 3068 436 3093 verbi
451 3075 528 3099 pars
548 3075 583 3092 es
603 3071 716 3099 (integr.
738 3070 865 3091 evannit.
