2044 3335
671 122 894 165 Ingolstadio
923 121 976 156 18.
996 120 1218 166 Septembris
1247 120 1349 155 1567.
1841 124 1896 164 45

123 242 387 283 excusatione3;
420 240 598 283 professio
636 241 675 272 in
714 241 946 273 zcitiversitate
980 240 1091 272 emitti
1128 240 1243 272 vetita.
1304 238 1413 272 Bulla
1455 237 1601 272 Coenae.
1666 238 1898 281 Confessariz'.

126 295 280 329 Concilii
302 294 552 337 promulqatio.
604 293 828 335 Professores
855 294 1000 336 aeqroti.
1051 292 1244 325 Rhetorica
1277 291 1399 324 schola
1424 292 1557 334 ablata,
1590 292 1750 334 reliquae
1776 293 1899 325 melius

124 349 333 382 constitutae
365 350 459 380 sunt.
512 346 610 379 Socii
645 348 783 380 mutati.
836 347 922 379 Vota
957 349 1137 379 renovata.
1190 345 1348 378 Societas
1373 345 1639 377 universitatem
1665 346 1774 379 itu-at.
1825 346 1899 378 Iter

123 411 339 435 monacense.
382 399 592 433 Catechismi
616 399 775 431 Romam·
800 399 924 432 versio.
975 399 1169 432 Renovatio
1195 402 1357 431 votorum.
1383 398 1583 440 dilinyana.
1634 397 1763 431 Rector
1787 399 1899 441 inyol-

122 454 313 488 stadiensis
337 453 480 486 muneri
506 453 627 495 impar
652 456 710 485 est.

337 529 511 571 Jhesus.
575 528 671 570 Pax
703 528 863 571 Christi
895 528 1126 570 admodum
1158 527 1414 569 Reuerende
1448 527 1591 569 Pater.

245 608 315 648 23.
359 604 548 657 Augusti
590 604 719 646 datas
761 605 932 659 accepi,
976 618 1087 657 quae
1128 606 1300 646 tantum
1345 603 1397 645 de
1439 603 1577 645 fratre
1617 604 1783 645 Jacobo
1824 604 1899 646 Je-

124 668 386 725 nuensi²²[‘=?]
420 670 602 712 Romam
644 669 858 712 mittendo
900 684 978 711 nos
1021 669 1355 711 admonebantl.
1420 668 1622 711 Mittetur
1662 668 1796 722 igitur
1827 669 1900 711 ille

126 750 222 778 cum
248 736 305 778 M.
331 736 564 789 Reyner02
595 735 724 788 paulo
758 738 870 789 post,
904 739 948 778 et
979 734 1046 776 his
1079 735 1245 776 duobus
1278 733 1562 787 adiungemus
1596 734 1710 776 forte
1732 734 1901 776 Stanis-

123 802 239 843 laum
272 802 431 842 bonum
465 803 509 842 et
541 799 728 841 nobilem
752 801 1074 842 adolescentem
1098 800 1321 850 Polonum,
1361 799 1433 852 qui
1464 799 1719 853 parentibus
1751 799 1901 842 inuitis

124 866 223 908 huic
254 866 461 908 Instituto
495 864 567 907 seb
600 865 719 919 cupit
752 865 953 908 dedicare
967 866 995 908 3.

245 931 401 973 Tribus
442 930 535 972 fere
577 931 835 984 septimanis
876 931 919 972 in
960 931 1041 972 hoc
1078 944 1231 972 uersor
1273 929 1464 983 Collegio
1507 929 1713 971 uisitandi
1756 943 1900 972 causa.

125 996 191 1038 Ac
222 996 408 1051 primum
442 1010 571 1038 curae
606 995 708 1037 mihi
740 995 825 1038 fuit
857 1009 1116 1050 componere
1149 994 1386 1045 dissidium,
1431 995 1544 1047 quod
1577 994 1901 1036 Professoribus

124 1061 297 1104 Artium
331 1075 427 1103 cum
461 1061 623 1103 nostris
656 1061 822 1103 duobus
854 1061 1181 1111 intercesserat,
1216 1060 1329 1102 sicut
1362 1059 1445 1102 alio
1479 1060 1641 1114 scripto
1664 1060 1801 1101 fusius
1825 1074 1900 1101 ex-

123 1127 293 1181 plicabo
307 1127 337 1170 4.
401 1126 667 1179 Consequuti
698 1126 875 1168 tandem
909 1141 1070 1177 sumus,
1106 1126 1220 1179 quod
1253 1125 1547 1179 optabamus⁰,
1582 1128 1630 1167 ut
1656 1125 1898 1178 Consiliarij

123 1206 292 1245 quoque
315 1191 527 1246 Principis
558 1194 753 1233 nostram
789 1192 1072 1245 probauerint
1102 1191 1381 1241 sententiam,
1415 1190 1665 1243 factamque
1687 1190 1801 1232 inter
1822 1191 1901 1232 hos

123 1257 395 1312 professores
446 1257 723 1299 concordiam
769 1261 813 1300 et
858 1256 1173 1311 spontaneamd
1217 1259 1468 1298 nostrorum
1512 1256 1802 1298 secessionem
1847 1270 1903 1298 ex

125 1323 267 1365 dictae
284 1322 527 1364 Facultatis
546 1322 752 1375 Collegio.
786 1323 935 1376 Jgitur
953 1322 1171 1364 docebunt
1192 1321 1329 1364 nostri
1349 1323 1521 1363 tantum
1541 1321 1862 1376 Philosophiam
1875 1327 1898 1371 ε,

125 1390 170 1430 et
210 1388 316 1430 nihil
358 1387 440 1429 sibi
478 1402 573 1430 cum
608 1387 705 1441 alijs
737 1387 959 1430 habebunt
993 1401 1232 1437 commune,
1277 1387 1390 1439 quod
1423 1387 1478 1428 ad
1511 1389 1695 1428 externa
1726 1386 1903 1440 negotia

124 1455 169 1496 et
200 1453 426 1496 facultatis
458 1453 573 1495 illius
605 1453 1027 1495 administrationem
1060 1453 1358 1495 turbulentam
1371 1452 1382 1472 ¹*
1407 1452 1579 1494 attinet.
1644 1451 1790 1505 Atque
1822 1452 1902 1493 hoc

123 1518 250 1560 modo
292 1533 378 1560 non
418 1519 639 1573 praesenti
681 1521 852 1561 tantum
894 1522 963 1561 etg
994 1518 1266 1573 periculosae
1300 1517 1589 1568 altercationi,
1633 1518 1709 1559 sed
1742 1517 1901 1560 futuris

124 1584 256 1626 etiam
290 1584 442 1634 turbis,
477 1598 588 1637 quae
621 1584 794 1626 omnino
828 1584 1129 1638 expectandae
1156 1583 1346 1634 fuerant,
1380 1584 1509 1625 finem
1533 1583 1783 1637 impositum
1806 1597 1901 1624 esse

124 1650 377 1703 gaudemus,
411 1650 590 1703 Deoque
622 1650 791 1703 gratias
824 1650 994 1702 agimus
1028 1649 1080 1691 de
1113 1652 1209 1691 tota
1241 1662 1375 1691 causa
1407 1648 1681 1691 conciliata5.

246 1715 325 1756 His
359 1714 507 1757 diebus
540 1715 594 1757 ad
618 1715 1045 1757 Reuerendissimum
1069 1714 1363 1757 Eistetensem
1393 1714 1518 1756 huius
1543 1713 1766 1768 Gymnasij
1791 1713 1901 1755 Can-

125 1780 373 1822 cellariumh
406 1783 450 1822 et
482 1781 775 1835 Episcopum6
807 1780 1086 1823 salutandum
1120 1780 1297 1831 accessi,
1342 1782 1386 1821 et
1428 1794 1522 1821 cum
1562 1779 1636 1820 illo
1671 1779 1902 1832 diligenter

125 1846 195 1899 egi
239 1846 291 1887 de
334 1846 605 1900 professione
648 1844 791 1901 fide[i]
836 1861 964 1900 quam
1002 1846 1102 1887 Pius
1133 1845 1218 1887 IIII
1259 1844 1491 1899 publicarji
1528 1844 1667 1895 iussit,
1714 1844 1758 1885 in
1790 1844 1900 1886 hanc

124 1911 316 1954 scholam
348 1911 678 1955 introducenda.
722 1912 835 1954 Nam
870 1910 1188 1966 p[ro]fessores
1220 1911 1302 1953 hac
1334 1924 1381 1952 se
1413 1910 1674 1965 purgatione
1706 1912 1898 1959 tuentur,

125 1978 237 2031 quod
269 1977 514 2019 huiusmodi
546 1977 675 2019 Bulla
709 1976 973 2031 Pontificlis]
1009 1977 1090 2019 sibi
1124 1977 1177 2019 ab
1211 1976 1428 2030 Episcopo
1462 1976 1528 2017 uel
1565 1975 1782 2017 ordinario
1816 1989 1900 2016 non

125 2043 258 2086 fuerit
289 2043 524 2097 publicata.
570 2043 812 2097 Episcopus
845 2043 1028 2085 eandem
1056 2042 1200 2084 adfert
1224 2042 1564 2092 excusationem,
1599 2055 1731 2094 seque
1754 2040 1902 2082 mirari

127 2109 243 2161 dicit,
287 2109 401 2161 quod
434 2109 560 2151 Pont.
594 2109 711 2151 Max.
755 2107 976 2163 propri[a]
1021 2123 1105 2150 non
1148 2107 1284 2150 mittit
1326 2107 1536 2149 mandata
1578 2107 1630 2148 de
1662 2107 1742 2148 hac
1775 2106 1902 2147 Bulla

127 2177 171 2216 et
202 2174 476 2229 publicanda,
511 2177 555 2217 et
588 2172 903 2229 obseruand[a]
918 2175 948 2217 7.
1009 2174 1247 2215 Praeterea
1280 2172 1398 2223 dicit,
1433 2187 1554 2214 suam
1589 2171 1899 2214 authoritatem

246 2267 273 2297 a)
294 2267 360 2298 Sic;
379 2267 563 2292 scribendum
582 2268 694 2298 fuerat,
710 2269 792 2298 puto,
814 2264 985 2297 Genuensi;
1006 2274 1029 2290 r.
1047 2266 1139 2296 infra,
1159 2266 1227 2290 adn.
1244 2267 1267 2290 1.
1329 2263 1360 2295 b)
1382 2266 1442 2289 IIoc
1464 2272 1486 2288 v.
1501 2264 1536 2288 ab
1556 2264 1619 2294 ipso
1636 2265 1664 2289 C.
1678 2271 1771 2294 supra
1788 2270 1899 2287 versum

125 2309 268 2340 scriptum
288 2312 338 2333 est.
419 2311 444 2340 c)
466 2307 647 2333 obtabamus
668 2308 747 2333 arch.
828 2307 859 2337 d)
881 2307 1052 2340 spontanea.
1073 2308 1152 2332 arch.
1236 2311 1262 2334 et
1284 2308 1320 2331 Ιιι1
1341 2307 1420 2331 arch.
1443 2306 1484 2330 ita
1504 2308 1663 2329 correctum
1683 2308 1724 2329 est
1744 2312 1780 2329 eac
1800 2303 1901 2328 Philo-

127 2350 254 2382 sopiam.
340 2350 368 2381 f)
390 2352 426 2375 In.
446 2351 526 2375 orcle.
547 2358 622 2375 corr.
643 2358 679 2374 em
699 2347 925 2375 turbulendam.
1012 2352 1041 2379 g)
1063 2350 1124 2373 Hoc
1144 2356 1168 2373 v.
1189 2357 1205 2373 ιι
1228 2349 1256 2373 C.
1277 2356 1371 2379 supra
1394 2355 1507 2372 rei-sam
1527 2347 1669 2377 scriptum
1689 2349 1740 2370 est.
1814 2344 1845 2376 h)
1866 2347 1902 2370 Inv

127 2393 207 2417 arch.
228 2400 301 2417 corr.
323 2400 358 2417 em
375 2391 564 2424 Cancellarij.
638 2391 657 2421 i)
680 2393 716 2416 In
736 2392 817 2416 arch.
837 2399 911 2416 corr.
933 2399 968 2416 εἰ
988 2389 1153 2423 publicare.

250 2489 257 2507 ¹
286 2487 338 2521 De
365 2487 557 2521 Societatis
590 2487 705 2521 fratre
739 2486 957 2520 scholastico
983 2486 1112 2520 Iacobo
1139 2486 1182 2519 de
1208 2484 1372 2518 Levanto
1404 2484 1483 2518 sive
1510 2483 1693 2518 Genuensi
1728 2494 1764 2516 v.
1792 2494 1902 2528 supra

128 2553 160 2586 p.
182 2541 222 2576 11
251 2541 308 2575 20.
455 2541 468 2561 ²
494 2541 676 2581 Fabricio3
703 2541 746 2574 de
773 2551 842 2584 quo
869 2551 979 2584 supra
1004 2551 1038 2584 p.
1070 2540 1129 2580 103
1159 2539 1204 2573 cf.
1235 2540 1323 2572 Can.
1350 2538 1383 2571 V
1409 2538 1490 2571 433.

249 2595 261 2614 ³
287 2594 459 2628 Sanctum
487 2593 708 2628 stanislaum
736 2594 915 2628 Kostkam
941 2594 1047 2634 dicit;
1075 2605 1108 2628 v.
1136 2604 1246 2636 supra
1272 2604 1305 2636 p.
1333 2592 1438 2625 4—6.

248 2650 259 2667 ⁴
287 2648 364 2682 Hoc
389 2648 565 2692 scriptum
590 2660 625 2682 v.
653 2659 762 2692 supra
788 2660 821 2692 p.
840 2647 992 2682 40—42.
1139 2647 1152 2666 ⁵
1179 2646 1289 2679 Plura
1315 2657 1349 2679 V.
1377 2646 1481 2684 infra,
1508 2655 1602 2678 mon.
1628 2643 1700 2686 ing.
1722 2642 1789 2686 (1).

248 2702 261 2721 ⁶
286 2701 483 2735 Martinum
519 2701 561 2735 de
598 2701 856 2744 Schaumberg.
907 2700 1075 2745 Episcopi
1113 2702 1358 2744 eystettenses
1393 2698 1515 2732 sedem
1541 2697 1723 2731 habebant
1748 2697 1785 2730 in
1812 2697 1903 2730 Arce

128 2754 401 2789 Willibaldiana
431 2754 778 2798 (Willibaldsburg),
806 2766 916 2799 prope
944 2753 1160 2798 Eystadium
1186 2753 1222 2786 in
1248 2755 1369 2786 monte
1396 2752 1431 2786 S.
1451 2751 1651 2784 Willibaldi
1678 2751 1760 2784 sita.

248 2809 260 2828 ⁷
289 2808 327 2842 P.
346 2809 591 2853 Hieronymus
619 2810 808 2842 Torrensis
834 2808 869 2842 S.
889 2808 921 2842 J.
949 2807 1154 2850 theologiae
1187 2806 1223 2840 in
1249 2806 1490 2840 universitate
1516 2803 1790 2848 ingolstadiensi
1825 2816 1903 2848 pro-

128 2863 244 2896 fessor
280 2862 433 2905 Borgiae
467 2862 690 2905 Ingolstadio
725 2862 757 2896 5.
785 2861 1000 2896 Novembris
1036 2861 1126 2894 1557
1160 2860 1354 2905 *scripsit:
1398 2858 1455 2900 „Jl
1490 2857 1791 2892 reuerendissimo
1826 2858 1903 2891 Sta-

129 2916 251 2950 diense
278 2915 502 2950 Cancellario
538 2916 573 2950 di
608 2918 737 2960 questa
773 2915 974 2949 vniuersita
1008 2914 1103 2948 disse
1139 2914 1173 2948 al
1202 2914 1252 2948 .P.
1281 2913 1435 2953 Canisio,
1470 2911 1704 2954 marauigliar
1729 2923 1768 2945 se
1794 2910 1904 2944 molto

130 2981 229 3003 como
255 2972 384 3012 questa
410 2969 509 3003 bulla
535 2972 572 3003 et
597 2969 717 3013 quella
744 2968 848 3003 dela
875 2980 963 3002 cena
997 2967 1069 3001 mai
1105 2967 1129 3001 li
1165 2967 1220 3002 sia
1254 2969 1350 3001 stato
1386 2966 1571 3000 intimata:
1608 2968 1645 2999 et
1680 2977 1742 3009 per
1776 2967 1904 3008 questo

129 3034 194 3067 par
220 3022 286 3056 che
312 3022 461 3066 indugia
486 3023 522 3057 la
548 3022 838 3068 promulgatione
871 3022 901 3056 d'
923 3022 1023 3056 detta
1049 3021 1274 3066 professione
1301 3048 1307 3055 .
1329 3049 1335 3056 .
1357 3048 1363 3054 .
1391 3031 1412 3054 a
1439 3020 1537 3053 detto
1564 3018 1598 3053 al
1626 3019 1735 3063 padre
1761 3018 1902 3062 prouin-

128 3076 220 3110 ciale
247 3075 312 3110 che
337 3076 516 3110 uolontier
541 3077 576 3111 la
602 3076 856 3122 promulgaria,
883 3075 1083 3109 solamente
1110 3075 1135 3108 1⁸1
1161 3074 1261 3108 fusse
1287 3074 1456 3108 intimata
1483 3073 1518 3106 di
1537 3072 1571 3106 S.
1587 3072 1729 3107 Santita
1747 3084 1766 3105 ο
1786 3071 1820 3104 di
1838 3082 1903 3104 suo

128 3129 405 3175 metropolitano
431 3142 517 3164 ouer
543 3130 695 3165 dalcuno
722 3130 859 3175 prelato
886 3129 1112 3163 dauthorita“
1146 3130 1207 3172 (ex
1234 3130 1396 3171 autogr.;
1425 3126 1466 3161 G.
1486 3127 1551 3171 Ep.
1570 3125 1656 3160 VIII
1682 3126 1705 3159 f.
1726 3124 1842 3168 21512).
