2044 3335
149 121 203 161 72
647 118 748 154 1504.
776 117 941 152 Canisius
968 117 1007 152 P.
1027 116 1212 162 Onuphrio
1238 117 1425 152 Panvinio.

146 240 173 279 6
205 237 246 280 S,
271 238 312 280 S.
337 237 637 280 Illustrissima
675 237 716 278 di
749 236 897 278 haver'
922 239 1011 278 cosi
1043 237 1234 279 resoluto
1268 236 1309 278 di
1341 236 1556 279 mandarli
1589 240 1741 291 queste
1773 252 1916 292 opere,

147 304 191 344 et
224 316 384 344 ancora
417 302 560 344 alcuni
592 301 693 344 altri
725 301 1014 343 trattatelli1:
1053 301 1145 343 diro
1177 316 1259 355 pur
1290 302 1371 343 ben
1405 304 1570 354 questo,
1614 302 1691 344 che
1723 302 1780 344 mi
1812 317 1918 357 pare

146 367 330 409 sarebbe
371 367 496 409 modo
539 367 675 408 molto
716 365 790 420 piu
832 366 1130 416 conveniente,
1174 367 1389 420 eleggersi
1430 369 1499 408 un’
1543 368 1634 408 solo
1676 367 1836 410 libraro
1874 368 1917 409 in

147 432 337 481 Colonia,
381 432 460 473 che
502 431 586 481 dui,
629 431 833 472 massime
873 444 951 485 per
984 431 1152 473 evitare
1185 432 1327 484 quelle
1360 431 1625 482 emulationi,
1668 433 1745 474 che
1785 436 1857 475 tra
1887 433 1918 474 li

148 496 301 538 librari
332 496 583 538 facilmente
615 495 812 548 sogliono
844 509 1039 546 nascere,
1083 500 1128 539 et
1160 496 1285 549 quasi
1315 497 1414 538 han’
1449 497 1521 549 gia
1553 497 1824 540 cominciato.
1871 497 1918 539 Io

148 576 331 604 conosco
364 562 392 602 l'
408 563 478 602 un’
504 564 547 603 et
579 561 605 602 l'
623 561 734 602 altro
764 564 808 603 et
829 561 860 602 11
882 564 1037 615 reputo
1060 561 1160 603 boni
1184 564 1228 604 et
1251 561 1466 611 catholici,
1490 576 1561 604 ma
1583 562 1757 604 Calenio
1780 563 1918 617 parmi

148 627 213 668 sia
245 626 317 680 piu
350 628 501 668 exatto
535 628 579 668 et
611 625 748 673 ricco;
783 628 887 679 pero
919 625 1060 668 faccia
1091 640 1172 680 pur
1195 627 1246 669 V.
1271 626 1499 669 Paternita
1530 627 1716 669 secondo
1748 627 1791 669 la
1817 642 1919 681 pru-

149 691 296 734 dentia
328 705 407 733 sua
440 690 621 744 quelche
653 691 693 732 16
725 704 884 744 parera
915 691 1088 744 meglio.

267 756 438 806 Quanto
472 756 513 797 al
544 755 654 797 libro
688 755 799 797 delle
832 756 1015 810 epistole
1048 756 1090 798 di
1124 756 1333 810 Gregorio
1363 757 1490 799 V11.2
1522 757 1698 798 credero
1732 756 1809 799 che
1842 772 1919 799 an-

149 835 252 863 cora
284 835 369 863 non
401 821 577 876 piacera
609 821 743 863 molto
777 821 819 862 al
850 821 1026 871 libraro,
1060 821 1264 863 massime
1297 836 1343 863 se
1376 823 1477 864 sara
1505 822 1640 864 molto
1663 820 1841 874 grande,
1875 826 1921 865 et

148 900 281 940 penso
323 886 402 928 che
443 885 571 928 simili
605 899 734 940 opere
767 886 820 928 de
852 886 1062 929 Pontefici
1095 886 1167 940 piu
1199 886 1450 929 facilmente
1483 887 1519 928 si
1550 887 1750 941 potriano
1783 889 1918 929 stam-

150 965 255 1006 pare
287 954 332 994 et
365 951 607 993 distrahere
633 951 676 992 in
699 951 899 1001 Venetia,
933 951 1164 993 essendovi
1186 951 1397 1005 maggior’
1426 952 1688 994 commodita
1710 952 1752 994 di
1775 952 1920 994 distri-

149 1016 275 1058 buirli
308 1019 352 1058 et
384 1016 586 1058 smaltirli
618 1030 695 1069 per
728 1016 899 1058 diverse
926 1016 1106 1069 regioni,
1143 1031 1264 1058 come
1286 1017 1428 1068 Italia,
1463 1017 1631 1059 Franza
1663 1020 1707 1059 et
1730 1018 1918 1072 Spagna.

270 1081 440 1123 Adesso
472 1083 735 1123 novamente
768 1095 873 1123 sono
906 1082 1044 1124 uscite
1077 1082 1117 1123 le
1150 1082 1220 1124 dui
1255 1082 1448 1124 centurie
1470 1082 1521 1124 X.
1557 1085 1601 1124 et
1623 1082 1696 1125 XI.
1731 1086 1775 1125 et
1796 1083 1920 1124 Mon-

150 1147 341 1200 signor'3
374 1146 674 1189 Illustrissimo
706 1149 944 1200 procurara
977 1146 1055 1188 che
1085 1149 1232 1201 presto
1265 1146 1301 1188 si
1333 1147 1536 1189 mandino
1569 1150 1594 1189 a
1617 1148 1669 1190 V.
1694 1148 1921 1190 Paternita

150 1226 270 1254 come
302 1213 347 1254 la
379 1211 590 1254 desidera.
635 1211 792 1253 Faccia
825 1211 905 1253 Dio
940 1211 1017 1253 che
1039 1212 1092 1254 V.
1117 1212 1346 1254 Paternita
1379 1216 1423 1255 et
1455 1212 1557 1254 altri
1589 1212 1779 1254 huomini
1809 1213 1921 1255 dotti

151 1277 187 1318 si
232 1266 477 1331 oponghino
523 1279 549 1318 a
594 1276 736 1330 questi
781 1276 942 1318 inimici
985 1279 1111 1319 tanto
1156 1277 1372 1331 petulanti
1414 1280 1458 1320 et
1498 1277 1766 1320 fraudulenti
1807 1278 1922 1320 della

150 1342 293 1384 verita
326 1345 371 1384 et
402 1341 521 1396 pieta
554 1341 768 1384 catholica
800 1341 868 1383 fra
900 1341 930 1382 li
963 1342 1080 1394 quali
1112 1342 1142 1383 il
1175 1341 1413 1396 principale
1446 1342 1599 1384 adesso
1628 1356 1733 1396 pare
1756 1342 1835 1384 che
1856 1342 1921 1384 sia

150 1407 318 1449 Mathia
348 1407 522 1457 Illirico,
564 1406 594 1448 11
637 1407 764 1459 quale
806 1421 891 1448 non
930 1420 1053 1449 cessa
1086 1421 1166 1449 con
1197 1408 1238 1449 le
1271 1421 1346 1449 sue
1380 1407 1578 1450 calunnie
1611 1408 1843 1450 obscurare
1876 1410 1922 1450 et

151 1476 404 1527 pervertere
438 1473 482 1514 16
523 1472 665 1514 verita
706 1472 749 1513 in
784 1486 883 1514 cose
925 1472 1036 1514 delle
1068 1472 1262 1515 Historie
1295 1472 1633 1523 ecclesiastiche‚
1675 1473 1920 1514 mandando

150 1551 321 1592 sempre
353 1537 467 1579 fuori
488 1537 590 1579 novi
614 1537 804 1588 trattati,
830 1551 951 1579 come
974 1541 1126 1580 contra
1149 1538 1427 1580 donationem
1450 1537 1735 1588 Constantini,
1761 1537 1922 1580 Contra

151 1603 485 1645 translationem
517 1602 706 1656 Imperii,
749 1602 910 1645 Contra
942 1602 1182 1646 Primatum
1215 1603 1334 1645 Petri
1347 1604 1375 1654 4,
1420 1605 1464 1645 et
1504 1603 1637 1645 molte
1678 1603 1791 1645 altre
1823 1616 1921 1644 cose

278 1727 287 1747 ¹
313 1726 366 1760 De
392 1726 464 1760 ritu
491 1725 688 1771 sepeliendi
713 1727 884 1760 mortuos.
923 1725 1178 1770 Interpretatio
1196 1738 1325 1760 vocum
1344 1726 1579 1770 quarundam.
1615 1726 1667 1759 De
1693 1725 1921 1760 stationibus.

153 1779 262 1814 Plura
288 1780 354 1814 sub
380 1779 479 1824 ipsas
505 1779 570 1813 has
596 1779 738 1813 litteras
765 1779 940 1813 dicentur.

272 1833 285 1853 2
303 1833 503 1867 Panvinius
520 1833 690 1866 habuisse
704 1832 848 1866 videtur
867 1832 1026 1876 Registri
1045 1833 1161 1866 sancti
1181 1831 1347 1875 Gregorii
1359 1832 1437 1866 VII.
1457 1832 1634 1877 pontificis
1651 1831 1920 1876 (1073—1085)

153 1886 401 1932 apographum
427 1885 571 1920 saeculo
599 1885 694 1919 XVI.
721 1885 916 1930 scriptum;
952 1885 988 1919 in
1023 1897 1093 1929 quo
1129 1885 1336 1930 apographo
1370 1897 1441 1919 non
1476 1897 1600 1919 omnes
1635 1884 1821 1930 epistulae,
1857 1885 1921 1919 sed

152 1939 229 1974 sola
254 1951 338 1984 pars
364 1939 542 1984 quaedam
568 1950 690 1972 earum
718 1938 889 1973 exstabat
917 1939 1028 1981 (nunc
1056 1939 1139 1974 Cod.
1164 1939 1267 1980 „Vat.
1287 1939 1455 1973 Ottobon.
1483 1939 1544 1973 lat.
1565 1938 1652 1973 300“
1684 1937 1923 1972 bibliothecae

153 1992 372 2037 vaticanae).
424 1992 634 2036 Registrum
669 1994 790 2026 autem
825 1992 970 2036 plenum
1006 1994 1114 2035 atque
1151 1992 1401 2036 archetypum,
1437 2003 1457 2026 a
1492 1991 1660 2026 Rainerio
1687 1991 1924 2026 cancellariae

156 2046 361 2091 pontificiae
386 2046 526 2080 notario
544 2046 730 2090 scriptum,
758 2045 875 2080 adhuc
894 2047 1015 2079 exstat
1036 2045 1135 2088 (Cod.
1160 2045 1267 2089 „Reg
1282 2045 1366 2079 Vat.
1385 2045 1426 2079 2⁴⁴
1448 2045 1587 2079 archivi
1606 2044 1801 2088 vaticani);
1830 2044 1923 2088 quod

153 2100 308 2144 primum
334 2099 470 2133 Romae
497 2110 529 2133 a.
546 2100 632 2133 1591
663 2110 848 2139 excusum,
875 2098 957 2132 dein
982 2099 1018 2132 in
1038 2098 1276 2133 Conciliorum
1304 2110 1453 2142 corpora
1476 2098 1671 2140 binianum,
1697 2097 1924 2138 labbeanum,

153 2152 430 2186 harduinianum
456 2154 522 2186 etc.
551 2154 586 2185 et
611 2152 647 2185 in
672 2153 805 2196 Mz'ynii
831 2151 1077 2195 Patrologiam
1096 2152 1259 2185 Latinam
1281 2151 1494 2195 (CXLVIII)
1514 2151 1744 2192 translatum,
1771 2150 1924 2194 denique

155 2217 176 2240 a
202 2207 370 2250 Philippo
397 2206 497 2248 Jaffe'
522 2205 772 2247 (Monumenta
800 2204 1031 2248 Gregoriana,
1068 2205 1226 2238 Berolini
1256 2205 1356 2244 1865,
1384 2205 1539 2247 9—519)
1578 2204 1676 2249 typis
1702 2204 1924 2248 exscriptum

155 2261 229 2299 est;
267 2258 330 2303 qui
364 2260 485 2292 tamen
520 2258 556 2292 in
583 2270 622 2292 eo
650 2258 803 2300 errabat,
840 2258 934 2301 quod
961 2257 1204 2298 existimabat,
1242 2257 1407 2301 Gregorii
1443 2257 1639 2301 registrum
1675 2257 1819 2301 plenum
1846 2256 1924 2290 sive

153 2312 270 2346 maius
296 2311 444 2356 perisse,
482 2323 598 2356 neque
624 2323 825 2356 superesse,
864 2311 933 2345 nisi
959 2311 1154 2354 registrum
1181 2311 1359 2355 quoddam
1391 2311 1510 2344 minus
1537 2322 1582 2344 ex
1606 2310 1741 2344 maiore
1768 2309 1924 2353 exscrip-

153 2368 243 2400 tum.
277 2365 370 2399 Vide
396 2376 488 2408 quae
514 2377 556 2398 ea
583 2364 625 2398 de
651 2376 689 2398 re
715 2364 862 2409 scripsit
883 2366 979 2398 Guil.
999 2365 1096 2398 Peitz
1114 2364 1148 2398 S.
1164 2365 1207 2404 J„
1237 2364 1311 2398 Das
1336 2363 1657 2407 Originalregister
1675 2363 1833 2406 Gregors
1845 2363 1923 2397 VII.

155 2419 203 2452 im
233 2417 518 2453 Vatikanischen
544 2418 681 2451 Archiv
710 2417 1060 2461 (Sitzungsberichte
1087 2418 1149 2451 der
1176 2417 1274 2451 Kais.
1301 2417 1500 2451 Akademie
1527 2417 1589 2450 der
1607 2416 1922 2451 Wissenschaften

156 2472 191 2505 in
218 2471 336 2506 Wien.
386 2471 634 2506 Philos.-Hist.
661 2470 803 2511 Klasse,
833 2471 909 2504 165.
936 2470 1001 2511 Bd,
1029 2471 1061 2504 5.
1088 2470 1192 2512 Abh.,
1219 2470 1327 2504 Wien
1357 2471 1458 2511 1911,
1485 2469 1654 2513 5-219).

277 2526 290 2545 3
321 2524 620 2566 „Ecclesiasticae
659 2523 860 2558 Historiae“
902 2535 966 2568 per
1004 2523 1194 2558 Centurias
1233 2523 1407 2567 digestae,
1446 2535 1510 2567 per
1544 2522 1736 2556 Matthiam
1764 2522 1923 2556 Flacium

158 2577 341 2622 illyricum
360 2577 520 2621 aliosque
538 2577 763 2611 Lutheranos
781 2577 1022 2620 Magdeburgi
1048 2577 1249 2618 incohatae,
1275 2588 1339 2621 per
1356 2577 1525 2610 Ioannem
1545 2575 1741 2620 Oporinum
1764 2575 1925 2609 Basileae

157 2642 324 2671 excusae,
344 2630 535 2665 Centuriae
554 2631 598 2664 X.
617 2633 653 2664 et
670 2630 730 2664 XI.
750 2629 905 2675 primum
929 2629 1045 2664 editae
1072 2633 1157 2664 sunt
1180 2630 1247 2664 hoc
1265 2641 1357 2664 anno
1378 2630 1468 2664 1567
1498 2629 1564 2672 (W.
1583 2630 1724 2672 Presser,
1749 2628 1925 2662 Matthias

158 2683 300 2717 Flacius
326 2683 494 2728 Illyricus
522 2684 564 2723 ΙΙ,
592 2683 774 2727 Erlangen
803 2683 905 2724 1861,
933 2683 1120 2717 426—427
1148 2682 1246 2726 559).

278 2738 290 2756 4
321 2736 393 2778 „De
419 2736 655 2770 translatione
680 2736 824 2780 Imperii
851 2736 1003 2770 Romani
1029 2736 1073 2770 ad
1101 2735 1332 2777 Germanos“‚
1360 2735 1525 2769 Basileae
1552 2735 1664 2775 1566;
1705 2733 1925 2776 „Verissima

158 2792 195 2823 et
212 2789 404 2823 utilissima
430 2789 583 2832 legenda
609 2791 672 2823 aut
696 2789 846 2823 historia
873 2789 915 2823 de
935 2788 969 2823 S.
988 2789 1087 2823 Petri
1107 2789 1317 2833 episcopatu
1337 2787 1394 2822 vel
1411 2788 1580 2832 papatu“,
1599 2787 1818 2831 Ratisponae
1834 2788 1923 2821 1567

162 2842 310 2885 (Preyer
335 2842 359 2876 l.
378 2853 407 2876 c.
435 2842 556 2876 11564
575 2842 673 2885 565).
713 2842 818 2876 Libro
849 2842 912 2884 „de
938 2841 1196 2876 translation&
1227 2842 1289 2875 illa
1314 2840 1450 2885 scripto
1476 2840 1619 2874 Flacius
1645 2839 1812 2874 adiunxit
1840 2839 1924 2882 (for-

159 2898 257 2929 tasse
292 2895 440 2928 seorsim
477 2906 616 2938 quoque
653 2895 776 2938 edidit)
811 2895 978 2937 „Librum
1006 2894 1158 2939 Lupoldi
1184 2893 1507 2937 Babembergensis
1544 2893 1586 2926 de
1613 2893 1755 2927 Iuribus
1780 2892 1925 2936 Imperii

160 2950 196 2981 et
222 2947 335 2990 Regni
363 2946 483 2981 301113ι
517 2948 663 2990 (Preyer
687 2947 709 2982 1.
739 2959 766 2982 0.
796 2948 895 2991 564).
947 2947 1023 2989 Quo
1050 2947 1140 2982 libro
1167 2947 1349 2992 Lupoldus
1375 2958 1396 2980 a
1422 2946 1634 2989 Bebenberg
1659 2946 1802 2980 saeculo
1828 2945 1925 2979 XIV.

164 3000 412 3042 „donationem
441 3000 687 3034 Constantini“
719 3001 744 3035 Ι.
771 3000 999 3045 imperatoris
1026 3000 1061 3035 S.
1080 3000 1255 3035 Silvestro
1281 3000 1307 3034 Ι.
1334 3011 1449 3044 papae
1483 3000 1519 3032 et
1554 2999 1727 3033 ecclesiae
1759 2994 1926 3032 romanae

160 3053 295 3088 factam
322 3053 358 3086 in
385 3053 532 3086 dubium
558 3053 730 3093 vocabat;
758 3064 865 3096 quam
892 3053 1137 3098 apocrypham
1164 3064 1244 3087 esse
1273 3052 1383 3095 (circa
1408 3051 1566 3085 medium
1592 3050 1775 3085 saeculum
1801 3050 1862 3085 IX.
1889 3051 1925 3084 in

161 3106 280 3141 Gallia
307 3105 458 3139 conficta
485 3117 563 3139 esse
590 3106 748 3149 videtur)
787 3118 831 3140 ne
857 3106 973 3140 medio
1002 3106 1145 3150 quidem
1172 3105 1316 3140 saeculo
1342 3105 1438 3139 XVI.
1475 3105 1525 3138 ita
1553 3105 1697 3149 planum
1726 3106 1819 3144 erat;
1858 3103 1925 3138 sub
