<?xml version="1.0" encoding="UTF-8"?>
<!DOCTYPE html PUBLIC "-//W3C//DTD XHTML 1.0 Transitional//EN"
    "http://www.w3.org/TR/xhtml1/DTD/xhtml1-transitional.dtd">
<html xmlns="http://www.w3.org/1999/xhtml" xml:lang="en" lang="en">
 <head>
  <title>
</title>
<meta http-equiv="Content-Type" content="text/html;charset=utf-8" />
  <meta name='ocr-system' content='tesseract 3.04.00' />
  <meta name='ocr-capabilities' content='ocr_page ocr_carea ocr_par ocr_line ocrx_word'/>
</head>
<body>
  <div class='ocr_page' id='page_1' title='image "beatipetricanisi06cani_0489.png"; bbox 0 0 2044 3335; ppageno 0'>
   <div class='ocr_carea' id='block_1_1' title="bbox 623 91 1852 137">
    <p class='ocr_par' dir='ltr' id='par_1_1' title="bbox 623 91 1852 137">
     <span class='ocr_line' id='line_1_1' title="bbox 623 91 1852 137; baseline 0.007 -12"><span class='ocrx_word' id='word_1_1' title='bbox 623 91 726 136; x_wconf 86' lang='lat' dir='ltr'>Spira</span> <span class='ocrx_word' id='word_1_2' title='bbox 753 92 847 126; x_wconf 86' lang='lat' dir='ltr'>circa</span> <span class='ocrx_word' id='word_1_3' title='bbox 872 103 918 126; x_wconf 92' lang='lat' dir='ltr'>m.</span> <span class='ocrx_word' id='word_1_4' title='bbox 938 91 1184 137; x_wconf 78' lang='lat' dir='ltr'>Septembrem</span> <span class='ocrx_word' id='word_1_5' title='bbox 1213 92 1314 127; x_wconf 75' lang='lat'>1570.</span> <span class='ocrx_word' id='word_1_6' title='bbox 1769 94 1852 134; x_wconf 82' lang='grc'>415</span> 
     </span>
    </p>
   </div>
   <div class='ocr_carea' id='block_1_2' title="bbox 71 207 1854 1630">
    <p class='ocr_par' dir='ltr' id='par_1_2' title="bbox 71 207 1854 1630">
     <span class='ocr_line' id='line_1_2' title="bbox 84 207 1854 262; baseline 0 -13"><span class='ocrx_word' id='word_1_7' title='bbox 84 208 280 250; x_wconf 87' lang='lat' dir='ltr'>socordia</span> <span class='ocrx_word' id='word_1_8' title='bbox 313 210 358 250; x_wconf 92' lang='lat' dir='ltr'>et</span> <span class='ocrx_word' id='word_1_9' title='bbox 390 207 749 261; x_wconf 74' lang='lat' dir='ltr'>pusillanimitate</span> <span class='ocrx_word' id='word_1_10' title='bbox 771 208 1026 251; x_wconf 82' lang='lat' dir='ltr'>audaciores</span> <span class='ocrx_word' id='word_1_11' title='bbox 1047 209 1155 252; x_wconf 88' lang='lat' dir='ltr'>facti</span> <span class='ocrx_word' id='word_1_12' title='bbox 1188 209 1289 262; x_wconf 89' lang='lat' dir='ltr'>quid</span> <span class='ocrx_word' id='word_1_13' title='bbox 1322 222 1406 250; x_wconf 92' lang='lat' dir='ltr'>non</span> <span class='ocrx_word' id='word_1_14' title='bbox 1438 207 1674 251; x_wconf 85' lang='lat' dir='ltr'>tentabunt</span> <span class='ocrx_word' id='word_1_15' title='bbox 1704 207 1854 250; x_wconf 88' lang='lat' dir='ltr'>hostes</span> 
     </span>
     <span class='ocr_line' id='line_1_3' title="bbox 84 272 1853 328; baseline 0 -14"><span class='ocrx_word' id='word_1_16' title='bbox 84 273 318 315; x_wconf 82' lang='lat' dir='ltr'>Ecclesiae.</span> <span class='ocrx_word' id='word_1_17' title='bbox 382 272 450 314; x_wconf 91' lang='lat' dir='ltr'>Illi</span> <span class='ocrx_word' id='word_1_18' title='bbox 481 272 656 315; x_wconf 88' lang='lat' dir='ltr'>interim</span> <span class='ocrx_word' id='word_1_19' title='bbox 699 287 806 326; x_wconf 90' lang='lat' dir='ltr'>quos</span> <span class='ocrx_word' id='word_1_20' title='bbox 839 274 1154 328; x_wconf 87' lang='lat' dir='ltr'>aggrediuntur</span> <span class='ocrx_word' id='word_1_21' title='bbox 1185 274 1313 316; x_wconf 90' lang='lat' dir='ltr'>minis</span> <span class='ocrx_word' id='word_1_22' title='bbox 1345 277 1390 316; x_wconf 88' lang='lat' dir='ltr'>et</span> <span class='ocrx_word' id='word_1_23' title='bbox 1422 273 1673 316; x_wconf 87' lang='lat' dir='ltr'>fulminibus</span> <span class='ocrx_word' id='word_1_24' title='bbox 1705 286 1853 315; x_wconf 88' lang='lat' dir='ltr'>eorum</span> 
     </span>
     <span class='ocr_line' id='line_1_4' title="bbox 82 337 1853 391; baseline -0.001 -11"><span class='ocrx_word' id='word_1_25' title='bbox 82 337 237 388; x_wconf 88' lang='lat' dir='ltr'>territi,</span> <span class='ocrx_word' id='word_1_26' title='bbox 272 337 372 379; x_wconf 92' lang='lat' dir='ltr'>dum</span> <span class='ocrx_word' id='word_1_27' title='bbox 405 338 459 379; x_wconf 90' lang='lat' dir='ltr'>ab</span> <span class='ocrx_word' id='word_1_28' title='bbox 482 337 578 391; x_wconf 88' lang='lat' dir='ltr'>alijs</span> <span class='ocrx_word' id='word_1_29' title='bbox 602 351 686 379; x_wconf 92' lang='lat' dir='ltr'>non</span> <span class='ocrx_word' id='word_1_30' title='bbox 709 338 971 389; x_wconf 89' lang='lat' dir='ltr'>animantur,</span> <span class='ocrx_word' id='word_1_31' title='bbox 1005 339 1182 381; x_wconf 89' lang='lat' dir='ltr'>nimium</span> <span class='ocrx_word' id='word_1_32' title='bbox 1215 338 1330 381; x_wconf 85' lang='lat' dir='ltr'>forte</span> <span class='ocrx_word' id='word_1_33' title='bbox 1353 339 1405 381; x_wconf 90' lang='lat' dir='ltr'>de</span> <span class='ocrx_word' id='word_1_34' title='bbox 1427 338 1637 381; x_wconf 72' lang='lat' dir='ltr'>Catholici</span> <span class='ocrx_word' id='word_1_35' title='bbox 1669 337 1853 380; x_wconf 89' lang='lat' dir='ltr'>hominis</span> 
     </span>
     <span class='ocr_line' id='line_1_5' title="bbox 82 402 1854 458; baseline 0.001 -15"><span class='ocrx_word' id='word_1_36' title='bbox 82 402 174 444; x_wconf 86' lang='lat' dir='ltr'>zelo</span> <span class='ocrx_word' id='word_1_37' title='bbox 206 402 449 446; x_wconf 87' lang='lat' dir='ltr'>remittunt.</span> <span class='ocrx_word' id='word_1_38' title='bbox 512 403 635 455; x_wconf 88' lang='lat' dir='ltr'>Rogo</span> <span class='ocrx_word' id='word_1_39' title='bbox 668 403 815 456; x_wconf 90' lang='lat' dir='ltr'>itaque</span> <span class='ocrx_word' id='word_1_40' title='bbox 847 404 898 447; x_wconf 82' lang='lat' dir='ltr'>R.</span> <span class='ocrx_word' id='word_1_41' title='bbox 923 404 970 447; x_wconf 91' lang='lat' dir='ltr'>P.</span> <span class='ocrx_word' id='word_1_42' title='bbox 995 404 1042 447; x_wconf 86' lang='lat' dir='ltr'>T.</span> <span class='ocrx_word' id='word_1_43' title='bbox 1076 404 1260 458; x_wconf 80' lang='lat' dir='ltr'>supplex</span> <span class='ocrx_word' id='word_1_44' title='bbox 1293 406 1472 458; x_wconf 90' lang='lat' dir='ltr'>propter</span> <span class='ocrx_word' id='word_1_45' title='bbox 1504 403 1734 454; x_wconf 79' lang='lat' dir='ltr'>Christum,</span> <span class='ocrx_word' id='word_1_46' title='bbox 1769 403 1854 445; x_wconf 91' lang='lat' dir='ltr'>Ec-</span> 
     </span>
     <span class='ocr_line' id='line_1_6' title="bbox 83 467 1854 522; baseline 0.001 -13"><span class='ocrx_word' id='word_1_47' title='bbox 83 467 270 518; x_wconf 90' lang='lat' dir='ltr'>clesiam,</span> <span class='ocrx_word' id='word_1_48' title='bbox 313 470 358 510; x_wconf 88' lang='lat' dir='ltr'>et</span> <span class='ocrx_word' id='word_1_49' title='bbox 397 482 560 522; x_wconf 89' lang='lat' dir='ltr'>paucas</span> <span class='ocrx_word' id='word_1_50' title='bbox 592 468 911 510; x_wconf 88' lang='lat' dir='ltr'>Catholicorum</span> <span class='ocrx_word' id='word_1_51' title='bbox 952 469 1158 522; x_wconf 87' lang='lat' dir='ltr'>reliquias</span> <span class='ocrx_word' id='word_1_52' title='bbox 1199 482 1310 521; x_wconf 90' lang='lat' dir='ltr'>quae</span> <span class='ocrx_word' id='word_1_53' title='bbox 1352 469 1490 510; x_wconf 89' lang='lat' dir='ltr'>adhuc</span> <span class='ocrx_word' id='word_1_54' title='bbox 1531 471 1633 511; x_wconf 91' lang='lat' dir='ltr'>sunt</span> <span class='ocrx_word' id='word_1_55' title='bbox 1668 468 1712 510; x_wconf 90' lang='lat' dir='ltr'>in</span> <span class='ocrx_word' id='word_1_56' title='bbox 1746 468 1854 510; x_wconf 80' lang='lat' dir='ltr'>Ger-</span> 
     </span>
     <span class='ocr_line' id='line_1_7' title="bbox 82 533 1852 588; baseline 0.001 -14"><span class='ocrx_word' id='word_1_57' title='bbox 82 533 248 575; x_wconf 86' lang='lat' dir='ltr'>mania:</span> <span class='ocrx_word' id='word_1_58' title='bbox 292 536 341 575; x_wconf 91' lang='lat' dir='ltr'>vt</span> <span class='ocrx_word' id='word_1_59' title='bbox 381 533 432 575; x_wconf 87' lang='lat' dir='ltr'>R.</span> <span class='ocrx_word' id='word_1_60' title='bbox 457 533 502 576; x_wconf 92' lang='lat' dir='ltr'>P.</span> <span class='ocrx_word' id='word_1_61' title='bbox 528 533 575 577; x_wconf 89' lang='lat' dir='ltr'>T.</span> <span class='ocrx_word' id='word_1_62' title='bbox 608 533 844 588; x_wconf 89' lang='lat' dir='ltr'>impetrare</span> <span class='ocrx_word' id='word_1_63' title='bbox 886 534 994 576; x_wconf 88' lang='lat' dir='ltr'>velit</span> <span class='ocrx_word' id='word_1_64' title='bbox 1035 548 1060 576; x_wconf 90' lang='lat' dir='ltr'>a</span> <span class='ocrx_word' id='word_1_65' title='bbox 1088 534 1321 576; x_wconf 84' lang='lat' dir='ltr'>Cardinale</span> <span class='ocrx_word' id='word_1_66' title='bbox 1355 533 1656 587; x_wconf 87' lang='lat' dir='ltr'>Augustano¹‚</span> <span class='ocrx_word' id='word_1_67' title='bbox 1701 533 1852 576; x_wconf 91' lang='lat' dir='ltr'>Archi-</span> 
     </span>
     <span class='ocr_line' id='line_1_8' title="bbox 81 597 1852 652; baseline 0.001 -13"><span class='ocrx_word' id='word_1_68' title='bbox 81 597 259 640; x_wconf 86' lang='lat' dir='ltr'>ducibus</span> <span class='ocrx_word' id='word_1_69' title='bbox 292 597 541 648; x_wconf 88' lang='lat' dir='ltr'>Austriae2,</span> <span class='ocrx_word' id='word_1_70' title='bbox 584 598 775 640; x_wconf 86' lang='lat' dir='ltr'>Ducibus</span> <span class='ocrx_word' id='word_1_71' title='bbox 817 599 1074 650; x_wconf 68' lang='lat' dir='ltr'>Bauariaess,</span> <span class='ocrx_word' id='word_1_72' title='bbox 1118 599 1512 641; x_wconf 82' lang='lat' dir='ltr'>Administratorea</span> <span class='ocrx_word' id='word_1_73' title='bbox 1543 598 1852 652; x_wconf 81' lang='lat' dir='ltr'>Frisingensi4,</span> 
     </span>
     <span class='ocr_line' id='line_1_9' title="bbox 80 663 1852 718; baseline 0.001 -13"><span class='ocrx_word' id='word_1_74' title='bbox 80 666 125 705; x_wconf 89' lang='lat' dir='ltr'>et</span> <span class='ocrx_word' id='word_1_75' title='bbox 158 677 183 704; x_wconf 89' lang='lat' dir='ltr'>a</span> <span class='ocrx_word' id='word_1_76' title='bbox 216 663 539 717; x_wconf 89' lang='lat' dir='ltr'>quibuscunque</span> <span class='ocrx_word' id='word_1_77' title='bbox 572 663 668 717; x_wconf 84' lang='lat' dir='ltr'>alijs</span> <span class='ocrx_word' id='word_1_78' title='bbox 700 663 966 718; x_wconf 88' lang='lat' dir='ltr'>principibus</span> <span class='ocrx_word' id='word_1_79' title='bbox 999 663 1257 706; x_wconf 86' lang='lat' dir='ltr'>Catholicisb</span> <span class='ocrx_word' id='word_1_80' title='bbox 1290 663 1339 706; x_wconf 81' lang='lat' dir='ltr'>R.</span> <span class='ocrx_word' id='word_1_81' title='bbox 1360 663 1406 705; x_wconf 92' lang='lat' dir='ltr'>P.</span> <span class='ocrx_word' id='word_1_82' title='bbox 1426 663 1474 706; x_wconf 89' lang='lat' dir='ltr'>T.</span> <span class='ocrx_word' id='word_1_83' title='bbox 1508 666 1666 717; x_wconf 87' lang='lat' dir='ltr'>potest,</span> <span class='ocrx_word' id='word_1_84' title='bbox 1701 664 1852 706; x_wconf 87' lang='lat' dir='ltr'>literas</span> 
     </span>
     <span class='ocr_line' id='line_1_10' title="bbox 81 727 1853 781; baseline 0.001 -12"><span class='ocrx_word' id='word_1_85' title='bbox 81 727 404 771; x_wconf 81' lang='lat' dir='ltr'>exhortatorias</span> <span class='ocrx_word' id='word_1_86' title='bbox 427 729 482 770; x_wconf 89' lang='lat' dir='ltr'>ad</span> <span class='ocrx_word' id='word_1_87' title='bbox 504 728 711 770; x_wconf 85' lang='lat' dir='ltr'>Consules</span> <span class='ocrx_word' id='word_1_88' title='bbox 744 731 789 771; x_wconf 91' lang='lat' dir='ltr'>et</span> <span class='ocrx_word' id='word_1_89' title='bbox 812 729 1018 771; x_wconf 84' lang='lat' dir='ltr'>Senatum</span> <span class='ocrx_word' id='word_1_90' title='bbox 1042 729 1353 778; x_wconf 86' lang='lat' dir='ltr'>Coloniensem,</span> <span class='ocrx_word' id='word_1_91' title='bbox 1388 727 1542 781; x_wconf 90' lang='lat' dir='ltr'>quibus</span> <span class='ocrx_word' id='word_1_92' title='bbox 1574 729 1853 781; x_wconf 86' lang='lat' dir='ltr'>gratulentur</span> 
     </span>
     <span class='ocr_line' id='line_1_11' title="bbox 78 792 1852 848; baseline 0.001 -15"><span class='ocrx_word' id='word_1_93' title='bbox 78 792 184 843; x_wconf 84' lang='lat' dir='ltr'>illis,</span> <span class='ocrx_word' id='word_1_94' title='bbox 219 793 333 846; x_wconf 91' lang='lat' dir='ltr'>quod</span> <span class='ocrx_word' id='word_1_95' title='bbox 374 808 400 836; x_wconf 92' lang='lat' dir='ltr'>a</span> <span class='ocrx_word' id='word_1_96' title='bbox 440 793 630 835; x_wconf 63' lang='lat' dir='ltr'>maitimo</span> <span class='ocrx_word' id='word_1_97' title='bbox 672 793 863 848; x_wconf 87' lang='lat' dir='ltr'>periculo</span> <span class='ocrx_word' id='word_1_98' title='bbox 905 794 947 835; x_wconf 93' lang='lat' dir='ltr'>in</span> <span class='ocrx_word' id='word_1_99' title='bbox 990 808 1073 847; x_wconf 91' lang='lat' dir='ltr'>quo</span> <span class='ocrx_word' id='word_1_100' title='bbox 1115 794 1292 836; x_wconf 84' lang='lat' dir='ltr'>fuerunt</span> <span class='ocrx_word' id='word_1_101' title='bbox 1332 793 1506 835; x_wconf 90' lang='lat' dir='ltr'>liberati</span> <span class='ocrx_word' id='word_1_102' title='bbox 1547 796 1669 844; x_wconf 88' lang='lat' dir='ltr'>sunt,</span> <span class='ocrx_word' id='word_1_103' title='bbox 1720 796 1769 836; x_wconf 90' lang='lat' dir='ltr'>vt</span> <span class='ocrx_word' id='word_1_104' title='bbox 1807 794 1852 835; x_wconf 88' lang='lat' dir='ltr'>in</span> 
     </span>
     <span class='ocr_line' id='line_1_12' title="bbox 78 858 1852 913; baseline 0.001 -14"><span class='ocrx_word' id='word_1_105' title='bbox 78 862 299 911; x_wconf 88' lang='lat' dir='ltr'>posterum</span> <span class='ocrx_word' id='word_1_106' title='bbox 323 860 494 901; x_wconf 88' lang='lat' dir='ltr'>mature</span> <span class='ocrx_word' id='word_1_107' title='bbox 516 858 656 912; x_wconf 87' lang='lat' dir='ltr'>magis</span> <span class='ocrx_word' id='word_1_108' title='bbox 680 862 878 909; x_wconf 89' lang='lat' dir='ltr'>caueant,</span> <span class='ocrx_word' id='word_1_109' title='bbox 909 861 1279 913; x_wconf 86' lang='lat' dir='ltr'>permaneantque</span> <span class='ocrx_word' id='word_1_110' title='bbox 1301 858 1329 912; x_wconf 86' lang='lat' dir='ltr'>ij</span> <span class='ocrx_word' id='word_1_111' title='bbox 1354 858 1425 911; x_wconf 90' lang='lat' dir='ltr'>qui</span> <span class='ocrx_word' id='word_1_112' title='bbox 1448 858 1659 901; x_wconf 90' lang='lat' dir='ltr'>hactenus</span> <span class='ocrx_word' id='word_1_113' title='bbox 1682 872 1852 913; x_wconf 86' lang='lat' dir='ltr'>semper</span> 
     </span>
     <span class='ocr_line' id='line_1_13' title="bbox 76 922 1851 978; baseline 0.001 -14"><span class='ocrx_word' id='word_1_114' title='bbox 76 922 265 974; x_wconf 88' lang='lat' dir='ltr'>fuerunt,</span> <span class='ocrx_word' id='word_1_115' title='bbox 301 937 454 978; x_wconf 89' lang='lat' dir='ltr'>nempe</span> <span class='ocrx_word' id='word_1_116' title='bbox 486 926 665 966; x_wconf 87' lang='lat' dir='ltr'>sanctae</span> <span class='ocrx_word' id='word_1_117' title='bbox 699 923 821 966; x_wconf 85' lang='lat' dir='ltr'>Rom.</span> <span class='ocrx_word' id='word_1_118' title='bbox 850 924 1074 966; x_wconf 83' lang='lat' dir='ltr'>Ecclesiae</span> <span class='ocrx_word' id='word_1_119' title='bbox 1105 924 1255 966; x_wconf 91' lang='lat' dir='ltr'>fideles</span> <span class='ocrx_word' id='word_1_120' title='bbox 1287 923 1415 977; x_wconf 82' lang='lat' dir='ltr'>filij5:</span> <span class='ocrx_word' id='word_1_121' title='bbox 1450 929 1526 966; x_wconf 82' lang='lat' dir='ltr'>nee</span> <span class='ocrx_word' id='word_1_122' title='bbox 1557 923 1742 966; x_wconf 82' lang='lat' dir='ltr'>timeant·</span> <span class='ocrx_word' id='word_1_123' title='bbox 1774 924 1851 966; x_wconf 87' lang='lat' dir='ltr'>ad-</span> 
     </span>
     <span class='ocr_line' id='line_1_14' title="bbox 76 988 1848 1043; baseline 0.002 -14"><span class='ocrx_word' id='word_1_124' title='bbox 76 988 316 1031; x_wconf 87' lang='lat' dir='ltr'>uersarios:</span> <span class='ocrx_word' id='word_1_125' title='bbox 352 988 600 1031; x_wconf 90' lang='lat' dir='ltr'>custodiant</span> <span class='ocrx_word' id='word_1_126' title='bbox 622 988 843 1031; x_wconf 86' lang='lat' dir='ltr'>ciuitatem</span> <span class='ocrx_word' id='word_1_127' title='bbox 869 989 1071 1031; x_wconf 87' lang='lat' dir='ltr'>mundam</span> <span class='ocrx_word' id='word_1_128' title='bbox 1095 990 1149 1031; x_wconf 91' lang='lat' dir='ltr'>ab</span> <span class='ocrx_word' id='word_1_129' title='bbox 1172 989 1286 1031; x_wconf 89' lang='lat' dir='ltr'>omni</span> <span class='ocrx_word' id='word_1_130' title='bbox 1308 1003 1448 1043; x_wconf 89' lang='lat' dir='ltr'>praua</span> <span class='ocrx_word' id='word_1_131' title='bbox 1471 988 1668 1031; x_wconf 89' lang='lat' dir='ltr'>doctrina</span> <span class='ocrx_word' id='word_1_132' title='bbox 1699 993 1743 1032; x_wconf 90' lang='lat' dir='ltr'>et</span> <span class='ocrx_word' id='word_1_133' title='bbox 1766 992 1848 1032; x_wconf 90' lang='lat' dir='ltr'>cet.</span> 
     </span>
     <span class='ocr_line' id='line_1_15' title="bbox 76 1053 1851 1107; baseline 0.001 -13"><span class='ocrx_word' id='word_1_134' title='bbox 76 1053 144 1094; x_wconf 87' lang='lat' dir='ltr'>Ab</span> <span class='ocrx_word' id='word_1_135' title='bbox 177 1053 312 1095; x_wconf 91' lang='lat' dir='ltr'>Hosio</span> <span class='ocrx_word' id='word_1_136' title='bbox 346 1054 477 1096; x_wconf 90' lang='lat' dir='ltr'>etiam</span> <span class='ocrx_word' id='word_1_137' title='bbox 511 1053 762 1096; x_wconf 87' lang='lat' dir='ltr'>obtineatur</span> <span class='ocrx_word' id='word_1_138' title='bbox 800 1068 975 1107; x_wconf 85' lang='lat' dir='ltr'>quaeso,</span> <span class='ocrx_word' id='word_1_139' title='bbox 1019 1055 1266 1105; x_wconf 75' lang='grc'><strong>0101110106,</strong></span> <span class='ocrx_word' id='word_1_140' title='bbox 1309 1055 1452 1097; x_wconf 89' lang='lat' dir='ltr'>Edero</span> <span class='ocrx_word' id='word_1_141' title='bbox 1466 1055 1494 1105; x_wconf 84' lang='lat'>7,</span> <span class='ocrx_word' id='word_1_142' title='bbox 1539 1057 1584 1097; x_wconf 90' lang='lat' dir='ltr'>et</span> <span class='ocrx_word' id='word_1_143' title='bbox 1616 1054 1713 1107; x_wconf 87' lang='lat' dir='ltr'>alijs</span> <span class='ocrx_word' id='word_1_144' title='bbox 1746 1054 1851 1096; x_wconf 89' lang='lat' dir='ltr'>viris</span> 
     </span>
     <span class='ocr_line' id='line_1_16' title="bbox 76 1118 1850 1174; baseline 0.001 -14"><span class='ocrx_word' id='word_1_145' title='bbox 76 1118 228 1169; x_wconf 89' lang='lat' dir='ltr'>doctis,</span> <span class='ocrx_word' id='word_1_146' title='bbox 261 1122 311 1161; x_wconf 87' lang='lat' dir='ltr'>vt</span> <span class='ocrx_word' id='word_1_147' title='bbox 334 1133 385 1161; x_wconf 91' lang='lat' dir='ltr'>ea</span> <span class='ocrx_word' id='word_1_148' title='bbox 407 1119 463 1161; x_wconf 88' lang='lat' dir='ltr'>ad</span> <span class='ocrx_word' id='word_1_149' title='bbox 485 1118 763 1161; x_wconf 88' lang='lat' dir='ltr'>Colonienses</span> <span class='ocrx_word' id='word_1_150' title='bbox 790 1120 996 1170; x_wconf 85' lang='lat' dir='ltr'>scribant,</span> <span class='ocrx_word' id='word_1_151' title='bbox 1031 1134 1142 1173; x_wconf 91' lang='lat' dir='ltr'>quae</span> <span class='ocrx_word' id='word_1_152' title='bbox 1174 1119 1344 1174; x_wconf 89' lang='lat' dir='ltr'>possint</span> <span class='ocrx_word' id='word_1_153' title='bbox 1375 1120 1493 1174; x_wconf 90' lang='lat' dir='ltr'>ipsos</span> <span class='ocrx_word' id='word_1_154' title='bbox 1526 1123 1679 1162; x_wconf 89' lang='lat' dir='ltr'>contra</span> <span class='ocrx_word' id='word_1_155' title='bbox 1711 1119 1850 1162; x_wconf 89' lang='lat' dir='ltr'>minas</span> 
     </span>
     <span class='ocr_line' id='line_1_17' title="bbox 75 1183 1850 1239; baseline 0.001 -14"><span class='ocrx_word' id='word_1_156' title='bbox 75 1183 393 1226; x_wconf 89' lang='lat' dir='ltr'>haereticorum</span> <span class='ocrx_word' id='word_1_157' title='bbox 436 1183 479 1225; x_wconf 91' lang='lat' dir='ltr'>in</span> <span class='ocrx_word' id='word_1_158' title='bbox 519 1184 604 1226; x_wconf 88' lang='lat' dir='ltr'>fide</span> <span class='ocrx_word' id='word_1_159' title='bbox 646 1184 890 1226; x_wconf 80' lang='lat' dir='ltr'>orthodoxa</span> <span class='ocrx_word' id='word_1_160' title='bbox 930 1188 1104 1239; x_wconf 89' lang='lat' dir='ltr'>patrum</span> <span class='ocrx_word' id='word_1_161' title='bbox 1146 1199 1322 1227; x_wconf 88' lang='lat' dir='ltr'>suorum</span> <span class='ocrx_word' id='word_1_162' title='bbox 1356 1186 1624 1228; x_wconf 88' lang='lat' dir='ltr'>confirmare.</span> <span class='ocrx_word' id='word_1_163' title='bbox 1688 1185 1737 1227; x_wconf 93' lang='lat' dir='ltr'>In</span> <span class='ocrx_word' id='word_1_164' title='bbox 1770 1186 1850 1227; x_wconf 91' lang='lat' dir='ltr'>hoc</span> 
     </span>
     <span class='ocr_line' id='line_1_18' title="bbox 76 1249 1849 1304; baseline 0.002 -14"><span class='ocrx_word' id='word_1_165' title='bbox 76 1249 126 1292; x_wconf 75' lang='lat' dir='ltr'>R.</span> <span class='ocrx_word' id='word_1_166' title='bbox 150 1249 196 1292; x_wconf 91' lang='lat' dir='ltr'>P.</span> <span class='ocrx_word' id='word_1_167' title='bbox 221 1249 269 1293; x_wconf 88' lang='lat' dir='ltr'>T.</span> <span class='ocrx_word' id='word_1_168' title='bbox 303 1250 395 1291; x_wconf 91' lang='lat' dir='ltr'>Deo</span> <span class='ocrx_word' id='word_1_169' title='bbox 430 1249 530 1304; x_wconf 86' lang='lat' dir='ltr'>Opt.</span> <span class='ocrx_word' id='word_1_170' title='bbox 564 1249 683 1292; x_wconf 80' lang='lat' dir='ltr'>Max,</span> <span class='ocrx_word' id='word_1_171' title='bbox 717 1252 891 1303; x_wconf 89' lang='lat' dir='ltr'>gratum</span> <span class='ocrx_word' id='word_1_172' title='bbox 935 1250 1187 1304; x_wconf 89' lang='lat' dir='ltr'>obsequium</span> <span class='ocrx_word' id='word_1_173' title='bbox 1220 1253 1265 1293; x_wconf 90' lang='lat' dir='ltr'>et</span> <span class='ocrx_word' id='word_1_174' title='bbox 1297 1251 1484 1293; x_wconf 86' lang='lat' dir='ltr'>Sanctae</span> <span class='ocrx_word' id='word_1_175' title='bbox 1517 1250 1719 1293; x_wconf 87' lang='lat' dir='ltr'>Coloniae</span> <span class='ocrx_word' id='word_1_176' title='bbox 1751 1250 1849 1304; x_wconf 88' lang='lat' dir='ltr'>piae</span> 
     </span>
     <span class='ocr_line' id='line_1_19' title="bbox 74 1314 1847 1370; baseline 0.001 -15"><span class='ocrx_word' id='word_1_177' title='bbox 74 1314 231 1357; x_wconf 87' lang='lat' dir='ltr'>nutrici</span> <span class='ocrx_word' id='word_1_178' title='bbox 271 1316 404 1357; x_wconf 71' lang='lat' dir='ltr'>tuaeS</span> <span class='ocrx_word' id='word_1_179' title='bbox 444 1329 657 1356; x_wconf 91' lang='lat' dir='ltr'>summum</span> <span class='ocrx_word' id='word_1_180' title='bbox 699 1315 973 1369; x_wconf 86' lang='lat' dir='ltr'>praestiteris</span> <span class='ocrx_word' id='word_1_181' title='bbox 1014 1315 1292 1358; x_wconf 86' lang='lat' dir='ltr'>beneficium:</span> <span class='ocrx_word' id='word_1_182' title='bbox 1335 1315 1594 1370; x_wconf 88' lang='lat' dir='ltr'>praesertim</span> <span class='ocrx_word' id='word_1_183' title='bbox 1637 1315 1673 1357; x_wconf 91' lang='lat' dir='ltr'>si</span> <span class='ocrx_word' id='word_1_184' title='bbox 1716 1316 1847 1358; x_wconf 91' lang='lat' dir='ltr'>etiam</span> 
     </span>
     <span class='ocr_line' id='line_1_20' title="bbox 73 1379 1849 1435; baseline 0.001 -14"><span class='ocrx_word' id='word_1_185' title='bbox 73 1379 166 1434; x_wconf 89' lang='lat' dir='ltr'>ipse</span> <span class='ocrx_word' id='word_1_186' title='bbox 200 1380 254 1422; x_wconf 92' lang='lat' dir='ltr'>ad</span> <span class='ocrx_word' id='word_1_187' title='bbox 277 1380 553 1422; x_wconf 89' lang='lat' dir='ltr'>Colonienses</span> <span class='ocrx_word' id='word_1_188' title='bbox 585 1382 685 1422; x_wconf 88' lang='lat' dir='ltr'>tuos</span> <span class='ocrx_word' id='word_1_189' title='bbox 708 1380 862 1433; x_wconf 89' lang='lat' dir='ltr'>quibus</span> <span class='ocrx_word' id='word_1_190' title='bbox 885 1394 1060 1435; x_wconf 85' lang='lat' dir='ltr'>operam</span> <span class='ocrx_word' id='word_1_191' title='bbox 1086 1384 1237 1423; x_wconf 89' lang='lat' dir='ltr'>contra</span> <span class='ocrx_word' id='word_1_192' title='bbox 1259 1381 1473 1423; x_wconf 89' lang='lat' dir='ltr'>Bucerum</span> <span class='ocrx_word' id='word_1_193' title='bbox 1508 1384 1552 1423; x_wconf 91' lang='lat' dir='ltr'>et</span> <span class='ocrx_word' id='word_1_194' title='bbox 1584 1380 1675 1422; x_wconf 92' lang='lat' dir='ltr'>eius</span> <span class='ocrx_word' id='word_1_195' title='bbox 1708 1381 1849 1423; x_wconf 90' lang='lat' dir='ltr'>socios</span> 
     </span>
     <span class='ocr_line' id='line_1_21' title="bbox 74 1444 1848 1501; baseline 0 -14"><span class='ocrx_word' id='word_1_196' title='bbox 74 1444 175 1487; x_wconf 90' lang='lat' dir='ltr'>olim</span> <span class='ocrx_word' id='word_1_197' title='bbox 207 1459 292 1487; x_wconf 89' lang='lat' dir='ltr'>non</span> <span class='ocrx_word' id='word_1_198' title='bbox 326 1445 552 1499; x_wconf 89' lang='lat' dir='ltr'>denegasti</span> <span class='ocrx_word' id='word_1_199' title='bbox 565 1446 593 1496; x_wconf 76' lang='lat'>9,</span> <span class='ocrx_word' id='word_1_200' title='bbox 628 1460 741 1487; x_wconf 87' lang='lat' dir='ltr'>nunc</span> <span class='ocrx_word' id='word_1_201' title='bbox 773 1446 937 1497; x_wconf 88' lang='lat' dir='ltr'>literas,</span> <span class='ocrx_word' id='word_1_202' title='bbox 971 1448 1100 1500; x_wconf 87' lang='lat' dir='ltr'>prout</span> <span class='ocrx_word' id='word_1_203' title='bbox 1126 1446 1311 1501; x_wconf 88' lang='lat' dir='ltr'>tempori</span> <span class='ocrx_word' id='word_1_204' title='bbox 1346 1449 1389 1488; x_wconf 93' lang='lat' dir='ltr'>et</span> <span class='ocrx_word' id='word_1_205' title='bbox 1412 1446 1592 1499; x_wconf 87' lang='lat' dir='ltr'>negocio</span> <span class='ocrx_word' id='word_1_206' title='bbox 1617 1446 1848 1488; x_wconf 88' lang='lat' dir='ltr'>conuenire</span> 
     </span>
     <span class='ocr_line' id='line_1_22' title="bbox 72 1510 1846 1565; baseline 0.001 -13"><span class='ocrx_word' id='word_1_207' title='bbox 72 1510 304 1562; x_wconf 78' lang='lat' dir='ltr'>videbitur,</span> <span class='ocrx_word' id='word_1_208' title='bbox 348 1511 452 1553; x_wconf 89' lang='lat' dir='ltr'>dare</span> <span class='ocrx_word' id='word_1_209' title='bbox 494 1511 699 1565; x_wconf 89' lang='lat' dir='ltr'>dignatus</span> <span class='ocrx_word' id='word_1_210' title='bbox 736 1510 892 1553; x_wconf 86' lang='lat' dir='ltr'>fueris:</span> <span class='ocrx_word' id='word_1_211' title='bbox 934 1525 1014 1553; x_wconf 91' lang='lat' dir='ltr'>nos</span> <span class='ocrx_word' id='word_1_212' title='bbox 1045 1511 1219 1554; x_wconf 88' lang='lat' dir='ltr'>interim</span> <span class='ocrx_word' id='word_1_213' title='bbox 1253 1514 1297 1554; x_wconf 86' lang='lat' dir='ltr'>et</span> <span class='ocrx_word' id='word_1_214' title='bbox 1329 1511 1536 1554; x_wconf 87' lang='lat' dir='ltr'>Catholici</span> <span class='ocrx_word' id='word_1_215' title='bbox 1572 1525 1720 1553; x_wconf 90' lang='lat' dir='ltr'>omnes</span> <span class='ocrx_word' id='word_1_216' title='bbox 1751 1514 1846 1555; x_wconf 86' lang='lat' dir='ltr'>toto</span> 
     </span>
     <span class='ocr_line' id='line_1_23' title="bbox 71 1576 1846 1630; baseline 0 -12"><span class='ocrx_word' id='word_1_217' title='bbox 71 1580 268 1630; x_wconf 89' lang='lat' dir='ltr'>tempore</span> <span class='ocrx_word' id='word_1_218' title='bbox 309 1576 427 1619; x_wconf 89' lang='lat' dir='ltr'>vitae</span> <span class='ocrx_word' id='word_1_219' title='bbox 467 1579 644 1618; x_wconf 89' lang='lat' dir='ltr'>nostrae</span> <span class='ocrx_word' id='word_1_220' title='bbox 685 1591 762 1630; x_wconf 88' lang='lat' dir='ltr'>pro</span> <span class='ocrx_word' id='word_1_221' title='bbox 805 1579 849 1618; x_wconf 91' lang='lat' dir='ltr'>te</span> <span class='ocrx_word' id='word_1_222' title='bbox 883 1577 1021 1619; x_wconf 88' lang='lat' dir='ltr'>Deum</span> <span class='ocrx_word' id='word_1_223' title='bbox 1064 1579 1108 1620; x_wconf 88' lang='lat' dir='ltr'>et</span> <span class='ocrx_word' id='word_1_224' title='bbox 1151 1580 1327 1619; x_wconf 87' lang='lat' dir='ltr'>sanctos</span> <span class='ocrx_word' id='word_1_225' title='bbox 1360 1577 1688 1619; x_wconf 82' lang='lat' dir='ltr'>Colonienses10</span> <span class='ocrx_word' id='word_1_226' title='bbox 1721 1590 1846 1619; x_wconf 87' lang='lat' dir='ltr'>orare</span> 
     </span>
    </p>
   </div>
   <div class='ocr_carea' id='block_1_3' title="bbox 76 1642 475 1685">
    <p class='ocr_par' dir='ltr' id='par_1_3' title="bbox 76 1642 475 1685">
     <span class='ocr_line' id='line_1_24' title="bbox 76 1642 475 1685; baseline 0.01 -2"><span class='ocrx_word' id='word_1_227' title='bbox 76 1642 294 1685; x_wconf 78' lang='lat' dir='ltr'>debemus.</span> <span class='ocrx_word' id='word_1_228' title='bbox 329 1666 386 1670; x_wconf 92' lang='lat'>—</span> <span class='ocrx_word' id='word_1_229' title='bbox 418 1666 475 1670; x_wconf 82' lang='lat'>—-</span> 
     </span>
    </p>
   </div>
   <div class='ocr_carea' id='block_1_4' title="bbox 70 1722 1845 2090">
    <p class='ocr_par' dir='ltr' id='par_1_4' title="bbox 70 1722 1845 1982">
     <span class='ocr_line' id='line_1_25' title="bbox 191 1722 1844 1769; baseline 0.001 -13"><span class='ocrx_word' id='word_1_230' title='bbox 191 1723 343 1757; x_wconf 84' lang='lat' dir='ltr'>Rethius</span> <span class='ocrx_word' id='word_1_231' title='bbox 362 1722 501 1768; x_wconf 88' lang='lat' dir='ltr'>Spiram</span> <span class='ocrx_word' id='word_1_232' title='bbox 522 1723 622 1757; x_wconf 89' lang='lat' dir='ltr'>venit</span> <span class='ocrx_word' id='word_1_233' title='bbox 647 1725 709 1757; x_wconf 88' lang='lat' dir='ltr'>aut</span> <span class='ocrx_word' id='word_1_234' title='bbox 727 1735 773 1757; x_wconf 92' lang='grc'><strong>111.</strong></span> <span class='ocrx_word' id='word_1_235' title='bbox 790 1724 954 1767; x_wconf 85' lang='lat' dir='ltr'>Augusto</span> <span class='ocrx_word' id='word_1_236' title='bbox 977 1723 1074 1768; x_wconf 85' lang='lat' dir='ltr'>(post</span> <span class='ocrx_word' id='word_1_237' title='bbox 1093 1724 1125 1757; x_wconf 93' lang='lat' dir='ltr'>d.</span> <span class='ocrx_word' id='word_1_238' title='bbox 1145 1724 1176 1758; x_wconf 89' lang='grc'>6.</span> <span class='ocrx_word' id='word_1_239' title='bbox 1192 1723 1363 1767; x_wconf 80' lang='lat' dir='ltr'>Augusti)</span> <span class='ocrx_word' id='word_1_240' title='bbox 1386 1726 1449 1758; x_wconf 87' lang='lat' dir='ltr'>aut</span> <span class='ocrx_word' id='word_1_241' title='bbox 1467 1723 1668 1769; x_wconf 84' lang='lat' dir='ltr'>Septembri</span> <span class='ocrx_word' id='word_1_242' title='bbox 1688 1735 1718 1758; x_wconf 88' lang='lat' dir='ltr'>a.</span> <span class='ocrx_word' id='word_1_243' title='bbox 1738 1723 1844 1762; x_wconf 81' lang='lat'>1570;</span> 
     </span>
     <span class='ocr_line' id='line_1_26' title="bbox 74 1775 1845 1821; baseline 0 -11"><span class='ocrx_word' id='word_1_244' title='bbox 74 1775 258 1810; x_wconf 86' lang='lat' dir='ltr'>Coloniam</span> <span class='ocrx_word' id='word_1_245' title='bbox 294 1779 414 1811; x_wconf 86' lang='lat' dir='ltr'>autem</span> <span class='ocrx_word' id='word_1_246' title='bbox 449 1776 556 1810; x_wconf 86' lang='lat' dir='ltr'>rediit</span> <span class='ocrx_word' id='word_1_247' title='bbox 584 1777 638 1811; x_wconf 88' lang='lat'>14.</span> <span class='ocrx_word' id='word_1_248' title='bbox 658 1776 826 1811; x_wconf 87' lang='lat' dir='ltr'>Octobris</span> <span class='ocrx_word' id='word_1_249' title='bbox 856 1777 945 1812; x_wconf 75' lang='lat'>1:370</span> <span class='ocrx_word' id='word_1_250' title='bbox 974 1777 1139 1820; x_wconf 71' lang='lat' dir='ltr'>(Hausen</span> <span class='ocrx_word' id='word_1_251' title='bbox 1166 1777 1189 1811; x_wconf 93' lang='lat' dir='ltr'>l.</span> <span class='ocrx_word' id='word_1_252' title='bbox 1217 1789 1246 1811; x_wconf 87' lang='lat' dir='ltr'>c.</span> <span class='ocrx_word' id='word_1_253' title='bbox 1274 1778 1359 1813; x_wconf 77' lang='lat'>584³</span> <span class='ocrx_word' id='word_1_254' title='bbox 1387 1777 1486 1821; x_wconf 82' lang='lat'>586).</span> <span class='ocrx_word' id='word_1_255' title='bbox 1538 1776 1627 1811; x_wconf 89' lang='lat' dir='ltr'>Cum</span> <span class='ocrx_word' id='word_1_256' title='bbox 1662 1777 1775 1820; x_wconf 87' lang='lat' dir='ltr'>igitur</span> <span class='ocrx_word' id='word_1_257' title='bbox 1810 1776 1845 1810; x_wconf 87' lang='lat' dir='ltr'>in</span> 
     </span>
     <span class='ocr_line' id='line_1_27' title="bbox 71 1829 1845 1875; baseline 0 -12"><span class='ocrx_word' id='word_1_258' title='bbox 71 1830 289 1875; x_wconf 84' lang='lat' dir='ltr'>apographo,</span> <span class='ocrx_word' id='word_1_259' title='bbox 316 1832 356 1864; x_wconf 90' lang='lat' dir='ltr'>ut</span> <span class='ocrx_word' id='word_1_260' title='bbox 382 1841 491 1875; x_wconf 89' lang='lat' dir='ltr'>supra</span> <span class='ocrx_word' id='word_1_261' title='bbox 518 1829 602 1871; x_wconf 81' lang='lat' dir='ltr'>dixi,</span> <span class='ocrx_word' id='word_1_262' title='bbox 629 1830 763 1864; x_wconf 85' lang='lat' dir='ltr'>mensis</span> <span class='ocrx_word' id='word_1_263' title='bbox 790 1829 946 1864; x_wconf 83' lang='lat' dir='ltr'>October</span> <span class='ocrx_word' id='word_1_264' title='bbox 972 1830 1202 1865; x_wconf 83' lang='lat' dir='ltr'>oblitteratus</span> <span class='ocrx_word' id='word_1_265' title='bbox 1228 1831 1285 1871; x_wconf 85' lang='lat' dir='ltr'>sit,</span> <span class='ocrx_word' id='word_1_266' title='bbox 1322 1833 1358 1865; x_wconf 88' lang='lat' dir='ltr'>et</span> <span class='ocrx_word' id='word_1_267' title='bbox 1384 1842 1464 1865; x_wconf 90' lang='lat' dir='ltr'>cum</span> <span class='ocrx_word' id='word_1_268' title='bbox 1491 1830 1660 1864; x_wconf 88' lang='lat' dir='ltr'>Rethium</span> <span class='ocrx_word' id='word_1_269' title='bbox 1688 1841 1734 1864; x_wconf 91' lang='grc'><strong>111.</strong></span> <span class='ocrx_word' id='word_1_270' title='bbox 1762 1829 1845 1875; x_wconf 87' lang='lat' dir='ltr'>Sep—</span> 
     </span>
     <span class='ocr_line' id='line_1_28' title="bbox 70 1883 1843 1929; baseline 0.001 -12"><span class='ocrx_word' id='word_1_271' title='bbox 70 1883 198 1918; x_wconf 89' lang='lat' dir='ltr'>tembri</span> <span class='ocrx_word' id='word_1_272' title='bbox 226 1883 364 1918; x_wconf 87' lang='lat' dir='ltr'>similes</span> <span class='ocrx_word' id='word_1_273' title='bbox 389 1883 531 1918; x_wconf 81' lang='lat' dir='ltr'>litteras</span> <span class='ocrx_word' id='word_1_274' title='bbox 558 1883 701 1918; x_wconf 88' lang='lat' dir='ltr'>dedisse</span> <span class='ocrx_word' id='word_1_275' title='bbox 728 1886 869 1918; x_wconf 85' lang='lat' dir='ltr'>constet</span> <span class='ocrx_word' id='word_1_276' title='bbox 897 1883 1064 1927; x_wconf 68' lang='lat' dir='ltr'>(Han-sen</span> <span class='ocrx_word' id='word_1_277' title='bbox 1090 1884 1113 1918; x_wconf 88' lang='lat' dir='ltr'>l.</span> <span class='ocrx_word' id='word_1_278' title='bbox 1133 1896 1162 1919; x_wconf 90' lang='grc'>0.</span> <span class='ocrx_word' id='word_1_279' title='bbox 1192 1884 1307 1929; x_wconf 72' lang='lat'>5832),</span> <span class='ocrx_word' id='word_1_280' title='bbox 1334 1884 1504 1918; x_wconf 84' lang='lat' dir='ltr'>Rethium</span> <span class='ocrx_word' id='word_1_281' title='bbox 1525 1883 1668 1918; x_wconf 88' lang='lat' dir='ltr'>Canisio</span> <span class='ocrx_word' id='word_1_282' title='bbox 1695 1895 1739 1918; x_wconf 90' lang='lat' dir='ltr'>m.</span> <span class='ocrx_word' id='word_1_283' title='bbox 1760 1883 1843 1928; x_wconf 89' lang='lat' dir='ltr'>Sep-</span> 
     </span>
     <span class='ocr_line' id='line_1_29' title="bbox 71 1936 623 1982; baseline 0 -11"><span class='ocrx_word' id='word_1_284' title='bbox 71 1937 200 1971; x_wconf 79' lang='lat' dir='ltr'>tembri</span> <span class='ocrx_word' id='word_1_285' title='bbox 227 1937 417 1982; x_wconf 87' lang='lat' dir='ltr'>scripsisse</span> <span class='ocrx_word' id='word_1_286' title='bbox 444 1936 623 1971; x_wconf 83' lang='lat' dir='ltr'>existimo.</span> 
     </span>
    </p>

    <p class='ocr_par' dir='ltr' id='par_1_5' title="bbox 72 1989 1844 2090">
     <span class='ocr_line' id='line_1_30' title="bbox 192 1989 1844 2036; baseline 0 -12"><span class='ocrx_word' id='word_1_287' title='bbox 192 1989 324 2025; x_wconf 88' lang='lat' dir='ltr'>Canisii</span> <span class='ocrx_word' id='word_1_288' title='bbox 353 1993 388 2024; x_wconf 87' lang='lat' dir='ltr'>et</span> <span class='ocrx_word' id='word_1_289' title='bbox 414 2002 543 2036; x_wconf 86' lang='lat' dir='ltr'>operae</span> <span class='ocrx_word' id='word_1_290' title='bbox 578 1991 621 2025; x_wconf 88' lang='lat' dir='ltr'>ab</span> <span class='ocrx_word' id='word_1_291' title='bbox 657 1991 734 2036; x_wconf 89' lang='lat' dir='ltr'>ipso</span> <span class='ocrx_word' id='word_1_292' title='bbox 762 1990 961 2025; x_wconf 87' lang='lat' dir='ltr'>catholicae</span> <span class='ocrx_word' id='word_1_293' title='bbox 988 1991 1153 2034; x_wconf 83' lang='lat' dir='ltr'>religioni</span> <span class='ocrx_word' id='word_1_294' title='bbox 1186 1994 1343 2026; x_wconf 85' lang='lat' dir='ltr'>navatae</span> <span class='ocrx_word' id='word_1_295' title='bbox 1373 1992 1593 2026; x_wconf 68' lang='lat' dir='ltr'>Colonienses</span> <span class='ocrx_word' id='word_1_296' title='bbox 1627 1990 1733 2035; x_wconf 89' lang='lat' dir='ltr'>paulo</span> <span class='ocrx_word' id='word_1_297' title='bbox 1760 1992 1844 2024; x_wconf 88' lang='lat' dir='ltr'>ante</span> 
     </span>
     <span class='ocr_line' id='line_1_31' title="bbox 72 2043 1842 2090; baseline 0 -12"><span class='ocrx_word' id='word_1_298' title='bbox 72 2044 252 2089; x_wconf 87' lang='lat' dir='ltr'>publicam</span> <span class='ocrx_word' id='word_1_299' title='bbox 279 2044 382 2088; x_wconf 85' lang='lat' dir='ltr'>quasi</span> <span class='ocrx_word' id='word_1_300' title='bbox 400 2044 616 2078; x_wconf 87' lang='lat' dir='ltr'>mentionem</span> <span class='ocrx_word' id='word_1_301' title='bbox 636 2044 809 2079; x_wconf 85' lang='lat' dir='ltr'>fecerant.</span> <span class='ocrx_word' id='word_1_302' title='bbox 850 2044 938 2079; x_wconf 89' lang='lat' dir='ltr'>Cum</span> <span class='ocrx_word' id='word_1_303' title='bbox 967 2045 1060 2079; x_wconf 87' lang='lat' dir='ltr'>enim</span> <span class='ocrx_word' id='word_1_304' title='bbox 1079 2043 1269 2089; x_wconf 87' lang='lat' dir='ltr'>Philippus</span> <span class='ocrx_word' id='word_1_305' title='bbox 1287 2044 1331 2078; x_wconf 90' lang='grc' dir='ltr'>ΙΙ.</span> <span class='ocrx_word' id='word_1_306' title='bbox 1351 2056 1415 2090; x_wconf 90' lang='lat' dir='ltr'>per</span> <span class='ocrx_word' id='word_1_307' title='bbox 1432 2043 1696 2078; x_wconf 84' lang='lat' dir='ltr'>Ferdinandum</span> <span class='ocrx_word' id='word_1_308' title='bbox 1717 2044 1842 2078; x_wconf 88' lang='lat' dir='ltr'>ducem</span> 
     </span>
    </p>
   </div>
   <div class='ocr_carea' id='block_1_5' title="bbox 190 2113 1455 2147">
    <p class='ocr_par' dir='ltr' id='par_1_6' title="bbox 190 2113 1455 2147">
     <span class='ocr_line' id='line_1_32' title="bbox 190 2113 1455 2147; baseline 0 -8"><span class='ocrx_word' id='word_1_309' title='bbox 190 2114 218 2147; x_wconf 86' lang='lat' dir='ltr'>a)</span> <span class='ocrx_word' id='word_1_310' title='bbox 238 2113 464 2140; x_wconf 80' lang='lat' dir='ltr'>Administrare</span> <span class='ocrx_word' id='word_1_311' title='bbox 484 2123 530 2146; x_wconf 74' lang='lat' dir='ltr'>(tp.</span> <span class='ocrx_word' id='word_1_312' title='bbox 615 2114 644 2147; x_wconf 82' lang='lat' dir='ltr'>b)</span> <span class='ocrx_word' id='word_1_313' title='bbox 668 2115 739 2140; x_wconf 79' lang='lat' dir='ltr'>Tria</span> <span class='ocrx_word' id='word_1_314' title='bbox 763 2123 802 2140; x_wconf 76' lang='lat' dir='ltr'>rr.</span> <span class='ocrx_word' id='word_1_315' title='bbox 823 2123 882 2146; x_wconf 68' lang='lat' dir='ltr'>sqq.</span> <span class='ocrx_word' id='word_1_316' title='bbox 903 2116 982 2146; x_wconf 76' lang='lat' dir='ltr'>apud</span> <span class='ocrx_word' id='word_1_317' title='bbox 1004 2116 1059 2140; x_wconf 73' lang='lat' dir='ltr'>Ha.</span> <span class='ocrx_word' id='word_1_318' title='bbox 1081 2116 1194 2140; x_wconf 75' lang='lat' dir='ltr'>desunt.</span> <span class='ocrx_word' id='word_1_319' title='bbox 1270 2114 1295 2146; x_wconf 79' lang='lat' dir='ltr'>c)</span> <span class='ocrx_word' id='word_1_320' title='bbox 1317 2122 1377 2140; x_wconf 88' lang='lat' dir='ltr'>non</span> <span class='ocrx_word' id='word_1_321' title='bbox 1398 2116 1455 2140; x_wconf 79' lang='lat' dir='ltr'>Ha.</span> 
     </span>
    </p>
   </div>
   <div class='ocr_carea' id='block_1_6' title="bbox 69 2227 1841 3072">
    <p class='ocr_par' dir='ltr' id='par_1_7' title="bbox 195 2227 866 2272">
     <span class='ocr_line' id='line_1_33' title="bbox 195 2227 866 2272; baseline 0 -10"><span class='ocrx_word' id='word_1_322' title='bbox 195 2230 202 2248; x_wconf 86' lang='lat'><strong>¹</strong></span> <span class='ocrx_word' id='word_1_323' title='bbox 230 2228 362 2262; x_wconf 83' lang='lat' dir='ltr'>Ottone</span> <span class='ocrx_word' id='word_1_324' title='bbox 388 2227 588 2262; x_wconf 84' lang='lat' dir='ltr'>Truchsess</span> <span class='ocrx_word' id='word_1_325' title='bbox 614 2239 634 2262; x_wconf 89' lang='lat' dir='ltr'>a</span> <span class='ocrx_word' id='word_1_326' title='bbox 652 2227 866 2272; x_wconf 80' lang='lat' dir='ltr'>Waldburg.</span> 
     </span>
    </p>

    <p class='ocr_par' dir='ltr' id='par_1_8' title="bbox 191 2257 1839 2378">
     <span class='ocr_line' id='line_1_34' title="bbox 193 2257 1839 2341; baseline -0.001 -24.975"><span class='ocrx_word' id='word_1_327' title='bbox 193 2281 359 2316; x_wconf 90' lang='grc'><strong>30111010</strong></span> <span class='ocrx_word' id='word_1_328' title='bbox 387 2281 527 2323; x_wconf 86' lang='lat' dir='ltr'>Stiriae,</span> <span class='ocrx_word' id='word_1_329' title='bbox 555 2280 762 2315; x_wconf 86' lang='lat' dir='ltr'>Carinthiae</span> <span class='ocrx_word' id='word_1_330' title='bbox 790 2285 857 2316; x_wconf 87' lang='lat' dir='ltr'>etc.</span> <span class='ocrx_word' id='word_1_331' title='bbox 886 2282 1046 2341; x_wconf 82' lang='lat' dir='ltr'>principe</span> <span class='ocrx_word' id='word_1_332' title='bbox 1073 2284 1110 2315; x_wconf 89' lang='lat' dir='ltr'>et</span> <span class='ocrx_word' id='word_1_333' title='bbox 1134 2281 1358 2316; x_wconf 81' lang='lat' dir='ltr'>Ferdinando</span> <span class='ocrx_word' id='word_1_334' title='bbox 1378 2282 1422 2315; x_wconf 86' lang='grc'>11.</span> <span class='ocrx_word' id='word_1_335' title='bbox 1449 2281 1609 2326; x_wconf 75' lang='lat' dir='ltr'>plincipe</span> <span class='ocrx_word' id='word_1_336' title='bbox 1625 2281 1754 2315; x_wconf 85' lang='lat' dir='ltr'>Tirolis</span> <span class='ocrx_word' id='word_1_337' title='bbox 1774 2257 1839 2316; x_wconf 83' lang='lat' dir='ltr'>etc.</span> 
     </span>
     <span class='ocr_line' id='line_1_35' title="bbox 191 2334 1333 2378; baseline 0.001 -10"><span class='ocrx_word' id='word_1_338' title='bbox 191 2335 203 2354; x_wconf 69' lang='lat'>²³</span> <span class='ocrx_word' id='word_1_339' title='bbox 229 2335 378 2369; x_wconf 86' lang='lat' dir='ltr'>Alberto</span> <span class='ocrx_word' id='word_1_340' title='bbox 397 2334 440 2369; x_wconf 83' lang='lat' dir='ltr'>V.</span> <span class='ocrx_word' id='word_1_341' title='bbox 468 2336 504 2368; x_wconf 87' lang='lat' dir='ltr'>et</span> <span class='ocrx_word' id='word_1_342' title='bbox 530 2334 560 2369; x_wconf 77' lang='grc' dir='ltr'>(τ</span> <span class='ocrx_word' id='word_1_343' title='bbox 565 2334 721 2369; x_wconf 87' lang='grc'><strong>11111011110</strong></span> <span class='ocrx_word' id='word_1_344' title='bbox 744 2334 820 2378; x_wconf 88' lang='lat' dir='ltr'>(V.)</span> <span class='ocrx_word' id='word_1_345' title='bbox 847 2334 919 2369; x_wconf 90' lang='lat' dir='ltr'>filio</span> <span class='ocrx_word' id='word_1_346' title='bbox 947 2335 1023 2369; x_wconf 88' lang='lat' dir='ltr'>eius</span> <span class='ocrx_word' id='word_1_347' title='bbox 1049 2338 1136 2369; x_wconf 85' lang='lat' dir='ltr'>natu</span> <span class='ocrx_word' id='word_1_348' title='bbox 1162 2335 1333 2369; x_wconf 85' lang='lat' dir='ltr'>maximo.</span> 
     </span>
    </p>

    <p class='ocr_par' dir='ltr' id='par_1_9' title="bbox 189 2387 1613 2433">
     <span class='ocr_line' id='line_1_36' title="bbox 189 2387 1613 2433; baseline 0 -11"><span class='ocrx_word' id='word_1_349' title='bbox 189 2391 201 2408; x_wconf 65' lang='lat'>4</span> <span class='ocrx_word' id='word_1_350' title='bbox 229 2389 380 2422; x_wconf 85' lang='lat' dir='ltr'>Ernesto</span> <span class='ocrx_word' id='word_1_351' title='bbox 406 2387 479 2421; x_wconf 87' lang='lat' dir='ltr'>filio</span> <span class='ocrx_word' id='word_1_352' title='bbox 506 2388 645 2422; x_wconf 88' lang='lat' dir='ltr'>Alberti</span> <span class='ocrx_word' id='word_1_353' title='bbox 666 2388 708 2422; x_wconf 93' lang='lat' dir='ltr'>V.</span> <span class='ocrx_word' id='word_1_354' title='bbox 736 2390 773 2422; x_wconf 87' lang='lat' dir='ltr'>et</span> <span class='ocrx_word' id='word_1_355' title='bbox 798 2388 1091 2422; x_wconf 85' lang='lat' dir='ltr'>administratore</span> <span class='ocrx_word' id='word_1_356' title='bbox 1117 2388 1346 2433; x_wconf 84' lang='lat' dir='ltr'>episcopatus</span> <span class='ocrx_word' id='word_1_357' title='bbox 1373 2388 1613 2432; x_wconf 71' lang='lat' dir='ltr'>frisingensis</span> 
     </span>
    </p>

    <p class='ocr_par' dir='ltr' id='par_1_10' title="bbox 75 2441 1840 2539">
     <span class='ocr_line' id='line_1_37' title="bbox 191 2441 1839 2486; baseline 0.001 -11"><span class='ocrx_word' id='word_1_358' title='bbox 191 2443 203 2462; x_wconf 73' lang='lat'>⁵·</span> <span class='ocrx_word' id='word_1_359' title='bbox 230 2441 357 2485; x_wconf 90' lang='lat' dir='ltr'>Sigilla</span> <span class='ocrx_word' id='word_1_360' title='bbox 383 2442 518 2475; x_wconf 85' lang='lat' dir='ltr'>maiora</span> <span class='ocrx_word' id='word_1_361' title='bbox 544 2441 643 2476; x_wconf 89' lang='lat' dir='ltr'>urbis</span> <span class='ocrx_word' id='word_1_362' title='bbox 669 2441 884 2476; x_wconf 88' lang='lat' dir='ltr'>coloniensis</span> <span class='ocrx_word' id='word_1_363' title='bbox 910 2441 1003 2476; x_wconf 92' lang='lat' dir='ltr'>hanc</span> <span class='ocrx_word' id='word_1_364' title='bbox 1029 2441 1211 2476; x_wconf 84' lang='lat' dir='ltr'>habebant</span> <span class='ocrx_word' id='word_1_365' title='bbox 1237 2443 1270 2475; x_wconf 88' lang='lat' dir='ltr'>in</span> <span class='ocrx_word' id='word_1_366' title='bbox 1298 2442 1522 2485; x_wconf 84' lang='lat' dir='ltr'>marginibus</span> <span class='ocrx_word' id='word_1_367' title='bbox 1550 2441 1839 2486; x_wconf 87' lang='lat' dir='ltr'>inscriptionem:</span> 
     </span>
     <span class='ocr_line' id='line_1_38' title="bbox 75 2494 1840 2539; baseline 0 -9"><span class='ocrx_word' id='word_1_368' title='bbox 75 2496 229 2538; x_wconf 77' lang='lat' dir='ltr'>,Sancta</span> <span class='ocrx_word' id='word_1_369' title='bbox 248 2495 395 2530; x_wconf 83' lang='lat' dir='ltr'>Colonia</span> <span class='ocrx_word' id='word_1_370' title='bbox 413 2494 479 2528; x_wconf 90' lang='lat' dir='ltr'>Dei</span> <span class='ocrx_word' id='word_1_371' title='bbox 499 2495 617 2538; x_wconf 88' lang='lat' dir='ltr'>gratia</span> <span class='ocrx_word' id='word_1_372' title='bbox 635 2494 818 2528; x_wconf 86' lang='lat' dir='ltr'>Romanae</span> <span class='ocrx_word' id='word_1_373' title='bbox 837 2494 1022 2529; x_wconf 89' lang='lat' dir='ltr'>Ecclesiae</span> <span class='ocrx_word' id='word_1_374' title='bbox 1048 2494 1164 2529; x_wconf 87' lang='lat' dir='ltr'>fidelis</span> <span class='ocrx_word' id='word_1_375' title='bbox 1190 2495 1284 2529; x_wconf 64' lang='lat' dir='ltr'>filia*</span> <span class='ocrx_word' id='word_1_376' title='bbox 1301 2508 1306 2531; x_wconf 89' lang='lat'>:</span> <span class='ocrx_word' id='word_1_377' title='bbox 1336 2496 1378 2528; x_wconf 86' lang='lat' dir='ltr'>de</span> <span class='ocrx_word' id='word_1_378' title='bbox 1398 2506 1467 2539; x_wconf 91' lang='lat' dir='ltr'>qua</span> <span class='ocrx_word' id='word_1_379' title='bbox 1486 2506 1524 2528; x_wconf 90' lang='lat' dir='ltr'>re</span> <span class='ocrx_word' id='word_1_380' title='bbox 1543 2507 1577 2529; x_wconf 89' lang='lat' dir='ltr'>v.</span> <span class='ocrx_word' id='word_1_381' title='bbox 1596 2496 1682 2528; x_wconf 77' lang='lat' dir='ltr'>Can.</span> <span class='ocrx_word' id='word_1_382' title='bbox 1698 2494 1729 2528; x_wconf 93' lang='lat' dir='ltr'><strong>V</strong></span> <span class='ocrx_word' id='word_1_383' title='bbox 1747 2495 1840 2530; x_wconf 77' lang='lat'>162³.</span> 
     </span>
    </p>

    <p class='ocr_par' dir='ltr' id='par_1_11' title="bbox 70 2547 1841 2700">
     <span class='ocr_line' id='line_1_39' title="bbox 191 2547 1840 2592; baseline 0 -10"><span class='ocrx_word' id='word_1_384' title='bbox 191 2550 202 2569; x_wconf 68' lang='grc' dir='ltr'><strong>θ</strong></span> <span class='ocrx_word' id='word_1_385' title='bbox 230 2548 456 2583; x_wconf 87' lang='lat' dir='ltr'>Cardinalem</span> <span class='ocrx_word' id='word_1_386' title='bbox 476 2548 695 2582; x_wconf 87' lang='lat' dir='ltr'>Stanislaum</span> <span class='ocrx_word' id='word_1_387' title='bbox 715 2547 865 2582; x_wconf 88' lang='lat' dir='ltr'>Hosium</span> <span class='ocrx_word' id='word_1_388' title='bbox 885 2550 921 2581; x_wconf 90' lang='lat' dir='ltr'>et</span> <span class='ocrx_word' id='word_1_389' title='bbox 938 2548 1135 2582; x_wconf 84' lang='lat' dir='ltr'>Martinum</span> <span class='ocrx_word' id='word_1_390' title='bbox 1156 2548 1373 2589; x_wconf 87' lang='lat' dir='ltr'>Cromerum,</span> <span class='ocrx_word' id='word_1_391' title='bbox 1393 2559 1498 2592; x_wconf 90' lang='lat' dir='ltr'>quem</span> <span class='ocrx_word' id='word_1_392' title='bbox 1518 2548 1605 2582; x_wconf 87' lang='lat' dir='ltr'>Pius</span> <span class='ocrx_word' id='word_1_393' title='bbox 1615 2547 1658 2583; x_wconf 89' lang='lat' dir='ltr'>V.</span> <span class='ocrx_word' id='word_1_394' title='bbox 1678 2559 1723 2582; x_wconf 89' lang='lat' dir='ltr'>m.</span> <span class='ocrx_word' id='word_1_395' title='bbox 1740 2548 1840 2582; x_wconf 88' lang='lat' dir='ltr'>Iunio</span> 
     </span>
     <span class='ocr_line' id='line_1_40' title="bbox 72 2601 1841 2646; baseline -0.001 -10"><span class='ocrx_word' id='word_1_396' title='bbox 72 2602 162 2637; x_wconf 78' lang='lat'>1570</span> <span class='ocrx_word' id='word_1_397' title='bbox 189 2602 290 2636; x_wconf 90' lang='lat' dir='ltr'>Hosii</span> <span class='ocrx_word' id='word_1_398' title='bbox 316 2602 351 2636; x_wconf 89' lang='lat' dir='ltr'>in</span> <span class='ocrx_word' id='word_1_399' title='bbox 378 2602 588 2646; x_wconf 86' lang='lat' dir='ltr'>episcopatu</span> <span class='ocrx_word' id='word_1_400' title='bbox 615 2601 811 2635; x_wconf 88' lang='lat' dir='ltr'>varmiensi</span> <span class='ocrx_word' id='word_1_401' title='bbox 838 2601 1082 2635; x_wconf 88' lang='lat' dir='ltr'>coadiutorem</span> <span class='ocrx_word' id='word_1_402' title='bbox 1109 2613 1189 2635; x_wconf 90' lang='lat' dir='ltr'>cum</span> <span class='ocrx_word' id='word_1_403' title='bbox 1216 2602 1292 2635; x_wconf 89' lang='lat' dir='ltr'>iure</span> <span class='ocrx_word' id='word_1_404' title='bbox 1324 2601 1564 2635; x_wconf 85' lang='lat' dir='ltr'>successionis</span> <span class='ocrx_word' id='word_1_405' title='bbox 1590 2601 1841 2635; x_wconf 85' lang='lat' dir='ltr'>nominaverat</span> 
     </span>
     <span class='ocr_line' id='line_1_41' title="bbox 70 2654 1398 2700; baseline -0.001 -11"><span class='ocrx_word' id='word_1_406' title='bbox 70 2656 271 2698; x_wconf 75' lang='lat' dir='ltr'>(Eichhorn</span> <span class='ocrx_word' id='word_1_407' title='bbox 297 2655 320 2689; x_wconf 93' lang='grc'>1.</span> <span class='ocrx_word' id='word_1_408' title='bbox 347 2667 377 2689; x_wconf 90' lang='grc'>0.</span> <span class='ocrx_word' id='word_1_409' title='bbox 404 2655 437 2689; x_wconf 91' lang='grc' dir='ltr'>ΙΙ</span> <span class='ocrx_word' id='word_1_410' title='bbox 464 2654 563 2698; x_wconf 84' lang='lat'>378).</span> <span class='ocrx_word' id='word_1_411' title='bbox 663 2656 674 2674; x_wconf 67' lang='grc' dir='ltr'><strong><em>Ἴ</em></strong></span> <span class='ocrx_word' id='word_1_412' title='bbox 702 2654 753 2688; x_wconf 91' lang='lat' dir='ltr'>De</span> <span class='ocrx_word' id='word_1_413' title='bbox 781 2654 935 2698; x_wconf 84' lang='lat' dir='ltr'>Georgio</span> <span class='ocrx_word' id='word_1_414' title='bbox 962 2654 1057 2688; x_wconf 86' lang='lat' dir='ltr'>Eder</span> <span class='ocrx_word' id='word_1_415' title='bbox 1083 2667 1117 2689; x_wconf 91' lang='lat' dir='ltr'>v.</span> <span class='ocrx_word' id='word_1_416' title='bbox 1138 2666 1247 2700; x_wconf 89' lang='lat' dir='ltr'>supra</span> <span class='ocrx_word' id='word_1_417' title='bbox 1273 2666 1306 2699; x_wconf 91' lang='lat' dir='ltr'>p.</span> <span class='ocrx_word' id='word_1_418' title='bbox 1327 2655 1398 2689; x_wconf 75' lang='lat'>582.</span> 
     </span>
    </p>

    <p class='ocr_par' dir='ltr' id='par_1_12' title="bbox 69 2707 1838 2807">
     <span class='ocr_line' id='line_1_42' title="bbox 190 2707 1838 2753; baseline -0.001 -10"><span class='ocrx_word' id='word_1_419' title='bbox 190 2710 201 2729; x_wconf 64' lang='lat'>³</span> <span class='ocrx_word' id='word_1_420' title='bbox 229 2708 395 2743; x_wconf 88' lang='lat' dir='ltr'>Canisius</span> <span class='ocrx_word' id='word_1_421' title='bbox 421 2720 452 2742; x_wconf 91' lang='lat' dir='ltr'>a.</span> <span class='ocrx_word' id='word_1_422' title='bbox 471 2708 704 2742; x_wconf 82' lang='lat'>1536—1546</span> <span class='ocrx_word' id='word_1_423' title='bbox 724 2707 892 2742; x_wconf 88' lang='lat' dir='ltr'>Coloniae</span> <span class='ocrx_word' id='word_1_424' title='bbox 917 2707 1050 2742; x_wconf 85' lang='lat' dir='ltr'>litteris</span> <span class='ocrx_word' id='word_1_425' title='bbox 1074 2708 1273 2749; x_wconf 85' lang='lat' dir='ltr'>studuerat,</span> <span class='ocrx_word' id='word_1_426' title='bbox 1301 2719 1424 2742; x_wconf 87' lang='lat' dir='ltr'>sacros</span> <span class='ocrx_word' id='word_1_427' title='bbox 1450 2707 1593 2742; x_wconf 87' lang='lat' dir='ltr'>ordines</span> <span class='ocrx_word' id='word_1_428' title='bbox 1618 2710 1838 2753; x_wconf 83' lang='lat' dir='ltr'>susceperat,</span> 
     </span>
     <span class='ocr_line' id='line_1_43' title="bbox 69 2760 1755 2807; baseline 0 -11"><span class='ocrx_word' id='word_1_429' title='bbox 69 2763 202 2807; x_wconf 88' lang='lat' dir='ltr'>primos</span> <span class='ocrx_word' id='word_1_430' title='bbox 230 2762 327 2796; x_wconf 86' lang='lat' dir='ltr'>vitae</span> <span class='ocrx_word' id='word_1_431' title='bbox 353 2761 545 2805; x_wconf 82' lang='lat' dir='ltr'>religiosae</span> <span class='ocrx_word' id='word_1_432' title='bbox 575 2761 627 2805; x_wconf 90' lang='lat' dir='ltr'>(in</span> <span class='ocrx_word' id='word_1_433' title='bbox 654 2760 849 2804; x_wconf 86' lang='lat' dir='ltr'>Societate)</span> <span class='ocrx_word' id='word_1_434' title='bbox 878 2772 990 2795; x_wconf 86' lang='lat' dir='ltr'>annos</span> <span class='ocrx_word' id='word_1_435' title='bbox 1017 2763 1142 2804; x_wconf 85' lang='lat' dir='ltr'>egerat</span> <span class='ocrx_word' id='word_1_436' title='bbox 1170 2761 1276 2803; x_wconf 74' lang='lat' dir='ltr'>(Can.</span> <span class='ocrx_word' id='word_1_437' title='bbox 1303 2761 1319 2794; x_wconf 88' lang='lat' dir='ltr'>I</span> <span class='ocrx_word' id='word_1_438' title='bbox 1345 2761 1509 2796; x_wconf 79' lang='lat'><strong>68—233</strong></span> <span class='ocrx_word' id='word_1_439' title='bbox 1536 2761 1755 2805; x_wconf 84' lang='lat'>657—674).</span> 
     </span>
    </p>

    <p class='ocr_par' dir='ltr' id='par_1_13' title="bbox 69 2814 1839 3020">
     <span class='ocr_line' id='line_1_44' title="bbox 190 2814 1838 2860; baseline 0 -10"><span class='ocrx_word' id='word_1_440' title='bbox 190 2817 202 2836; x_wconf 70' lang='lat' dir='ltr'>s.</span> <span class='ocrx_word' id='word_1_441' title='bbox 227 2816 279 2850; x_wconf 89' lang='lat' dir='ltr'>De</span> <span class='ocrx_word' id='word_1_442' title='bbox 306 2815 546 2859; x_wconf 87' lang='lat' dir='ltr'>legationibus</span> <span class='ocrx_word' id='word_1_443' title='bbox 572 2815 615 2849; x_wconf 87' lang='lat' dir='ltr'>ad</span> <span class='ocrx_word' id='word_1_444' title='bbox 636 2814 802 2849; x_wconf 86' lang='lat' dir='ltr'>Carolum</span> <span class='ocrx_word' id='word_1_445' title='bbox 816 2814 860 2848; x_wconf 88' lang='lat' dir='ltr'>V.</span> <span class='ocrx_word' id='word_1_446' title='bbox 879 2815 1142 2859; x_wconf 84' lang='lat' dir='ltr'>imperatorem,</span> <span class='ocrx_word' id='word_1_447' title='bbox 1162 2814 1356 2858; x_wconf 85' lang='lat' dir='ltr'>Georgium</span> <span class='ocrx_word' id='word_1_448' title='bbox 1374 2814 1605 2850; x_wconf 84' lang='lat' dir='ltr'>Austriacum</span> <span class='ocrx_word' id='word_1_449' title='bbox 1634 2815 1838 2860; x_wconf 88' lang='lat' dir='ltr'>episcopum</span> 
     </span>
     <span class='ocr_line' id='line_1_45' title="bbox 69 2867 1839 2913; baseline 0.001 -10"><span class='ocrx_word' id='word_1_450' title='bbox 69 2869 286 2904; x_wconf 89' lang='lat' dir='ltr'>leodiensem</span> <span class='ocrx_word' id='word_1_451' title='bbox 313 2871 379 2903; x_wconf 88' lang='grc'><strong>010.</strong></span> <span class='ocrx_word' id='word_1_452' title='bbox 407 2880 427 2902; x_wconf 86' lang='lat' dir='ltr'>a</span> <span class='ocrx_word' id='word_1_453' title='bbox 454 2867 596 2903; x_wconf 91' lang='lat' dir='ltr'>Canisio</span> <span class='ocrx_word' id='word_1_454' title='bbox 623 2868 753 2902; x_wconf 87' lang='lat' dir='ltr'>iuvene</span> <span class='ocrx_word' id='word_1_455' title='bbox 780 2879 811 2902; x_wconf 86' lang='lat' dir='ltr'>a.</span> <span class='ocrx_word' id='word_1_456' title='bbox 834 2868 1066 2902; x_wconf 81' lang='lat'>1545—1547</span> <span class='ocrx_word' id='word_1_457' title='bbox 1094 2880 1156 2913; x_wconf 87' lang='lat' dir='ltr'>pro</span> <span class='ocrx_word' id='word_1_458' title='bbox 1184 2868 1466 2910; x_wconf 88' lang='lat' dir='ltr'>Coloniensibus,</span> <span class='ocrx_word' id='word_1_459' title='bbox 1494 2880 1583 2913; x_wconf 83' lang='lat' dir='ltr'>quos</span> <span class='ocrx_word' id='word_1_460' title='bbox 1609 2869 1839 2904; x_wconf 84' lang='lat' dir='ltr'>Hermannus</span> 
     </span>
     <span class='ocr_line' id='line_1_46' title="bbox 69 2921 1836 2967; baseline 0 -10"><span class='ocrx_word' id='word_1_461' title='bbox 69 2923 255 2957; x_wconf 80' lang='lat' dir='ltr'>Wedanus</span> <span class='ocrx_word' id='word_1_462' title='bbox 290 2922 580 2967; x_wconf 86' lang='lat' dir='ltr'>archiepiscopus</span> <span class='ocrx_word' id='word_1_463' title='bbox 615 2924 781 2966; x_wconf 87' lang='lat' dir='ltr'>apostata</span> <span class='ocrx_word' id='word_1_464' title='bbox 815 2933 878 2966; x_wconf 89' lang='lat' dir='ltr'>per</span> <span class='ocrx_word' id='word_1_465' title='bbox 903 2921 1099 2956; x_wconf 85' lang='lat' dir='ltr'>Martinum</span> <span class='ocrx_word' id='word_1_466' title='bbox 1126 2922 1303 2955; x_wconf 87' lang='lat' dir='ltr'>Bucerum</span> <span class='ocrx_word' id='word_1_467' title='bbox 1338 2921 1500 2966; x_wconf 89' lang='lat' dir='ltr'>aliosque</span> <span class='ocrx_word' id='word_1_468' title='bbox 1536 2922 1579 2957; x_wconf 90' lang='lat' dir='ltr'>ab</span> <span class='ocrx_word' id='word_1_469' title='bbox 1615 2922 1769 2957; x_wconf 87' lang='lat' dir='ltr'>ecclesia</span> <span class='ocrx_word' id='word_1_470' title='bbox 1803 2934 1836 2957; x_wconf 91' lang='lat' dir='ltr'>a·</span> 
     </span>
     <span class='ocr_line' id='line_1_47' title="bbox 69 2974 1361 3020; baseline 0.001 -11"><span class='ocrx_word' id='word_1_471' title='bbox 69 2975 205 3010; x_wconf 87' lang='lat' dir='ltr'>vellere</span> <span class='ocrx_word' id='word_1_472' title='bbox 231 2977 383 3010; x_wconf 88' lang='lat' dir='ltr'>conatus</span> <span class='ocrx_word' id='word_1_473' title='bbox 410 2979 498 3016; x_wconf 89' lang='lat' dir='ltr'>erat,</span> <span class='ocrx_word' id='word_1_474' title='bbox 525 2975 704 3020; x_wconf 87' lang='lat' dir='ltr'>susceptis</span> <span class='ocrx_word' id='word_1_475' title='bbox 731 2987 766 3008; x_wconf 86' lang='lat' dir='ltr'>v.</span> <span class='ocrx_word' id='word_1_476' title='bbox 789 2976 876 3009; x_wconf 76' lang='lat' dir='ltr'>Can.</span> <span class='ocrx_word' id='word_1_477' title='bbox 904 2975 919 3008; x_wconf 94' lang='lat' dir='ltr'>I</span> <span class='ocrx_word' id='word_1_478' title='bbox 948 2974 1133 3009; x_wconf 81' lang='lat'>162—245</span> <span class='ocrx_word' id='word_1_479' title='bbox 1162 2975 1361 3010; x_wconf 81' lang='lat'>674—677.</span> 
     </span>
    </p>

    <p class='ocr_par' dir='ltr' id='par_1_14' title="bbox 192 3027 1838 3072">
     <span class='ocr_line' id='line_1_48' title="bbox 192 3027 1838 3072; baseline 0 -9"><span class='ocrx_word' id='word_1_480' title='bbox 192 3030 218 3050; x_wconf 89' lang='lat'>¹⁰</span> <span class='ocrx_word' id='word_1_481' title='bbox 244 3029 304 3064; x_wconf 90' lang='grc'>88.</span> <span class='ocrx_word' id='word_1_482' title='bbox 332 3028 420 3063; x_wconf 84' lang='lat' dir='ltr'>Tres</span> <span class='ocrx_word' id='word_1_483' title='bbox 447 3029 566 3072; x_wconf 82' lang='lat' dir='ltr'>Reges</span> <span class='ocrx_word' id='word_1_484' title='bbox 598 3029 738 3072; x_wconf 84' lang='lat' dir='ltr'>Magos,</span> <span class='ocrx_word' id='word_1_485' title='bbox 775 3027 807 3062; x_wconf 88' lang='lat' dir='ltr'>S.</span> <span class='ocrx_word' id='word_1_486' title='bbox 837 3027 1036 3062; x_wconf 75' lang='lat' dir='ltr'>Grereonem</span> <span class='ocrx_word' id='word_1_487' title='bbox 1073 3040 1152 3062; x_wconf 88' lang='lat' dir='ltr'>cum</span> <span class='ocrx_word' id='word_1_488' title='bbox 1190 3028 1307 3071; x_wconf 85' lang='lat' dir='ltr'>sociis,</span> <span class='ocrx_word' id='word_1_489' title='bbox 1345 3028 1378 3064; x_wconf 90' lang='lat' dir='ltr'>S.</span> <span class='ocrx_word' id='word_1_490' title='bbox 1407 3028 1575 3064; x_wconf 89' lang='lat' dir='ltr'>Ursulam</span> <span class='ocrx_word' id='word_1_491' title='bbox 1613 3041 1693 3064; x_wconf 88' lang='lat' dir='ltr'>cum</span> <span class='ocrx_word' id='word_1_492' title='bbox 1720 3029 1838 3071; x_wconf 89' lang='lat' dir='ltr'>sociis,</span> 
     </span>
    </p>
   </div>
   <div class='ocr_carea' id='block_1_7' title="bbox 69 3081 695 3124">
    <p class='ocr_par' dir='ltr' id='par_1_15' title="bbox 69 3081 695 3124">
     <span class='ocr_line' id='line_1_49' title="bbox 69 3081 695 3124; baseline -0.003 -7"><span class='ocrx_word' id='word_1_493' title='bbox 69 3082 102 3117; x_wconf 85' lang='lat' dir='ltr'>S.</span> <span class='ocrx_word' id='word_1_494' title='bbox 131 3083 352 3124; x_wconf 87' lang='lat' dir='ltr'>Severinum,</span> <span class='ocrx_word' id='word_1_495' title='bbox 388 3081 421 3116; x_wconf 89' lang='lat' dir='ltr'>S.</span> <span class='ocrx_word' id='word_1_496' title='bbox 450 3082 695 3117; x_wconf 88' lang='lat' dir='ltr'>Cunibertum.</span> 
     </span>
    </p>
   </div>
  </div>
 </body>
</html>
