2044 3335
162 127 247 168 432
451 124 550 158 1728.
580 123 616 156 P.
636 121 877 155 Theodoricus
905 120 1069 155 Canisius
1088 119 1121 154 S.
1143 119 1175 153 J.
1203 118 1237 153 S.
1259 118 1450 152 Francisco
1470 118 1631 161 Borgiae.

991 234 1156 277 IESVS

344 309 584 351 Admodum
619 306 869 348 Reuerende
901 236 958 346 in†
977 305 1146 347 Christo
1180 308 1317 359 pater,
1352 319 1439 358 pax
1471 306 1628 349 Christi
1662 311 1743 351 etc.

282 386 449 427 Literas
481 384 529 426 T.
554 384 600 426 P.
638 385 690 424 13
725 382 965 424 decembris
998 381 1113 423 Anni
1149 383 1259 423 1570
1294 381 1432 431 datas,
1467 384 1629 438 accepi.
1683 384 1926 427 Communi-

163 451 257 492 caui
290 453 435 492 autem
478 463 574 490 cum
607 448 656 489 R.
692 448 737 490 P.
772 448 902 490 Petro
936 447 1104 488 Canisio
1138 447 1328 488 Halense
1369 447 1607 499 negotium,
1650 450 1703 492 de
1736 464 1818 503 quo
1852 449 1928 491 ad-

162 515 325 557 moneri
358 515 405 557 T.
440 514 485 556 Ρ.
520 527 545 555 a
578 528 645 554 me
686 513 866 555 voluit1.
930 511 1146 561 Quantum
1189 525 1268 564 ego
1311 525 1366 552 ex
1406 513 1675 555 sermonibus
1717 516 1761 556 et
1802 514 1927 555 modo

161 579 418 634 procedendi
461 579 513 622 R.
547 579 592 622 P.
627 577 910 620 Prouincialis
952 576 1155 629 colligere
1197 576 1346 629 potui2
1386 575 1596 619 hactenus
1639 593 1794 633 scopus
1838 578 1928 621 eius

163 658 256 686 esse
288 644 461 686 videtur
492 644 588 694 iste,
629 647 677 686 vt
708 642 972 697 prouinciam
1006 641 1116 683 hanc
1149 640 1523 684 concionatoribus
1555 646 1600 685 et
1632 644 1929 686 sacerdotibus

163 712 377 763 egentem,
411 709 662 763 compendio
696 708 881 761 quodam
914 707 1065 748 iuuare
1097 706 1247 760 possit.
1303 706 1413 748 Sunt
1445 709 1589 749 autem
1622 709 1844 763 plaerique
1874 723 1929 750 ex

162 775 371 817 fratribus
412 777 608 817 maturae
649 774 734 815 iam
777 772 936 815 aetatis
978 774 1022 814 et
1063 771 1185 812 bonis
1221 771 1400 813 talentis
1433 772 1631 825 praediti,
1675 773 1750 815 sed
1792 773 1930 827 philo-

162 840 341 894 sophiae
374 842 418 882 et
447 839 710 892 Theologiae
743 837 989 880 necessaria
1021 836 1267 890 cognitione
1300 836 1522 886 destituti;
1556 838 1627 891 qui
1660 838 1695 879 si
1729 838 1783 880 ad
1815 839 1928 880 Aca-

163 905 327 947 demias
360 904 603 954 mittantur,
638 903 785 946 multis
818 902 954 951 annis,
998 902 1247 956 priusquam
1282 915 1432 943 cursus
1465 903 1617 944 harum
1650 903 1928 946 scientiarum

163 973 390 1024 peragant,
424 969 482 1011 ibi
515 969 694 1011 haerere
728 971 948 1021 cogentur,
985 981 1069 1009 non
1101 967 1192 1008 sine
1224 980 1382 1019 magno
1416 966 1703 1020 Collegiorum
1736 967 1930 1022 personis

164 1035 384 1088 egentium
425 1035 708 1076 incommodo.
773 1035 881 1076 Sunt
921 1034 1026 1075 item
1069 1032 1155 1086 aiij,
1199 1031 1270 1085 qui
1313 1032 1366 1074 ad
1408 1032 1613 1085 grauiora
1654 1033 1729 1075 illa
1770 1033 1927 1082 studia,

163 1114 274 1153 quae
314 1100 357 1141 in
397 1099 643 1153 Academijs
684 1101 953 1148 tractantur,
997 1097 1137 1139 minus
1179 1099 1280 1139 sunt
1319 1097 1483 1147 idonei,
1527 1098 1602 1139 sed
1644 1098 1930 1140 mediocribus

163 1165 302 1207 iuuari
334 1166 489 1207 solent.
535 1165 596 1206 Vt
619 1179 722 1218 ergo
757 1167 800 1206 et
823 1164 972 1205 horum
997 1161 1298 1212 imbecillitati,
1333 1164 1377 1204 et
1409 1162 1656 1217 prouinciae
1679 1163 1929 1205 necessitati

164 1231 473 1280 consuleretur,
508 1244 664 1271 nouam
696 1230 825 1271 istam
859 1228 1098 1271 studiorum
1131 1227 1344 1270 rationem
1376 1227 1524 1281 inijsse
1557 1228 1731 1271 videtur
1762 1243 1801 1282 p.
1830 1242 1930 1282 pro-

163 1295 373 1346 uincialis,
415 1298 464 1337 vt
505 1294 669 1336 scilicet
710 1294 857 1336 habito
898 1294 1085 1336 fratrum
1127 1295 1171 1335 et
1203 1296 1374 1346 patrum
1414 1293 1583 1335 delectu
1616 1293 1853 1335 faciliorem
1887 1295 1931 1334 et

163 1360 405 1402 breuiorem
437 1360 521 1402 illis
554 1363 644 1402 tam
678 1359 973 1413 philosophiae
1006 1373 1134 1412 quam
1158 1357 1419 1411 Theologiae
1452 1372 1623 1399 cursum
1656 1358 1771 1400 tradi
1794 1361 1929 1408 curet,

163 1429 377 1479 quatenus
399 1426 565 1467 scilicet
587 1425 745 1467 futuris
768 1424 1052 1478 Confessarijs
1075 1426 1119 1466 et
1141 1423 1523 1465 Concionatoribus
1546 1423 1653 1465 satis
1676 1423 1745 1466 sit.
1789 1424 1815 1465 J
1820 1423 1930 1465 ntel-

163 1491 264 1543 ligo,
299 1490 560 1533 Titelmanni
594 1490 874 1532 Dialecticam
904 1503 1014 1530 nunc
1046 1489 1160 1531 tradi
1194 1491 1379 1541 quatuor
1410 1488 1677 1530 auditoribus
1691 1490 1718 1531 3.

283 1556 404 1598 Alios
437 1570 540 1597 vero
575 1559 684 1606 octo,
724 1555 767 1596 ni
800 1555 943 1604 fallor,
985 1557 1074 1596 tam
1110 1554 1352 1607 scripturae
1384 1567 1550 1602 sacrae,
1594 1567 1722 1606 quam
1757 1555 1929 1595 contro-

164 1621 317 1674 uersijs
350 1624 394 1663 et
424 1621 593 1662 casibus
617 1620 906 1662 conscientiae
930 1633 1104 1673 operam
1128 1619 1243 1660 dare.
1287 1619 1421 1660 Casus
1444 1618 1570 1660 docet
1592 1622 1718 1672 pater
1739 1618 1930 1660 Joannes

165 1686 433 1728 Rabenstain
470 1686 639 1728 Rector.
698 1685 964 1739 Scripturam
999 1698 1102 1726 uero
1135 1687 1179 1726 et
1211 1683 1538 1725 Controuersias
1571 1683 1762 1737 explicat
1785 1684 1829 1725 P.
1854 1684 1930 1725 ‘Jo-

167 1766 300 1793 annes
334 1751 553 1793 Rastellus
587 1751 768 1804 Anglus,
804 1765 858 1792 ex
892 1751 997 1792 vrbe
1030 1750 1073 1791 in
1106 1749 1313 1791 auxilium
1337 1749 1383 1791 P.
1408 1748 1565 1802 Canisij
1599 1749 1796 1792 missus4.
1846 1748 1930 1789 Vix

166 1819 270 1870 puto
304 1830 358 1858 ex
381 1816 649 1858 auditoribus
682 1816 916 1870 praedictis
939 1830 1069 1856 vnum
1094 1828 1188 1856 esse
1210 1815 1279 1855 vel
1303 1815 1501 1863 alterum,
1536 1814 1607 1867 qui
1630 1814 1684 1855 ad
1708 1814 1930 1855 exactiora

166 1882 311 1923 studia
351 1881 532 1922 multum
575 1882 632 1924 sit
672 1881 873 1931 idoneus,
916 1884 1007 1923 tum
1050 1880 1102 1921 ob
1143 1879 1348 1934 pauciora
1389 1882 1572 1922 naturae
1614 1879 1726 1920 dona
1766 1879 1809 1920 in
1850 1878 1930 1920 hoc

166 1960 338 1999 genere,
372 1949 462 1987 tum
497 1947 550 1987 ob
573 1947 850 1988 infirmiorem
884 1945 1075 1999 corporis
1108 1944 1413 1987 valetudinem.
1458 1944 1580 1985 Alius
1614 1943 1742 1986 etiam
1776 1958 1931 1997 scopus

167 2012 212 2053 P.
238 2011 521 2052 Prouincialis
565 2026 658 2053 esse
700 2012 885 2061 videtur,
930 2010 1128 2051 nimirum
1172 2013 1220 2052 vt
1264 2010 1401 2051 Halae
1443 2009 1719 2051 seminarium
1762 2022 1930 2062 quoque

167 2077 226 2119 sit
248 2076 523 2130 Superiorum
559 2076 683 2118 huius
716 2075 977 2130 prouinciae,
1014 2075 1140 2117 audio
1174 2074 1299 2124 enim,
1334 2074 1405 2127 qui
1438 2074 1495 2115 ibi
1527 2077 1640 2125 sunt,
1675 2074 1864 2115 vicissim
1888 2073 1928 2114 in

290 2207 299 2226 ¹
326 2206 478 2248 Borgiae
514 2206 685 2239 mandatu
713 2206 889 2239 Polancus
924 2204 1115 2238 Societatis
1141 2203 1358 2237 secretarius
1393 2203 1448 2237 his
1476 2203 1634 2237 *litteris
1665 2203 1791 2246 (Roma
1818 2202 1927 2245 datis)

167 2271 247 2293 eum
275 2261 481 2293 monuerat:
513 2260 576 2301 ,V.
605 2259 645 2292 R.
673 2259 707 2292 di
734 2259 852 2302 gratia
886 2258 977 2291 auisi
1004 2257 1046 2291 N.
1076 2257 1114 2291 P.
1142 2256 1207 2290 che
1244 2257 1276 2290 le
1308 2268 1393 2301 pare
1428 2257 1470 2290 de
1505 2257 1515 2290 i
1542 2256 1696 2290 scholari
1723 2256 1859 2300 passati
1894 2255 1928 2289 in

169 2312 261 2346 Hal-<1
287 2313 345 2346 dal
372 2313 411 2346 P.
444 2312 666 2346 Prouinciale
701 2323 807 2345 senza
842 2314 926 2356 peri)
953 2311 1043 2344 dirlo
1080 2322 1100 2344 a
1126 2310 1272 2344 nissuno
1298 2310 1399 2344 saluo
1434 2310 1469 2344 al
1497 2310 1534 2344 P.
1562 2310 1683 2343 Pietro
1711 2309 1853 2342 Canisio
1879 2309 1929 2342 in-

167 2366 352 2400 formando
380 2366 444 2400 che
472 2377 555 2400 cosa
581 2366 611 2399 si
637 2365 819 2410 pretende,
858 2364 922 2398 che
950 2364 1073 2403 odauo‚
1101 2366 1137 2397 et
1163 2366 1295 2407 quanto
1322 2366 1451 2408 tempo,
1478 2366 1513 2397 et
1541 2362 1635 2396 della
1661 2362 1824 2407 capacita
1851 2362 1893 2395 de
1920 2363 1929 2395 i

168 2419 349 2462 suggetti“
383 2419 444 2462 (ex
472 2430 594 2463 apogr.
623 2419 734 2452 eiusd.
763 2420 889 2462 temp.;
919 2417 1038 2452 Germ.
1058 2417 1102 2451 70
1130 2417 1154 2451 f.
1177 2417 1286 2460 1402).

289 2473 301 2492 ²⁷
328 2472 378 2505 De
405 2472 554 2516 collegio
582 2472 729 2512 halensi,
758 2483 802 2505 m.
830 2471 1017 2505 Decembri
1044 2481 1074 2504 a.
1102 2471 1193 2504 1569
1221 2469 1396 2510 incohato,
1424 2469 1462 2503 P.
1482 2470 1618 2503 Paulus
1644 2470 1817 2511 Hoffaeus
1843 2467 1928 2502 Ger-

170 2525 307 2559 maniae
334 2526 528 2570 superioris
555 2525 780 2570 praepositus
798 2523 1030 2569 provincialis
1048 2524 1103 2557 21.
1119 2523 1286 2557 Octobris
1307 2523 1396 2557 1570
1422 2523 1573 2565 Borgiae
1591 2521 1777 2566 *scripsitz
1801 2520 1928 2563 „Posui

171 2578 284 2611 Halae
311 2581 389 2612 octo
416 2578 601 2622 theologos
627 2578 818 2623 simplices,
847 2575 905 2621 qui
934 2577 967 2610 in
995 2576 1200 2622 Academijs
1236 2579 1377 2620 tempus
1412 2575 1618 2620 perdebant,
1655 2574 1746 2618 quod
1773 2586 1841 2608 non
1867 2573 1928 2608 ha—

171 2631 296 2665 berent
322 2632 398 2665 suis
417 2631 571 2676 ingenijs
590 2631 754 2675 aequalia
772 2631 934 2670 studia“;
963 2630 1023 2674 qui
1048 2630 1123 2664 illic
1146 2629 1354 2674 „priuatim“
1376 2640 1514 2662 sacram
1534 2627 1764 2672 Scripturam,
1792 2630 1928 2661 contro-

170 2684 319 2722 versias,
366 2686 510 2726 „casus“
557 2685 720 2725 audient:
765 2684 889 2718 eodem
931 2684 1028 2717 misit
1069 2686 1243 2727 „quatuor
1283 2682 1463 2726 simplices
1504 2679 1774 2726 philosophos“;
1819 2691 1928 2724 quare

171 2748 264 2770 nunc
290 2738 334 2770 20
362 2737 455 2771 Socii
483 2737 595 2771 Halae
622 2729 758 2781 degunt
786 2737 847 2780 (ex
873 2740 1032 2781 autogr.;
1062 2737 1103 2771 G.
1133 2736 1195 2781 Ep.
1222 2736 1272 2769 XI
1298 2736 1322 2769 f.
1354 2735 1419 2769 192
1449 2735 1543 2777 193).
1595 2734 1649 2768 Cf.
1677 2734 1783 2767 etiam
1811 2733 1928 2774 Dulcr,

173 2790 246 2823 Jes.
274 2789 287 2821 Ι
316 2790 394 2824 554.

293 2843 304 2861 ³
330 2843 508 2877 Francisci
526 2843 724 2878 Titelmans
750 2844 827 2878 sive
842 2843 1046 2877 Titelmann
1066 2842 1123 2886 (ca
1146 2841 1394 2884 1498—1537)
1423 2840 1549 2883 belgae
1575 2851 1595 2873 a
1614 2839 1798 2873 Fratribus
1816 2838 1929 2872 Mino-

172 2895 270 2928 ribus
297 2896 472 2938 regularis
499 2897 749 2931 observantiae
787 2897 831 2930 ad
858 2896 1058 2941 Capucinos
1084 2895 1302 2939 transgressi
1334 2894 1405 2936 „De
1431 2893 1715 2928 consideratione
1742 2891 1928 2926 dialectica

174 2947 253 2981 libri
269 2948 327 2981 Vl.
356 2948 575 2982 Aristotelici
601 2950 748 2992 Organi,
777 2949 943 2983 Coloniae
965 2949 1064 2989 1546,
1092 2948 1242 2982 Parisiis
1259 2948 1359 2988 1554,
1386 2946 1551 2990 Lugduni
1580 2946 1680 2986 1547,
1708 2945 1808 2985 1551,
1838 2945 1926 2978 1565

173 3003 240 3034 etc.
268 3000 352 3034 editi
382 3001 489 3045 (Any.
518 3003 626 3035 Eberl
653 3002 693 3036 O.
714 3002 810 3046 Cap,
838 3002 1051 3043 Titelmann‚
1087 3002 1122 3035 in
1155 3001 1320 3042 „Wetzer
1346 3000 1416 3034 und
1435 2999 1574 3033 Weltes
1601 2997 1923 3032 Kirchenlexikon“

173 3052 254 3089 Xl2,
283 3053 455 3095 Freiburg
491 3054 511 3086 i.
540 3054 596 3087 Br.
628 3055 726 3095 1899,
756 3055 1017 3095 1779-1780).

293 3107 305 3126 ⁴
333 3105 422 3139 Vide
448 3118 555 3150 supra
583 3118 613 3150 p.
634 3107 703 3141 230
729 3107 807 3140 334.
