2044 3335
659 79 858 125 Oeniponte
887 80 942 115 17.
961 79 1168 115 Decembris
1196 80 1297 115 1571.
1774 82 1859 124 497

96 211 181 239 non
222 196 357 247 licuit,
398 197 637 239 iniunctum
670 196 773 239 mihi
804 197 1026 250 negotium
1060 212 1157 240 cum
1188 198 1358 252 Regina
1389 197 1652 251 Magdalena
1685 197 1860 249 contuli,

98 275 148 303 ac
189 260 366 303 fauente
398 261 568 304 Christo
602 261 781 304 confeci.
845 262 1003 305 Scribit
1042 262 1177 316 igitur
1213 263 1288 305 illa
1320 262 1472 314 sorori,
1515 265 1563 305 ut
1595 262 1711 304 sinat
1742 261 1862 304 abire

96 326 430 377 Confessarium‚
464 327 578 369 sicut
609 326 853 381 superiores
877 327 969 369 eius
992 327 1161 381 magnis
1185 327 1237 369 de
1260 327 1402 370 causis
1425 328 1619 370 iudicant
1641 326 1860 382 expedire,

96 391 287 444 nihilque
320 391 503 442 dubitat,
537 392 618 433 hoc
641 392 778 434 eidem
811 392 940 434 facile
963 392 1215 446 persuaderi
1238 407 1379 446 posse,
1413 407 1510 435 cum
1537 395 1581 436 et
1602 393 1698 447 ipsa
1721 392 1863 447 scrip-

53 458 57 463 '
96 456 204 499 serit
235 456 385 499 dolens
417 457 554 499 uicem
578 457 855 512 Confessarij,
891 461 934 500 et
966 457 1161 499 iudicans
1192 457 1314 499 illum
1346 458 1449 500 alibi
1481 458 1643 500 rectius
1675 458 1719 500 in
1742 460 1863 501 utro-

97 535 180 575 que
211 521 382 564 homine
414 522 662 565 habiturum
696 536 804 565 esse.
869 522 1019 565 Mittet
1050 522 1184 576 igitur
1217 536 1313 564 cum
1346 523 1533 566 uoluerit
1565 524 1614 566 R.
1639 523 1688 567 T.
1712 523 1863 565 literas

96 586 323 629 adiunctas
365 587 559 640 Reginae
600 587 877 638 Florentiam,
921 591 969 630 ut
1009 587 1108 629 inde
1150 587 1335 628 Ducissa
1376 591 1625 641 cognoscat,
1670 601 1863 630 sororem

96 651 219 693 nobis
246 653 503 702 consentire,
538 655 586 695 ut
609 652 907 694 Confessarius
930 655 1150 695 auocetur.
1205 652 1297 701 Qua
1328 652 1370 693 in
1395 667 1441 694 re
1464 652 1664 695 societati
1687 656 1864 695 nostrae

97 717 279 758 multum
313 718 525 771 gratulor,
559 718 671 759 hunc
703 731 857 771 nempe
889 717 1030 771 rumpi
1062 717 1222 767 funem,
1258 730 1341 769 quo
1375 717 1437 758 illi
1470 717 1623 759 aulaea
1654 732 1739 759 non
1771 717 1864 760 sine

95 780 343 824 discrimine
380 782 549 836 alligati
592 796 686 824 esse
719 782 985 826 uidebamur.
1049 782 1176 824 Jdem
1209 796 1312 823 uero
1347 784 1394 824 ut
1427 782 1529 824 alibi
1570 796 1740 836 quoque
1772 784 1863 834 fiat,

96 846 305 889 maiorem
345 848 388 889 in
430 848 601 889 modum
641 850 815 901 exopto,
859 850 904 890 et
945 847 1155 901 paulatim
1189 861 1273 888 non
1306 847 1398 889 sine
1431 847 1656 890 societatis
1688 850 1865 890 nostrae

96 912 311 954 communi
345 913 489 954 fructu
521 926 648 966 spero
682 912 876 954 futurum
910 926 1018 955 esse.
1068 912 1188 962 Quod
1222 914 1369 954 autem
1403 913 1458 954 ad
1483 913 1527 956 P.
1550 912 1865 955 Laurentium1

96 980 281 1031 spectat,
323 991 370 1019 re
408 991 503 1020 cum
536 977 698 1019 nostris
731 978 893 1020 collata
926 977 1064 1020 uisum
1097 981 1165 1019 est
1197 977 1240 1018 in
1275 976 1460 1028 domino,
1503 978 1618 1032 apud
1651 978 1864 1032 Reginam

95 1042 176 1084 hoc
209 1042 380 1095 quidem
412 1045 609 1097 tempore
642 1043 693 1084 de
726 1043 841 1085 illius
873 1043 1133 1096 migratione
1165 1043 1398 1086 tacendum
1430 1057 1538 1095 esse,
1573 1046 1622 1086 ut
1653 1043 1716 1085 ita
1748 1057 1865 1085 com-

95 1107 263 1148 modius
304 1107 526 1160 negotium
571 1110 726 1162 postea
771 1108 1056 1162 transigatur,
1103 1122 1200 1150 cum
1241 1108 1304 1151 ita
1346 1108 1564 1152 uoluerint
1602 1108 1863 1163 superiores.

95 1171 302 1213 Fortasse
335 1187 420 1214 non
452 1174 530 1214 abs
552 1187 599 1215 re
632 1173 777 1223 fuerit,
812 1173 1021 1216 Ducissae
1044 1173 1336 1216 Ferrariensis
1358 1174 1547 1216 animum
1580 1174 1864 1229 praetentari,

96 1239 145 1279 ut
189 1237 241 1278 ad
284 1238 606 1280 Confessarium
648 1253 771 1280 suum
815 1239 1117 1282 dimittendum
1160 1239 1331 1281 ratione
1373 1239 1519 1293 aliqua
1564 1242 1864 1294 praeparetur.

95 1301 210 1344 Nam
243 1316 388 1345 coram
422 1303 550 1345 didici
582 1303 690 1346 satis
707 1305 735 1354 2,
778 1304 898 1346 illam
932 1318 957 1346 a
989 1304 1230 1347 mutatione
1263 1304 1388 1346 huius
1423 1319 1548 1358 quem
1582 1307 1716 1356 tenet,
1756 1305 1867 1346 Con-

96 1367 295 1422 fessarijb
327 1369 556 1410 admodum
600 1369 854 1419 abhorrere,
899 1384 949 1411 ac
988 1372 1220 1424 propterea
1261 1370 1298 1412 si
1339 1384 1596 1413 consensum
1637 1370 1753 1412 illius
1790 1384 1868 1412 ex·

97 1432 268 1486 quirere
310 1434 586 1485 uoluerimus,
629 1434 777 1477 dubito
820 1437 951 1485 certe,
996 1449 1050 1477 an
1092 1435 1254 1477 sororis
1287 1435 1577 1488 Magdalenae
1618 1435 1758 1478 literis
1792 1436 1867 1477 ob-

96 1497 286 1540 stinatus
320 1499 410 1541 eius
443 1499 612 1541 animus
645 1500 783 1554 possit
816 1500 1072 1554 expugnari.
1136 1500 1441 1544 Animaduerti
1473 1504 1619 1543 autem
1652 1501 1867 1555 Reginam

98 1566 292 1606 nostram
326 1564 387 1606 sic
420 1566 621 1607 affectam
656 1579 763 1616 esse,
798 1568 847 1607 ut
880 1565 1026 1619 cupiat
1058 1565 1147 1608 suis
1179 1566 1413 1617 sororibus,
1448 1580 1560 1620 quae
1586 1566 1701 1621 apud
1723 1566 1867 1609 Jtalos

98 1632 343 1679 uersantur‚
378 1644 434 1672 ex
457 1630 617 1673 nostris
641 1631 816 1672 concedi
839 1631 1139 1673 Confessarios
1159 1632 1313 1674 saltem
1336 1632 1492 1683 Jtalos,
1527 1631 1563 1673 si
1596 1645 1670 1674 eos
1697 1634 1866 1686 petant.

98 1693 191 1743 Qua
214 1694 266 1736 de
290 1709 335 1736 re
358 1695 463 1737 nihil
487 1696 588 1738 mihi
613 1696 828 1749 agendum
853 1696 969 1747 duxi,
997 1696 1080 1738 nisi
1102 1696 1372 1750 superiorum
1394 1696 1658 1740 sententiam
1681 1697 1867 1752 primum

98 1759 426 1811 intellexissem,
462 1764 507 1803 et
540 1761 663 1816 cupio
687 1761 871 1815 quidem,
908 1765 955 1804 ut
978 1776 1115 1815 neque
1138 1761 1391 1805 Florentina
1413 1777 1552 1816 neque
1576 1762 1867 1806 Ferrariensis

99 1824 305 1879 Princeps
328 1826 503 1868 dimisso
528 1827 756 1877 Germano,
780 1827 946 1869 Jtalum
972 1827 1283 1869 confessarium
1302 1842 1324 1870 e
1343 1828 1504 1870 nostris
1527 1828 1692 1870 nullum
1715 1830 1869 1882 petant

97 1890 141 1931 in
174 1893 409 1944 posterum.
465 1892 506 1934 Si
541 1906 644 1934 uero
677 1895 842 1946 petent,
876 1892 1077 1934 iudicium
1113 1907 1238 1935 omne
1270 1893 1328 1935 sit
1360 1907 1493 1948 penes
1516 1893 1566 1936 R.
1591 1893 1639 1936 Τ.
1666 1907 1715 1936 ac
1738 1894 1786 1937 P.
1810 1893 1867 1937 N.

100 1956 357 1998 Generalem
373 1958 402 2008 3,
437 1957 538 2010 quid
571 1958 712 2011 magis
743 1957 837 1999 fieri
871 1957 1102 2001 conueniat
1134 1959 1214 2000 hoc
1246 1961 1456 2014 tempore.

218 2022 324 2075 Agit
365 2023 533 2076 gratias
568 2023 618 2066 R.
654 2023 703 2067 Τ.
737 2023 948 2065 Dominus
981 2024 1113 2067 Zotus
1129 2027 1158 2075 4,
1202 2025 1315 2078 quod
1357 2024 1520 2078 aliquid
1553 2024 1604 2066 de
1646 2025 1766 2067 filio5
1798 2039 1867 2067 re-

98 2087 334 2140 spondeat,
382 2091 425 2131 et
469 2091 567 2131 orat
611 2092 843 2143 praeterea
887 2089 1147 2132 luculentius
1189 2090 1402 2141 nuntiari,
1449 2090 1711 2145 expediatne
1755 2090 1868 2133 hunc

99 2152 422 2196 adolescentem
445 2156 573 2197 extra
591 2154 816 2208 collegium
838 2155 1141 2197 Germanicum
1165 2155 1227 2198 ita
1246 2155 1419 2198 morari.
1454 2156 1480 2198 J
1485 2158 1571 2198 tem
1591 2155 1870 2199 uideaturnec

99 2220 292 2260 mutasse
331 2218 534 2268 animum,
577 2233 703 2273 quem
748 2220 864 2274 prius
907 2220 1159 2270 declarauit,
1202 2221 1246 2262 in
1288 2221 1368 2263 hoc
1400 2221 1626 2264 societatis
1667 2221 1868 2264 instituto

100 2283 439 2337 amplectendod.
480 2285 705 2327 Postremo
725 2285 825 2338 quid
848 2285 1039 2328 iudicent
1054 2286 1207 2328 Patres
1226 2301 1279 2328 ex
1298 2289 1424 2341 parte
1446 2287 1529 2328 loci
1548 2290 1592 2329 et
1614 2287 1868 2337 studiorum,

97 2348 213 2390 illius
246 2349 487 2392 ualetudini
520 2353 564 2393 et
595 2350 766 2404 ingenio
790 2351 930 2403 magis
954 2351 1196 2394 conuenire.
1251 2351 1378 2406 Cupit
1411 2351 1524 2393 enim
1558 2352 1695 2394 bonus
1727 2355 1867 2406 pater,

98 2414 167 2456 cui
190 2415 372 2457 multum
389 2430 495 2457 sane
518 2416 736 2466 debemus,
760 2416 985 2458 consilium
1003 2418 1266 2467 nostrorum,
1286 2417 1358 2470 qui
1376 2417 1529 2459 Zotum
1548 2417 1676 2460 isthic
1695 2420 1867 2468 norunt,

99 2484 373 2534 perspectum
408 2482 580 2532 habere,
614 2482 698 2524 imo
726 2484 770 2524 et
802 2481 937 2534 sequi,
971 2496 1066 2523 cum
1100 2481 1212 2523 filius
1245 2482 1306 2524 illi
1339 2497 1423 2524 non
1456 2497 1534 2537 per
1557 2483 1700 2526 omnia
1732 2483 1869 2526 faciat

220 2563 246 2590 a)
267 2563 407 2593 Sequitur
426 2561 552 2594 alligati,
572 2571 589 2587 a
613 2564 641 2587 G.
662 2562 751 2587 oblitt.
863 2561 892 2585 1))
915 2562 1053 2593 Sequitur
1072 2570 1096 2587 v.
1117 2571 1134 2587 a
1151 2563 1178 2587 C.
1195 2563 1234 2587 ita
1256 2564 1465 2595 oblitteratum,
1486 2566 1517 2588 ut
1536 2564 1595 2588 iam
1617 2564 1673 2596 leyi
1692 2572 1749 2589 mm
1764 2564 1869 2596 possit.

98 2603 126 2634 c)
148 2604 286 2635 Sequitur
305 2604 395 2636 aptus
416 2605 459 2628 vel
478 2605 574 2629 simile
595 2612 630 2635 zu,
650 2612 667 2628 α
689 2606 716 2629 C.
737 2604 827 2629 oblite.
902 2602 931 2633 d)
953 2604 1009 2628 Hic
1028 2604 1060 2628 in
1079 2605 1212 2636 maraine
1231 2605 1333 2636 aliqua
1353 2613 1442 2630 manu
1462 2606 1572 2637 iynota,
1592 2606 1744 2631 obscurius
1763 2609 1869 2638 tamen,

99 2648 200 2669 notata
224 2648 302 2676 sunt,
328 2653 400 2677 quae
421 2646 458 2670 cul
486 2653 656 2677 responsum
678 2646 795 2671 Canisio
821 2646 952 2670 dandum
977 2649 1122 2677 spectasse
1143 2646 1298 2677 violentur,-
1320 2650 1423 2678 postea
1444 2650 1551 2679 tamen,
1576 2648 1655 2673 linea
1682 2649 1870 2680 transmissa,

99 2687 266 2711 oblitterata
285 2690 363 2713 sunt.

224 2807 233 2827 ¹
260 2807 298 2842 P.
326 2806 542 2841 Laurentius
568 2806 828 2841 Hermanutius
854 2806 1040 2841 Fen-ariae
1073 2807 1253 2841 Barbarae
1289 2808 1455 2851 reginae,
1491 2809 1594 2843 uxori
1621 2809 1798 2855 Alphonsi
1824 2810 1869 2844 II.

99 2861 211 2901 ducis,
239 2872 259 2894 a
285 2860 398 2895 sacris
423 2860 709 2895 confessionibus
737 2862 823 2895 erat.

220 2915 232 2935 2
259 2913 424 2948 Cauisius
443 2916 596 2948 exeunte
615 2926 659 2948 m.
675 2914 864 2948 Decembri
882 2925 913 2949 a.
931 2914 1021 2949 1568
1040 2914 1225 2948 Ferrariae
1253 2914 1391 2956 fuerat;
1418 2927 1452 2950 v.
1472 2916 1576 2959 infra,
1604 2928 1697 2952 mon.
1717 2918 1755 2952 it.
1779 2917 1869 2962 (22).

221 2968 234 2987 3
261 2967 490 3002 Franciscum
517 2968 697 3011 Borgiam.

220 3023 233 3041 4
260 3020 493 3055 Sebastianus
520 3022 598 3056 Zott
624 3021 810 3065 regiminis
837 3020 1066 3066 oenipontani
1093 3020 1329 3057 consiliarius.

222 3075 234 3094 ⁵
261 3073 473 3115 Godefrid0;
502 3087 535 3109 v.
563 3087 673 3120 supra
699 3087 732 3120 p.
752 3075 832 3109 491.

175 3138 488 3171 Braunsberger,
509 3139 621 3166 Canisii
641 3139 795 3173 Epistulae
816 3138 848 3164 et
868 3139 952 3165 Acta.
974 3138 1025 3165 VI.
1540 3137 1585 3171 32
