2044 3335
660 99 753 134 Mon.
783 99 873 134 1005
899 99 977 134 sive
1003 101 1067 134 ott.
1088 98 1154 142 (4).
1200 99 1300 133 1571.
1775 101 1856 141 651

86 213 192 248 rebus
227 213 462 257 intellegitur,
499 215 562 248 aut
596 213 640 248 ab
676 213 754 258 ipso
781 214 924 249 Canisio
960 216 1022 248 aut
1057 215 1133 249 eius
1160 215 1260 249 iussu
1296 217 1359 249 aut
1392 214 1522 249 saltem
1558 226 1598 248 eo
1625 214 1798 259 probante
1824 214 1858 248 id

85 267 221 301 factum
247 279 347 308 esse:
375 266 557 301 Canisium
585 268 701 312 ipsum
729 267 922 310 imaginem
948 267 1152 313 applicasse
1178 268 1325 302 traditio
1351 270 1407 302 est
1433 268 1561 302 saltem
1581 267 1697 302 medio
1715 266 1859 301 saeculo

84 319 198 355 XVII.
225 320 415 365 antiquior,
442 322 482 354 ut
508 320 614 365 paulo
641 320 735 354 infra
760 321 910 365 patebit.
961 321 1063 355 Hanc
1090 321 1200 364 igitur
1226 321 1420 364 imaginem
1447 323 1615 355 asserunt
1653 331 1732 354 esse
1758 319 1857 354 illam

85 372 211 417 ipsam,
239 385 330 418 quae
348 385 442 407 nunc
461 374 619 407 cernitur
645 373 678 407 in
698 373 803 407 altari
823 374 974 418 parvulo
993 373 1178 414 collocata,
1205 374 1298 418 quod
1319 373 1453 408 Canisii
1470 374 1611 408 nomine
1630 373 1858 417 designatum

88 425 520 470 („Canisiusaltarchen“)
552 429 763 460 asservatur
785 426 957 470 Ottingae
975 427 1119 461 Veteris
1146 427 1181 460 in
1207 427 1378 461 thesauro
1404 427 1497 461 sacri
1524 427 1658 467 sacelli,
1685 426 1859 461 ecclesiae

84 479 280 524 parochiali
311 479 408 523 (olim
446 479 640 522 collegiali)
670 479 729 513 SS.
758 480 913 524 Philippi
950 482 987 513 et
1021 479 1139 513 Iacobi
1176 479 1355 514 adiuncto.
1406 480 1472 514 Est
1507 482 1626 513 autem
1664 491 1705 513 ea
1739 479 1859 523 imago

88 532 217 576 (Beata
242 533 357 567 Maria
384 533 496 576 Virgo
531 534 633 566 stans
669 536 705 566 et
738 545 887 578 puerum
924 533 1041 567 Iesum
1081 533 1115 566 in
1151 544 1259 566 manu
1295 533 1443 567 sinistra
1478 533 1641 576 gestans)
1680 544 1726 566 ex
1760 533 1859 575 ligno

84 596 239 629 quercus
264 585 359 620 haud
386 586 610 629 ineleganter
635 585 778 630 sculpta
804 597 919 630 neque
942 585 1023 631 plus
1050 597 1156 629 quam
1176 586 1256 625 025
1281 597 1315 619 m
1341 585 1432 625 alta;
1461 597 1567 629 quam
1595 586 1689 620 circa
1716 597 1746 620 a.
1767 586 1858 621 1515

84 650 105 672 3
131 638 317 673 Matthaeo
344 637 481 673 Kreniss
516 638 693 683 sculptam
731 651 810 673 esse
844 651 959 684 nuper
994 651 1014 672 a
1040 639 1134 673 Phil.
1161 640 1211 672 M.
1237 640 1349 672 Halm
1379 639 1660 672 demonstratum
1694 641 1750 673 est
1778 639 1859 682 (Die

84 691 202 726 Tiiren
238 692 300 726 der
336 691 569 727 Stiftskirche
605 692 638 725 in
666 691 848 735 Alt‘otting
882 692 953 725 und
990 692 1045 726 ihr
1079 691 1239 731 Meister,
1274 691 1310 725 in
1348 691 1432 733 „Die
1468 691 1676 725 christliche
1705 692 1859 726 Kunst“.

83 744 299 787 herausgeg.
331 757 366 779 v.
395 745 427 779 d.
455 744 700 779 Gesellschaft
735 745 794 779 fiir
827 744 1035 779 christliche
1071 744 1208 786 Kunst,
1246 746 1275 779 1.
1305 745 1442 788 Jahrg.‚
1477 744 1656 778 Mfinchen
1694 745 1859 786 1904s05,

85 798 301 841 121—142).
352 798 428 832 Hoc
454 800 572 831 autem
601 798 745 840 signum
780 798 815 832 in
851 797 1012 832 thesauri
1048 798 1225 841 ottingani
1256 797 1498 840 „invent-ari&
1538 809 1570 832 a.
1600 798 1690 831 1645
1725 797 1859 842 scripto

82 853 233 885 vocatur
263 862 391 893 „unser
424 850 541 884 lieben
569 850 708 884 Frauen
736 850 881 885 Ulirallt
914 851 1055 885 hilzene
1090 851 1267 892 Bildtnus,
1304 850 1440 885 welche
1466 851 1505 885 P.
1534 851 1664 885 Petrus
1692 850 1858 885 Canisius

83 904 146 938 der
172 903 329 938 Societet
355 904 442 938 Jesu
470 903 562 938 1570
589 903 687 937 einer
712 904 907 938 besessnen
934 904 1073 949 Freyle,
1101 904 1259 938 Namens
1286 904 1390 938 Anna
1416 916 1486 938 von
1514 903 1758 945 Pernhausen,
1785 903 1859 938 alss

83 969 121 990 er
147 957 215 991 den
240 957 349 991 besen
368 956 472 991 Geist
490 956 732 999 ausgetriben,
760 968 804 991 an
829 958 892 991 das
911 957 1034 991 Haubt
1052 957 1220 1000 gehebt“.
1256 957 1397 997 Postea,
1424 959 1464 991 ut
1482 957 1568 997 dixi,
1594 957 1689 991 idem
1715 957 1859 1000 signum

81 1010 237 1054 positum
265 1012 320 1044 est
346 1010 381 1043 in
407 1021 520 1054 parvo
546 1009 607 1043 illo
634 1009 854 1054 pulchroque
882 1011 988 1045 altari
1019 1010 1264 1053 „Canisiano“,
1301 1010 1445 1044 saeculo
1474 1010 1530 1054 (ut
1556 1009 1714 1054 videtur)
1743 1010 1857 1044 XVII.

80 1062 225 1097 ineunte
251 1062 287 1096 in
307 1062 501 1097 Germania
529 1073 574 1096 ex
600 1063 752 1096 materia
777 1075 892 1097 nucea
917 1064 1091 1108 fuscaque
1115 1063 1256 1109 sculpto
1283 1066 1319 1097 et
1345 1063 1456 1098 ebeno
1475 1065 1695 1107 argentoque
1722 1065 1857 1105 ornato,

80 1115 173 1159 quod
202 1115 312 1159 (inter
338 1127 368 1149 a.
391 1116 481 1150 1636
509 1117 545 1149 et
574 1116 674 1155 1645,
702 1119 740 1149 ut
766 1116 925 1160 videtur)
954 1128 1056 1151 sacro
1083 1117 1216 1151 sacello
1243 1117 1334 1151 dono
1361 1117 1482 1151 datum
1512 1118 1567 1150 est
1593 1128 1614 1150 a
1638 1115 1858 1159 wolfgango

80 1168 291 1203 Sebastiano
318 1169 361 1202 de
381 1168 661 1202 Hohenkirchen
688 1172 724 1202 et
742 1169 858 1204 Maria
884 1170 926 1204 de
945 1170 1165 1204 Rabenstein
1196 1170 1411 1215 (propinqua
1430 1170 1499 1204 PP.
1520 1171 1662 1204 Ioannis
1689 1172 1725 1204 et
1742 1169 1858 1203 Wolf-

81 1222 191 1266 gangi
226 1222 268 1256 de
303 1222 523 1256 Rabenstein
558 1222 801 1257 franconum‘?
853 1222 906 1258 Cf.
937 1225 1023 1257 Can.
1052 1224 1102 1257 ΙΙΙ
1129 1224 1198 1258 519
1233 1226 1269 1258 et
1296 1225 1505 1267 Ayrieolam
1531 1224 1552 1258 l.
1581 1235 1609 1257 c.
1637 1223 1680 1264 ΙΙ,
1712 1222 1797 1257 Dec.
1825 1224 1857 1260 6.

80 1287 114 1310 n.
133 1275 302 1319 28—34),
330 1276 444 1310 eidem
471 1287 503 1311 a.
534 1276 624 1310 1583
650 1276 878 1310 matrimonio
905 1277 1028 1311 iuncta
1056 1277 1377 1320 (Kamstdenkmale
1402 1277 1424 1311 1.
1445 1290 1474 1312 c.
1502 1278 1534 1311 1³
1559 1277 1683 1319 2373).
1726 1276 1858 1311 Exstat

83 1331 203 1363 autem
230 1329 348 1372 imago
376 1329 502 1363 altaris
527 1329 620 1374 apud
639 1331 675 1364 J.
696 1330 737 1363 B.
759 1330 904 1374 Meliler,
931 1329 1003 1364 Der
1028 1330 1142 1374 selige
1162 1331 1291 1365 Petrus
1311 1330 1486 1371 Canisius,
1514 1331 1544 1365 5.
1566 1331 1671 1371 Ausi„
1698 1331 1857 1374 Regens-

80 1382 173 1426 burg
198 1394 227 1417 s.
254 1394 297 1424 a.,
325 1383 406 1426 95);
432 1382 625 1426 imaginem
654 1384 792 1427 antiqui
819 1383 917 1418 illius
943 1384 1126 1418 simulacri
1152 1384 1303 1418 mariani
1330 1384 1450 1429 posuit
1476 1385 1586 1419 Halm
1611 1384 1634 1418 l.
1661 1396 1691 1418 c.
1721 1384 1798 1419 133.

200 1436 232 1470 2.
261 1437 445 1470 Martinus
470 1437 682 1480 Eisenqrem
710 1436 776 1470 hoc
803 1448 943 1481 quoque
969 1439 1111 1472 narrat:
1139 1438 1301 1472 Marcum
1328 1438 1533 1482 Fuggerum
1561 1449 1641 1472 cuin
1668 1449 1791 1479 uxore,
1818 1440 1858 1471 ut

81 1500 144 1530 pro
163 1489 268 1523 Anna
287 1489 329 1523 de
349 1489 580 1523 Bernhausen
609 1502 630 1523 a
649 1490 821 1523 daemone
848 1490 1000 1525 liberata
1019 1491 1093 1525 Deo
1112 1491 1267 1534 gratiam
1294 1492 1482 1532 referrent,
1510 1491 1681 1534 Ottingae
1709 1491 1856 1525 calicem

80 1542 335 1587 perpulchrum
362 1554 516 1587 eumque
542 1546 753 1586 argenteum
790 1545 826 1577 et
853 1544 1089 1578 deauratum¹
1117 1556 1197 1578 cum
1232 1546 1364 1589 patena
1400 1544 1572 1578 obtulisse
1608 1556 1650 1578 ac
1686 1544 1857 1584 donasse;

81 1595 142 1639 qui
168 1596 299 1630 ibidem
329 1597 393 1639 „ad
428 1600 638 1641 perpetuam
675 1597 726 1630 rei
762 1597 990 1631 memoriani“
1022 1598 1214 1641 diligenter
1248 1600 1458 1633 asservetur
1486 1598 1536 1643 (v.
1564 1609 1672 1642 supra
1698 1609 1732 1643 p.
1759 1598 1856 1641 647).

80 1648 156 1683 Nec
182 1649 327 1683 dubium
355 1661 434 1684 esse
460 1652 589 1695 potest,
617 1650 703 1694 quin
729 1650 787 1684 hic
811 1651 906 1685 calix
932 1652 980 1685 sit
1006 1651 1066 1685 ille
1092 1651 1197 1693 idem,
1225 1651 1286 1696 qui
1312 1663 1406 1686 nunc
1434 1663 1513 1686 cum
1541 1651 1682 1685 nomine
1704 1650 1857 1693 „Calicis

81 1703 284 1737 Canisiani“
317 1703 622 1747 (Canisiuskelch)
658 1704 693 1738 in
727 1704 897 1738 thesauro
924 1706 1111 1748 ottingano
1147 1707 1376 1746 asservatur;
1411 1708 1468 1739 est
1502 1705 1532 1739 is
1567 1706 1689 1738 autem
1715 1704 1796 1745 022
1822 1716 1856 1738 m

81 1756 177 1790 altus
204 1759 248 1797 et,
276 1759 316 1790 ut
341 1769 386 1791 ex
411 1759 550 1791 tessera
577 1758 741 1802 apposita
768 1758 1006 1800 cognoscitur,
1034 1760 1221 1802 Augustae
1248 1758 1386 1800 factus;
1424 1759 1461 1792 in
1487 1758 1562 1792 eius
1589 1757 1679 1803 pede
1705 1757 1857 1791 rotundo

82 1811 119 1843 et
145 1809 282 1844 caelato
309 1814 503 1844 cernuntur
527 1811 671 1845 nomina
698 1812 780 1845 Iesu
807 1814 843 1846 et
869 1811 1017 1852 Mariae,
1044 1812 1120 1846 lilia
1147 1815 1183 1846 et
1209 1824 1334 1846 cruces
1360 1812 1438 1846 sive
1475 1811 1602 1846 stellae
1632 1811 1751 1854 (signa
1778 1822 1857 1844 con-

81 1862 204 1905 iugum
248 1863 427 1907 illorum),
469 1863 655 1909 inscriptio
703 1864 810 1899 haec:
858 1864 1067 1907 „MARIAE
1096 1879 1101 1899 :
1131 1865 1374 1899 DEIPARAE
1402 1879 1409 1899 :
1438 1863 1642 1899 DICATVS
1670 1878 1677 1898 :
1706 1865 1735 1897 A
1765 1877 1772 1898 :
1800 1864 1856 1898 D:

80 1916 249 1951 MARCO
278 1931 284 1951 ε
312 1916 539 1952 FVGGERO
568 1931 575 1952 :
603 1917 663 1951 ET
690 1931 697 1952 :
725 1918 937 1952 CONIVGE
966 1932 973 1953 :
1001 1919 1204 1953 SYBILLA
1225 1933 1232 1954 ε
1253 1918 1559 1953 CATHOLICAE
1586 1917 1856 1953 :PIETATISz

80 1970 210 2005 ERGO
239 1984 246 2005 :
273 1970 320 2004 M.
336 1970 377 2005 D.
393 1970 520 2005 LXX.“
576 1971 849 2017 Inscriptionem
887 1971 1059 2015 Ottingae
1095 1984 1126 2007 a.
1157 1973 1246 2008 1888
1283 1973 1360 2018 ipse
1397 1985 1441 2007 ex
1477 1973 1590 2007 calice
1625 1971 1857 2016 transcripsi:

79 2023 217 2068 reliqua
244 2036 357 2068 paene
383 2024 501 2058 omnia
527 2025 734 2059 referuntur
760 2026 794 2059 in
822 2025 1127 2060 Kemstdenkmale
1153 2026 1175 2060 l.
1204 2038 1233 2061 c.
1260 2027 1292 2060 1³
1318 2027 1422 2062 2377.
1475 2026 1631 2060 Parvam
1662 2025 1857 2069 imaginem

79 2078 200 2122 posuit
225 2079 363 2111 DIehler
387 2078 409 2112 l.
437 2090 466 2112 c.
493 2079 525 2112 9.
578 2078 632 2113 Cf.
660 2079 769 2113 etiam
796 2080 995 2123 Landyraf
1017 2079 1039 2114 1.
1068 2092 1096 2114 c.
1129 2081 1206 2115 169.

80 2197 220 2235 1005
248 2199 326 2233 sive
355 2199 453 2234 ott.
474 2197 578 2243 (4).
628 2198 713 2235 1571.

200 2260 354 2292 Ioannes
379 2259 555 2292 Mau-bach
581 2260 673 2293 libro
699 2261 740 2293 de
766 2262 952 2294 miraculis
978 2262 1069 2294 edito
1105 2262 1227 2294 multis
1263 2262 1483 2295 contumeliis
1509 2267 1539 2294 et
1565 2263 1757 2295 ιάἶτιυιηὶῖε
1782 2262 1859 2295 doc-

79 2314 215 2346 trinam
241 2313 449 2346 catholicam
477 2313 591 2355 afficit
617 2317 646 2346 et
673 2315 846 2347 acerrime
864 2315 1109 2357 Eisenyreim'i
1134 2315 1267 2348 librum
1294 2316 1335 2348 de
1359 2326 1466 2348 sacra
1493 2316 1576 2348 aede
1594 2316 1637 2348 B.
1657 2316 1803 2349 Mariae
1821 2316 1858 2349 V.

81 2368 278 2410 ottinyana,
313 2368 493 2410 imprimis
528 2371 645 2400 autem
673 2368 815 2401 Canisii
841 2369 1075 2401 exorcismum
1103 2370 1141 2401 ills
1168 2380 1205 2402 eo
1232 2370 1446 2412 descriptum
1481 2370 1649 2411 suyillat:
1687 2369 1861 2403 Catholici

75 2422 231 2464 pessima
257 2421 336 2463 fide,
364 2431 454 2464 qnae
481 2422 550 2463 ipsi
576 2425 711 2454 norunt
738 2432 807 2454 esse
832 2421 1029 2455 horrendos
1056 2433 1196 2455 errores
1225 2427 1402 2465 tetrasque
1428 2422 1719 2466 abominationes,
1745 2427 1860 2456 tenent

83 2478 187 2517 atque
223 2474 426 2514 defendunt.
483 2474 652 2508 Ccmisins
686 2475 888 2507 daemonem
919 2475 1081 2517 Ottinyae
1112 2477 1208 2508 eiecit
1242 2476 1430 2519 diabolica,
1468 2486 1536 2508 non
1564 2476 1687 2508 divina
1713 2477 1862 2510 virtute:

82 2528 293 2570 Eisenyrein
322 2532 351 2560 et
383 2528 550 2560 canisius
578 2539 656 2560 cum
682 2528 851 2561 daemone
879 2529 913 2561 in
942 2529 981 2560 id
1006 2530 1312 2572 conspiraverunt,
1339 2533 1377 2561 ut
1403 2540 1440 2562 eo
1459 2533 1625 2572 portento
1649 2530 1778 2572 plebem
1806 2531 1861 2563 de-

82 2581 246 2623 ciperent.
289 2581 441 2614 Iesm'tae
468 2581 630 2614 omnibus
660 2581 880 2614 Christianis
905 2581 986 2614 odio
1013 2592 1082 2614 esse
1108 2582 1238 2615 debent.
1284 2583 1401 2615 Sacra
1428 2583 1560 2625 omnia,
1587 2594 1678 2626 qnae
1700 2583 1861 2626 Ottinssae

82 2634 214 2668 Veteris
238 2635 339 2677 fiunt,
367 2635 594 2667 idololatriae
618 2639 712 2677 seint,
739 2634 866 2678 quibus
891 2635 1048 2668 homines
1073 2636 1110 2668 in
1138 2639 1321 2669 tartarum
1343 2636 1621 2679 pertrahimtnr.

202 2700 385 2742 Ioannes
417 2701 627 2742 Mar-bach
670 2701 1007 2753 (1521—1581)
1051 2702 1331 2743 Zimlaz’iensis
1372 2700 1609 2755 (Lindau),
1650 2705 1723 2757 qui
1764 2704 1858 2744 olim

83 2766 368 2820 Vitembevfyae
391 2767 577 2808 Martini
599 2766 781 2808 L‘ntlieri
802 2767 1010 2807 convictor
1029 2765 1189 2820 fuerat.
1221 2768 1495 2821 Aryentorati
1519 2772 1655 2809 autem
1680 2783 1719 2810 a.
1745 2770 1861 2810 1545

89 2830 348 2886 „parochus“
386 2833 646 2885 constitutus)
692 2833 742 2873 ab
776 2846 815 2873 a.
851 2833 967 2873 1549
1009 2832 1256 2887 tlieoloyiam
1298 2832 1467 2874 docebat
1506 2838 1540 2874 et
1582 2833 1634 2874 ab
1670 2849 1708 2875 α.
1744 2836 1861 2876 1552

84 2897 357 2950 mayistratui
379 2898 652 2938 ecclesiastico
675 2897 1088 2949 (Kirclzenkonvent)
1108 2903 1323 2952 praeerat,
1354 2913 1391 2940 α.
1418 2900 1532 2940 1571
1559 2899 1716 2940 edidit:
1746 2900 1861 2948 „Qon

87 2962 290 3004 wituffeln
323 2963 398 3003 nub
428 2959 432 3015 Ι
463 2962 782 3016 Qunbetffiicben.
813 2959 818 3016 Ι
849 2963 933 3005 {Die
966 2975 1056 3006 mun
1092 2963 1135 3014 {ie
1168 2963 1245 3016 uuss
1278 2967 1381 3006 nuni>
1415 2965 1503 3013 und)
1531 2964 1668 3007 &citez
1698 2961 1703 3019 Ι
1734 2965 1859 3014 Ἦόοτῐ,

208 3092 217 3111 ¹
245 3090 336 3125 Eum
363 3102 511 3124 aureum
538 3090 648 3125 fuisse
676 3090 836 3125 affirmat
866 3092 1050 3125 Gassarus
1078 3091 1188 3136 (apud
1211 3093 1458 3126 Menelcenium
1477 3092 1500 3127 l.
1520 3104 1549 3127 c.
1569 3093 1584 3126 1
1606 3092 1724 3137 1928).
