2044 3335
620 66 786 109 Augusta
804 64 909 100 Vind.
930 65 960 99 5.
979 62 1193 98 Novembris
1214 61 1315 96 1569.
1761 62 1842 102 371

82 186 140 229 sit
170 185 407 240 placitura:
441 185 559 227 Inter
591 184 698 225 duas
730 183 981 225 uocationes
1004 181 1199 224 consulte
1225 178 1438 222 retinetur
1468 176 1586 231 prior
1617 176 1845 231 tantisper,

83 252 218 293 donec
250 250 431 292 accedat
466 249 588 299 alius,
632 248 704 302 qui
736 248 815 290 sub
848 261 987 301 poena
1027 244 1197 300 peccati
1237 247 1286 286 ut
1318 242 1525 295 Theologi
1567 241 1727 292 dicunt,
1773 256 1847 296 po-

82 315 309 358 steriorem
341 315 464 356 nobis
495 314 702 368 imponat,
737 312 993 367 praesertim
1027 325 1123 353 cum
1155 310 1367 351 incertum
1401 310 1468 350 est
1500 305 1760 361 pror[sus,]³
1792 321 1847 349 an

84 379 241 434 [maior
262 377 450 434 vtilitas]
484 378 606 422 nobis
639 381 683 420 et
715 377 937 420 Ecclesiae
970 390 1025 418 ex
1046 374 1275 417 uocatione
1308 376 1351 415 et
1381 370 1670 426 cond[itio]ne
1701 374 1847 426 poste-

81 444 194 487 riore
227 445 284 487 sit
316 447 614 487 consecutura.
668 442 809 495 Igitur
840 441 1011 484 etiamsi
1042 439 1248 482 maiorem
1281 438 1324 479 in
1354 437 1527 479 modum
1550 439 1766 491 exoptem,
1800 440 1848 480 ut

82 509 244 564 optimo
267 509 484 564 Principi1
517 512 561 551 et
592 507 821 562 prouintijs
848 507 938 549 eius
960 504 1204 548 Austriacis
1235 503 1316 544 hoc
1349 501 1599 544 difficillimo
1633 505 1678 544 et
1709 501 1848 544 afflic-

80 574 247 616 tissimo
270 577 467 628 tempore
490 573 751 623 consulatur,
785 575 932 614 tamen
965 570 1123 613 author
1155 581 1250 610 esse
1279 567 1424 616 nolim,
1458 569 1508 609 vt
1537 567 1590 608 ob
1622 567 1846 617 incertam,

82 653 210 693 quam
255 639 397 681 animo
441 638 664 692 fingimus,
711 637 968 686 utilitatem,
1014 634 1144 677 certis
1189 635 1234 675 et
1276 630 1605 686 praesentibusb
1647 631 1848 685 periculis

82 704 245 746 amicus
278 703 454 758 obijciat
486 717 595 754 sese,
629 702 887 757 praesertim
919 701 992 742 ubi
1023 703 1114 742 tam
1147 699 1262 741 altas
1293 696 1396 739 iecit
1427 695 1597 737 radices
1627 695 1847 738 Sathanis-

80 784 197 820 mus,
248 772 292 812 et
332 769 497 810 nullum
537 768 719 822 praebet
761 766 996 808 subsidium
1038 763 1218 813 uicinia,
1265 764 1309 804 et
1350 761 1492 815 optari
1533 760 1676 814 potius
1718 775 1856 814 quam.

80 834 248 889 sperari
288 836 471 888 possunt
511 832 727 887 praesidia
768 831 947 884 reliqua,
990 830 1143 883 quibus
1182 827 1252 869 uel
1283 826 1472 868 maxime
1505 839 1612 879 opus
1645 828 1762 868 esset
1793 826 1848 868 ad

80 899 407 942 instaurandam
435 898 478 940 in
500 897 580 940 tali
602 896 800 938 Ecclesia
822 895 1089 949 religionem,
1123 893 1335 945 simulque
1368 890 1638 944 disciplinam
1673 891 1849 932 ecclesi-

81 965 276 1007 asticam.
321 963 440 1013 Quod
464 963 501 1004 si
523 962 650 1005 aliter
672 962 812 1003 visum
846 964 913 1003 est
945 959 1084 1002 doctis
1116 962 1160 1002 et
1191 955 1475 1012 prudentibus
1507 955 1625 1006 uiris,
1660 969 1848 1009 agnosco

80 1030 219 1071 zelum
251 1029 420 1070 illorum
454 1028 496 1069 in
529 1027 716 1069 iuuando
740 1025 938 1080 Principe
966 1025 1132 1075 Carolo,
1166 1023 1209 1064 in
1242 1020 1551 1064 conseruandis
1583 1021 1789 1074 reliqui
1798 1021 1847 1075 js

80 1093 358 1144 Israelis&
401 1093 444 1134 in
485 1095 611 1146 parte
645 1092 850 1134 Austriae
883 1090 1052 1133 Christo
1095 1091 1139 1131 et
1171 1087 1395 1130 Ecclesiae
1428 1085 1699 1129 uindicanda.
1764 1086 1847 1129 Sed

80 1159 212 1201 chara
244 1161 311 1201 est
339 1158 442 1200 mihi
464 1158 582 1200 salus
605 1156 777 1199 Domini
799 1154 1117 1208 Eiseingreinij,
1152 1167 1279 1207 quem
1301 1153 1419 1194 Deus
1441 1151 1658 1193 Bauariae
1691 1151 1848 1193 bonum

80 1228 124 1267 et
157 1224 305 1267 utilem
340 1223 597 1278 operarium,
640 1236 689 1265 ac
724 1236 837 1263 nunc
870 1221 1001 1264 etiam
1034 1218 1335 1273 Praepositum
1370 1216 1509 1259 dedit:
1552 1216 1609 1259 sit
1640 1216 1713 1258 ille
1746 1231 1849 1259 con-

80 1293 228 1333 tentus
246 1303 406 1343 quaeso
424 1303 504 1330 sua
521 1302 648 1342 quam
668 1287 805 1337 duxit,
831 1287 1024 1339 coniuge,
1044 1300 1129 1327 non
1149 1282 1366 1339 [des]erat
1383 1282 1513 1324 facile
1530 1281 1804 1324 vocationem
1818 1284 1847 1335 3,

79 1357 353 1409 praesentem
386 1368 584 1404 messem,
620 1366 730 1406 quae
763 1351 1071 1406 repurgatione
1104 1352 1149 1392 et
1171 1349 1341 1392 cultura
1364 1347 1561 1401 diligenti
1587 1350 1687 1400 eget
1700 1349 1729 1398 4,
1763 1362 1849 1390 non

79 1420 140 1462 sic
172 1420 380 1473 negligat,
414 1422 464 1461 vt
495 1419 549 1461 ad
583 1418 775 1460 futuram
807 1417 932 1459 nimis
964 1416 1172 1458 incultam
1207 1418 1251 1457 et
1283 1426 1482 1468 asperam
1514 1414 1727 1464 transeat,
1766 1413 1849 1455 nisi

80 1486 251 1527 omnino
293 1485 468 1535 sentiat,
510 1484 731 1526 subeundo
774 1481 984 1536 martyrio
1026 1485 1178 1535 pectus
1209 1479 1444 1522 infractum
1487 1481 1532 1520 et
1564 1477 1679 1519 uires
1719 1492 1848 1533 pares

80 1551 245 1593 adesse.
309 1551 367 1592 Et
399 1549 602 1604 quoniam
644 1548 764 1603 coepi
798 1561 937 1589 meum
972 1547 1161 1589 animum
1194 1545 1328 1587 libere
1365 1543 1561 1599 prodere,
1604 1543 1685 1585 hoc
1717 1544 1850 1586 etiam

80 1616 268 1670 adijcere
300 1629 385 1658 non
418 1615 613 1665 uerebor,
647 1628 701 1656 ne
734 1613 963 1667 quicquam
987 1612 1149 1654 caelem
1173 1610 1358 1653 amiciss.
1391 1609 1545 1659 uirum,
1579 1622 1647 1650 me
1680 1609 1851 1662 quidem

79 1695 135 1723 ex
168 1680 310 1724 animo
338 1681 598 1730 desiderare,
633 1681 681 1722 ut
713 1680 854 1733 pietas
886 1680 964 1720 tua
996 1677 1056 1719 sic
1088 1676 1283 1719 rationes
1314 1675 1518 1717 instituat
1550 1687 1665 1725 suas,
1700 1677 1749 1717 ut
1770 1675 1850 1716 im-

80 1746 259 1797 minuat,
294 1749 339 1789 et
370 1760 454 1787 non
488 1747 649 1799 augeat
671 1744 753 1786 sibi
774 1743 981 1794 sarcinas,
1016 1757 1126 1796 quae
1150 1755 1338 1795 grauare
1362 1739 1671 1783 conscientiam
1692 1739 1851 1782 infirmi

80 1811 300 1866 corporis5
331 1811 512 1865 possint.
568 1810 747 1853 Sarcina
769 1824 853 1852 non
876 1809 985 1850 leuis
1009 1811 1076 1850 est
1098 1807 1303 1862 parochia
1325 1804 1591 1848 Mauritiana
1624 1807 1667 1847 et
1689 1805 1851 1860 duplex

79 1877 427 1932 Praepositurass.
467 1876 565 1918 Non
583 1875 735 1926 dicam,
760 1888 870 1928 quae
893 1873 1073 1916 subinde
1095 1873 1307 1915 accedant
1330 1885 1463 1914 onera
1486 1870 1849 1922 extraordinaria,
1871 1893 1874 1896 ⁴

80 1957 190 1996 quae
212 1942 327 1984 forte
349 1942 509 1983 multos
531 1940 870 1994 Eiseingreinios
894 1952 1112 1990 exercere,
1138 1941 1182 1981 et
1204 1939 1258 1980 ab
1282 1937 1456 1992 optimis
1479 1935 1850 1990 sanctissimisque

79 2009 234 2062 studijs
266 2007 491 2050 retardare
523 2007 743 2061 possentT.
797 2005 879 2048 Hic
911 2005 1024 2047 serio
1050 2003 1373 2046 meminerimus
1406 2017 1580 2057 quaeso,
1616 2002 1718 2054 quid
1750 2016 1850 2056 pro-

198 2079 227 2109 a)
251 2079 328 2108 Quae
348 2077 394 2101 Ῐιὶε
412 2080 438 2101 et
459 2077 542 2107 infra
563 2077 644 2100 uncis
663 2076 820 2108 quadratis
841 2075 1042 2104 includuntur,
1062 2074 1201 2105 suppleta
1220 2076 1288 2097 sunt
1302 2080 1338 2097 ea:
1352 2074 1531 2105 (cpoyrapho,
1551 2074 1586 2099 de
1601 2081 1655 2105 quo
1668 2081 1760 2104 supra
1775 2072 1849 2096 dixi.

79 2119 110 2152 b)
132 2120 179 2144 Sic
200 2120 227 2143 C.
250 2119 310 2150 ipse
337 2119 367 2143 in
388 2118 520 2149 margine
541 2118 669 2143 correxit
686 2125 743 2149 pro
763 2116 930 2147 immensis,
959 2116 1033 2147 quod
1050 2116 1141 2147 prius
1160 2115 1332 2146 scripserat.

203 2203 212 2221 ¹
239 2201 365 2237 Carolo
383 2200 427 2236 II.
455 2200 653 2242 archiduci,
690 2199 838 2240 Stiriae,
875 2198 1102 2239 Cal-inthiae,
1139 2196 1335 2239 Carniolae,
1373 2197 1534 2232 Goritiae
1561 2197 1730 2242 principi;
1768 2195 1850 2229 vide

79 2267 189 2300 supra
206 2267 240 2300 p.
255 2255 334 2289 366.
434 2254 447 2274 ²
465 2255 486 2287 2
505 2253 575 2287 Par
594 2254 650 2295 34,
669 2253 725 2287 21.
751 2253 807 2287 Ier
826 2253 856 2294 6,
876 2253 907 2287 9.
936 2252 985 2286 ΕΖ
1004 2253 1036 2294 9,
1056 2251 1088 2286 8.
1115 2250 1214 2285 Mich
1232 2250 1264 2292 2,
1287 2250 1328 2284 12
1348 2252 1415 2284 etc.
1508 2251 1520 2271 ³
1541 2250 1594 2285 Cf.
1617 2251 1632 2284 1
1655 2250 1724 2284 Cor
1742 2250 1773 2289 7,
1793 2249 1850 2284 20.

199 2311 211 2329 4
239 2308 364 2343 Clerus
399 2307 607 2351 ottinganus
643 2306 881 2341 concubinatu
913 2305 1065 2350 aliisque
1100 2304 1234 2339 morbis
1274 2304 1481 2345 laborabat;
1525 2303 1693 2349 oppidum
1728 2305 1849 2336 autem

79 2365 115 2397 et
133 2363 239 2397 urbes
257 2361 397 2396 vicinae
424 2372 542 2394 rerum
568 2371 743 2394 novarum
761 2359 879 2394 studio
905 2359 1040 2393 infecta
1066 2360 1179 2399 erant,
1207 2357 1301 2402 quod
1327 2369 1391 2402 pro
1418 2357 1496 2391 eius
1522 2357 1694 2401 temporis
1712 2355 1849 2390 ratione

80 2415 326 2450 communione
360 2414 426 2449 sub
461 2416 614 2457 utraque
649 2413 768 2458 specie
803 2412 1030 2458 potissimum
1064 2411 1338 2455 significabatur
1373 2412 1408 2444 et
1434 2410 1616 2451 alebatur;
1653 2422 1686 2443 v.
1714 2410 1850 2453 Pfleyer

78 2470 102 2505 l.
121 2482 150 2504 c.
171 2469 322 2504 75‘76.
404 2469 417 2487 ⁵
434 2467 618 2501 Interdum
637 2466 777 2510 magnis
795 2466 975 2511 podagrae
994 2465 1174 2499 doloribus
1193 2465 1396 2499 vexabatur
1417 2464 1569 2507 (Pfteyer
1586 2463 1610 2497 1.
1630 2474 1659 2497 c.
1678 2462 1848 2505 65—70).

199 2524 212 2543 ὃ
239 2521 436 2557 Concilium
461 2520 707 2561 tridentinum,
742 2519 926 2563 antiquam
959 2518 1186 2564 disciplinam
1221 2517 1474 2558 instaurando,
1514 2517 1772 2557 constituerat,
1811 2518 1850 2550 ut

79 2576 212 2620 singuli
238 2575 474 2611 ecclesiastici
500 2586 570 2609 uno
595 2573 768 2608 beneficio
803 2572 961 2607 contenti
998 2574 1129 2613 essent,
1166 2574 1202 2605 et
1227 2572 1346 2615 siqui
1381 2571 1484 2615 plura
1519 2570 1704 2611 haberent,
1739 2580 1849 2604 unum

79 2631 285 2671 retinerent,
321 2629 459 2673 reliqua
485 2628 708 2663 dimitterent
736 2627 840 2670 (sess.
856 2626 913 2667 24,
947 2626 989 2659 de
1025 2625 1089 2659 ref.
1117 2636 1146 2659 c.
1169 2626 1230 2665 173
1267 2625 1312 2659 cf.
1348 2635 1438 2658 sess.
1458 2625 1488 2664 7,
1526 2624 1568 2658 de
1601 2624 1666 2658 ref.
1693 2635 1722 2658 c.
1741 2625 1764 2658 4
1789 2623 1847 2667 5);

80 2695 160 2719 cum
188 2683 377 2718 Germanis
411 2684 533 2716 tamen
568 2692 610 2715 ea
643 2681 679 2714 in
713 2679 794 2723 lege
828 2690 935 2724 saepe
970 2678 1167 2723 dispensari
1203 2677 1400 2723 oportebat,
1436 2677 1520 2721 quia
1553 2679 1588 2711 et
1614 2676 1850 2711 ecclesiastici

79 2737 319 2782 suppetebant
344 2735 449 2781 pauci
475 2738 511 2769 et
528 2734 642 2769 multa
667 2733 841 2768 beneficia
858 2733 1009 2776 exiguos
1027 2732 1209 2766 habebant
1225 2731 1362 2766 reditus
1388 2741 1655 2776 paucorumque
1672 2730 1850 2765 mensium

79 2790 310 2826 residentiam
336 2789 547 2833 exigebant3
576 2789 620 2822 cf.
652 2786 787 2822 Can.V
813 2786 1013 2822 201-202.

200 2845 211 2864 ⁷
238 2843 290 2877 De
325 2843 382 2877 his
414 2841 708 2887 occupationibus
735 2853 768 2875 v.
797 2851 906 2885 supra
932 2851 963 2884 p.
992 2839 1196 2879 366-3673
1234 2837 1446 2881 Eisengrein
1473 2837 1721 2872 Vindobonam
1747 2838 1850 2872 annis

79 2909 220 2942 quoque
249 2897 337 2931 1567
366 2899 402 2930 et
430 2896 530 2936 1568,
558 2907 579 2930 a
596 2894 845 2929 Maximiliano
872 2893 916 2928 II.
935 2894 1150 2937 imperatore
1176 2891 1382 2934 arcessitus,
1409 2893 1559 2926 venerat
1569 2905 1576 2933 ;
1604 2891 1675 2934 illo,
1702 2893 1741 2925 ut
1768 2902 1850 2925 cum

82 2951 194 2997 ipsius
229 2949 442 2984 consiliariis
477 2949 520 2983 de
555 2949 662 2983 rebus
697 2947 881 2991 religionis
917 2948 1060 2990 ageret:
1097 2946 1175 2988 hoc,
1210 2947 1250 2979 ut
1279 2956 1398 2980 coram
1425 2946 1640 2991 imperatore
1666 2944 1849 2979 contiones

79 3005 238 3040 haberet.
281 3003 337 3037 Ad
362 3003 589 3037 scribendum
608 3013 759 3046 quoque,
785 3000 942 3035 maxime
961 3000 1004 3034 ad
1029 2998 1254 3042 „Postillam⁴‘
1278 2999 1462 3041 edendam,
1489 3010 1510 3033 a
1528 2999 1617 3034 duce
1635 2999 1847 3043 urgebatur;

79 3059 126 3093 cf.
144 3059 280 3101 Pfleyer
305 3056 327 3091 l.
348 3068 376 3091 c.
397 3056 535 3090 57—59
564 3056 642 3090 112.
1256 3064 1257 3067 ’

1489 3112 1564 3147 24³⁶
