2044 3335
167 95 251 136 530
597 93 691 126 Mon.
719 92 787 126 925
813 92 891 126 sive
917 103 999 135 aug.
1022 91 1058 135 (b
1071 91 1120 135 7).
1165 92 1218 126 13.
1237 92 1359 126 Martii
1387 91 1490 126 1569.

164 209 500 264 blasphemanta,
535 207 680 261 quasib
711 221 797 249 non
838 207 945 250 velit
986 210 1063 250 aut
1100 222 1186 249 non
1226 208 1385 262 possit,
1429 208 1559 251 etiam
1602 208 1820 262 expellere
1853 208 1927 251 de·

165 288 326 323 mones,
359 272 637 327 praesertim⁰
669 286 746 326 per
778 286 880 314 suos
912 275 956 314 et
988 272 1209 315 Catholice
1242 273 1422 315 ecclesie
1453 272 1676 316 ministros
1692 274 1716 316 1.
1745 308 1753 316 .
1779 308 1786 315 .
1813 308 1820 315 .

283 337 431 387 Quoad
464 338 663 379 obsessos
701 337 882 388 attinet,
925 337 1067 379 nullus
1109 337 1307 379 dubitare
1348 340 1512 391 potest,
1555 351 1635 379 nec
1669 338 1819 388 debet,
1853 338 1928 380 de-

164 416 346 453 monem,
380 402 423 443 in
456 401 633 455 antiquo
666 404 711 444 et
742 417 854 444 nouo
887 404 1165 452 testamentO,
1199 402 1242 443 in
1273 402 1507 444 multorum
1545 402 1763 456 corporad,
1797 416 1928 457 pene-

163 471 324 517 trasse,
368 467 439 508 diu
481 466 568 508 illic
609 467 841 517 mansisse,
885 469 929 509 et
970 481 1196 520 magnam,
1240 470 1284 509 et
1324 467 1614 509 miserabilem
1650 470 1929 522 potestatem,

164 531 424 582 exercuisse,
458 531 543 573 imo
566 531 718 582 adhuc,
753 545 970 582 exercere,
1004 532 1117 574 sicut
1139 535 1241 574 ante
1264 532 1409 573 oculos
1441 532 1649 582 uidemus,
1684 546 1762 574 nec
1783 534 1931 586 potest

167 610 262 638 esse
302 597 441 638 maior
480 596 743 650 Tyrannus&
790 610 919 650 quam
961 596 1033 650 qui
1073 611 1174 638 suos
1215 596 1429 639 subditos‘
1466 600 1557 639 tam
1599 597 1710 639 male
1750 599 1929 647 tractat,

165 661 367 703 auferens
399 661 484 704 illis
516 664 779 716 potestatem
812 662 942 712 intus,
977 664 1021 704 et
1043 661 1162 711 foris,
1192 662 1434 715 jmpediens
1467 662 1627 712 oculos,
1660 676 1714 703 ne
1739 662 1929 712 uideant,

164 741 292 769 aures
324 740 378 768 ne
411 726 602 775 audiant,
635 726 829 780 linguam
861 740 915 768 ne
947 726 1193 780 loquantur,
1236 727 1305 768 vel
1339 730 1388 769 ut
1430 726 1576 769 dicant
1616 729 1786 769 tantum
1820 740 1930 780 quae

163 791 290 845 ipses,
333 791 463 842 velit,
498 792 642 834 Mutat
673 792 907 845 imagines,
950 793 995 833 et
1026 791 1326 845 phantassiaS‚
1366 791 1547 845 impedit
1578 805 1703 833 Vsum
1735 791 1929 841 rationis,

164 857 378 906 uulnerat,
411 856 583 911 proijcit
615 858 659 899 et
689 857 874 911 impellit
905 856 960 898 ad
992 857 1192 910 pessima,
1235 857 1350 898 sicut
1381 857 1436 898 ad
1469 856 1841 907 submerssionem,
1876 856 1930 898 ad

163 922 444 976 praecipitiah
477 922 531 963 ad
574 922 819 976 suspendia,
865 922 919 963 ad
962 921 1279 976 blasphemiasi,
1325 921 1426 963 Non
1468 921 1672 975 relinquit
1712 921 1796 962 illis
1828 934 1931 975 sepe

164 986 367 1039 quietem,
407 990 536 1029 noctu
568 989 613 1029 et
645 986 725 1037 die,
759 990 808 1029 ut
839 986 993 1029 merito
1028 986 1349 1040 compatiantur
1382 1000 1530 1028 omnes
1562 989 1929 1040 conspectatoreS.

285 1052 369 1094 Sed
402 1054 518 1094 certe
560 1052 774 1105 permittit
807 1053 945 1103 Deus,
991 1052 1228 1094 Sathanam
1270 1051 1312 1093 in
1355 1065 1510 1105 corpus
1550 1051 1734 1093 hominis
1766 1051 1932 1094 intrare

165 1116 467 1167 essentialiter,
503 1118 547 1159 et
578 1117 698 1158 illum
731 1117 884 1159 uexari
917 1116 1214 1171 corporaliter.
1275 1117 1341 1158 De
1375 1116 1570 1158 omnibus
1603 1116 1811 1166 obsessis,
1845 1130 1931 1157 non

164 1183 311 1235 potest
343 1180 559 1234 assignari
599 1184 718 1224 certa
760 1196 892 1224 causa
932 1182 975 1223 in
1015 1180 1293 1235 particulari,
1336 1195 1436 1222 nam
1477 1180 1552 1223 illa
1593 1181 1671 1222 soli
1704 1181 1795 1223 Deo
1828 1183 1932 1223 nota

166 1248 246 1296 est,
281 1246 353 1298 qui
385 1248 679 1288 scrutatur
711 1247 878 1288 corda
911 1250 963 1289 et
995 1248 1200 1297 renes2‚
1235 1250 1279 1289 et
1311 1246 1384 1299 qui
1412 1247 1529 1300 juste
1551 1245 1671 1296 facit,
1705 1260 1800 1288 cum
1833 1260 1931 1300 per-

164 1311 316 1362 mittit,
349 1312 484 1353 bonos
506 1311 601 1353 velk
632 1312 770 1354 malos
794 1326 819 1354 a
842 1312 1034 1354 Demone
1063 1311 1262 1362 obsideri,
1296 1311 1381 1353 imo
1405 1311 1537 1353 etiam
1569 1311 1760 1353 infantes
1781 1325 1932 1352 recens

165 1376 408 1430 baptisatos
441 1376 571 1418 Teste
604 1377 848 1430 Augustino
880 1377 956 1418 lib:
994 1379 1048 1418 22
1083 1377 1135 1418 de
1167 1376 1354 1418 Ciuitate
1386 1375 1465 1418 Dei
1499 1376 1600 1430 Cap.
1636 1378 1690 1417 22
1705 1377 1733 1418 3.

289 1441 581 1484 Communiter
613 1446 758 1485 autem
782 1441 1051 1496 experientia
1075 1442 1212 1492 docet,
1246 1442 1385 1483 Deum
1417 1455 1516 1483 raro
1538 1441 1792 1495 permittere
1822 1441 1935 1483 hanc

165 1509 432 1561 potestatem
475 1506 555 1548 nisi
601 1509 781 1561 propter
824 1510 1006 1562 peccata
1050 1507 1261 1560 quaedam
1306 1506 1516 1548 enormia¹
1560 1506 1765 1557 hominis,
1812 1505 1933 1548 Sicut

166 1571 362 1614 uidemus
394 1572 438 1613 in
461 1572 602 1623 Saule,
637 1572 822 1626 superbo
845 1575 891 1615 et
915 1572 1072 1624 inuido,
1108 1574 1152 1614 et
1173 1571 1459 1622 inobediente,
1494 1585 1619 1624 quem
1652 1585 1754 1625 sepe
1778 1571 1931 1613 demon

167 1636 410 1691 accipiebat
423 1638 451 1687 4,
492 1640 536 1679 et
568 1637 630 1679 ita
663 1637 903 1691 Cipryanus
945 1637 1066 1688 dicit,
1100 1636 1364 1679 Demonibus
1403 1635 1497 1678 dari
1527 1639 1813 1690 potestatem,
1856 1636 1931 1677 ad-

166 1715 320 1743 uersus
361 1715 438 1743 nos
471 1702 572 1743 Velm
605 1702 660 1744 ad
701 1716 885 1756 paenam
928 1717 1021 1744 cum
1066 1702 1370 1755 delinquimus,
1414 1701 1484 1743 uel
1525 1702 1579 1743 ad
1621 1701 1801 1755 gloriam
1836 1715 1931 1742 cum

165 1767 410 1821 probamur,
445 1766 558 1809 sicut
590 1767 642 1809 de
674 1767 758 1809 Job
789 1767 954 1810 factum
987 1767 1244 1810 uidemus¹¹⁵.

286 1834 333 1872 2⁰
364 1831 586 1875 Permittit
626 1832 706 1874 hoc
740 1832 879 1883 Deus,
923 1835 1102 1886 propter
1144 1834 1349 1886 parentes
1389 1831 1490 1886 filijs
1531 1831 1842 1873 maledicentes
1887 1832 1932 1873 et

167 1897 313 1949 quassi
346 1896 514 1939 diabolo
548 1896 812 1949 addicenteS‚
847 1897 960 1951 quod
991 1911 1126 1951 graue
1157 1899 1384 1951 peccatum
1427 1903 1515 1948 est,
1559 1897 1629 1950 qui
1671 1898 1930 1950 repugnant,

167 1961 393 2004 Charitati.

287 2028 334 2068 3⁰
368 2026 430 2068 Ob
457 2026 723 2078 inuocantes,
757 2027 828 2069 vel
852 2027 1161 2078 desiderantes,
1196 2025 1401 2069 aduenire
1425 2026 1654 2077 diabolum,
1684 2026 1756 2067 vel
1776 2039 1933 2067 nomen

168 2091 260 2133 eius
292 2105 394 2146 sepe
425 2091 468 2132 in
502 2105 581 2133 vsu
613 2092 837 2143 habentes,

287 2159 334 2197 4⁰
375 2156 443 2198 Ad
488 2159 699 2199 terrorem
744 2157 951 2207 aliorum,
1000 2159 1050 2199 ut
1093 2156 1235 2210 magis
1279 2158 1545 2210 cognoscant
1586 2155 1796 2198 iustitiam
1837 2155 1931 2206 Dei,

167 2221 416 2275 flagelantis
456 2221 670 2264 hominem
712 2224 889 2276 propter
930 2224 1169 2276 peccatum,
1213 2224 1257 2264 et
1297 2221 1569 2275 permitentis
1600 2220 1814 2263 hominem
1847 2234 1932 2262 non

168 2287 308 2328 solum
341 2286 626 2340 corporaliter
656 2287 733 2329 sed
765 2286 897 2330 etiam
935 2287 1079 2341 sepius
1120 2286 1407 2341 spiritualiter
1446 2286 1490 2328 in
1523 2286 1667 2328 anima
1706 2284 1931 2340 possideri,

168 2355 213 2394 et
244 2351 308 2393 in⁰
341 2351 533 2393 demonis
566 2354 830 2405 potestatem
872 2351 1023 2406 redigi,
1067 2351 1136 2394 Sic
1173 2354 1298 2406 post
1342 2351 1648 2401 buccelam,
1690 2350 1934 2393 intrauit

289 2426 317 2457 a)
338 2425 553 2458 plasphemant
573 2427 639 2451 libr.
726 2425 755 2458 b)
777 2427 915 2458 Sequitur
934 2425 1021 2457 nolit,
1041 2435 1058 2451 α
1079 2427 1146 2451 libr.
1167 2427 1256 2452 oblitt.
1339 2426 1365 2457 c)
1388 2427 1460 2451 Tria
1480 2433 1522 2450 vv.
1542 2434 1599 2457 sqq.
1620 2433 1637 2449 α
1659 2426 1687 2450 C.
1707 2432 1800 2456 supra
1817 2432 1933 2449 versum

169 2468 281 2499 scripta
301 2471 377 2492 sunt.
462 2467 491 2498 d)
513 2468 651 2499 Sequitur·
670 2466 813 2499 intrasse,
834 2469 922 2493 oblitr.
1004 2470 1032 2499 e)
1053 2467 1211 2500 Tyrranus
1231 2468 1297 2493 libr.
1393 2466 1422 2498 f)
1443 2466 1579 2492 subtitos
1599 2467 1665 2491 libr.
1746 2471 1775 2496 g)
1796 2466 1935 2498 Sequitur

172 2508 256 2539 uelit,
275 2509 365 2534 oblite.
488 2509 518 2539 h)
541 2511 586 2534 Ita
608 2510 673 2534 libr.
694 2510 822 2535 correxit
842 2518 878 2534 ex
897 2509 1119 2543 praecipitium.
1240 2509 1261 2540 i)
1282 2508 1470 2542 plasphemia
1490 2509 1557 2533 libr.
1677 2506 1710 2539 k)
1731 2507 1779 2532 vel
1799 2507 1846 2532 uel
1867 2508 1934 2532 libr.

168 2549 188 2579 l)
210 2557 337 2575 enorma
358 2551 422 2575 libr.
515 2551 555 2581 nl)
577 2552 637 2576 Hoc
657 2559 680 2576 ν.
701 2552 767 2577 libr.
786 2560 878 2583 supra
900 2559 1014 2576 versum
1033 2551 1161 2582 scripsit.
1247 2552 1278 2582 n)
1300 2551 1381 2575 Libr.
1396 2551 1426 2574 in
1447 2550 1579 2582 margine
1598 2550 1735 2581 scripsit:
1754 2548 1934 2582 Cyprianus,

170 2591 208 2617 de
229 2591 404 2617 demoniaca
424 2591 598 2625 vapulante.
637 2594 680 2624 Cf.
701 2593 784 2624 infra
801 2602 832 2625 11·
853 2594 935 2618 5315.
1009 2600 1035 2621 ο)
1057 2591 1086 2617 ni
1107 2593 1174 2617 libr.

292 2707 298 2724 ¹
321 2705 374 2739 Cf.
395 2705 444 2738 Lc
466 2705 517 2746 11,
540 2706 582 2740 15
603 2706 656 2739 16.
795 2705 807 2725 ²
835 2705 883 2739 Ps
902 2706 933 2745 7,
962 2705 1016 2740 10.
1050 2706 1127 2750 Apc
1145 2705 1177 2746 2,
1205 2704 1267 2745 23;
1295 2704 1340 2738 cf.
1367 2703 1424 2737 ler
1445 2704 1498 2744 17,
1527 2703 1588 2743 10;
1619 2704 1633 2737 1
1655 2703 1726 2737 Par
1744 2703 1799 2745 28,
1826 2704 1846 2738 9
1864 2704 1932 2737 etc.

290 2758 302 2777 ³
329 2757 450 2791 Sancti
476 2758 612 2792 Aurelii
641 2759 835 2802 Auyustini
860 2758 1017 2803 episcopi
1043 2757 1095 2792 De
1123 2757 1278 2792 civitate
1304 2757 1369 2790 Dei
1388 2756 1485 2790 Libri
1502 2755 1614 2798 XXII,
1641 2768 1710 2791 rec.
1735 2757 1812 2790 Em.
1832 2757 1934 2799 Hoff-

171 2821 278 2842 mann
308 2810 350 2850 ll,
378 2810 608 2845 vindobonae
636 2812 737 2852 1900,
765 2811 844 2845 638.
880 2813 1011 2855 Mz'we,
1037 2811 1076 2845 Ρ.
1103 2811 1165 2845 lat.
1192 2810 1272 2844 XLI
1299 2810 1377 2844 786.

290 2864 302 2881 ⁴
330 2863 382 2896 Cf.
412 2864 428 2897 1
457 2863 513 2907 Rg
540 2865 594 2906 16,
633 2864 789 2904 14-233
828 2864 883 2905 18,
919 2865 979 2905 10;
1018 2865 1071 2904 19,
1107 2865 1139 2899 9.
1188 2863 1314 2907 Neque
1348 2866 1468 2897 tamen
1503 2873 1626 2896 omnes
1660 2873 1784 2896 sacrae
1819 2861 1934 2906 Scrip-

171 2916 272 2947 turae
299 2914 512 2959 interpretes
539 2916 681 2951 Saulem
708 2929 728 2951 a
754 2917 925 2951 daemone
952 2917 1137 2952 obsessum
1173 2928 1252 2951 esse
1278 2918 1444 2956 censent;
1481 2915 1523 2949 de
1555 2926 1626 2959 qua
1659 2927 1698 2949 re
1733 2914 1835 2960 plura
1861 2914 1934 2948 dixi

175 2967 262 3000 Can.
290 2966 338 3000 IV
365 2967 459 3002 875².

293 3020 306 3038 ⁵
333 3020 369 3053 S.
400 3021 616 3065 Cyprianus,
642 3023 695 3056 De
721 3024 880 3058 oratione
907 3023 1084 3058 dominica
1109 3035 1143 3058 n.
1172 3024 1216 3058 26
1262 3023 1407 3067 (Miqm’,
1434 3022 1474 3056 P.
1500 3021 1561 3056 lat.
1582 3021 1631 3056 IV
1655 3020 1752 3065 555).
1795 3020 1847 3054 De
1872 3020 1936 3054 Iob

174 3071 258 3106 vide
284 3072 345 3106 Iob
374 3073 403 3113 1,
431 3074 565 3114 8-22ς
593 3076 623 3115 2,
654 3076 786 3117 1-10;
813 3077 870 3118 42,
898 3077 1024 3111 7—16.
