<?xml version="1.0" encoding="UTF-8"?>
<!DOCTYPE html PUBLIC "-//W3C//DTD XHTML 1.0 Transitional//EN"
    "http://www.w3.org/TR/xhtml1/DTD/xhtml1-transitional.dtd">
<html xmlns="http://www.w3.org/1999/xhtml" xml:lang="en" lang="en">
 <head>
  <title>
</title>
<meta http-equiv="Content-Type" content="text/html;charset=utf-8" />
  <meta name='ocr-system' content='tesseract 3.04.00' />
  <meta name='ocr-capabilities' content='ocr_page ocr_carea ocr_par ocr_line ocrx_word'/>
</head>
<body>
  <div class='ocr_page' id='page_1' title='image "beatipetricanisi06cani_0756.png"; bbox 0 0 2044 3335; ppageno 0'>
   <div class='ocr_carea' id='block_1_1' title="bbox 142 92 1710 141">
    <p class='ocr_par' dir='ltr' id='par_1_1' title="bbox 142 92 1710 141">
     <span class='ocr_line' id='line_1_1' title="bbox 142 92 1710 141; baseline -0.003 -10"><span class='ocrx_word' id='word_1_1' title='bbox 142 100 225 141; x_wconf 75' lang='grc'>682</span> <span class='ocrx_word' id='word_1_2' title='bbox 329 97 424 131; x_wconf 81' lang='lat' dir='ltr'>Mon.</span> <span class='ocrx_word' id='word_1_3' title='bbox 455 96 545 130; x_wconf 78' lang='lat'>1034</span> <span class='ocrx_word' id='word_1_4' title='bbox 571 96 647 129; x_wconf 84' lang='lat' dir='ltr'>sive</span> <span class='ocrx_word' id='word_1_5' title='bbox 674 95 741 129; x_wconf 87' lang='lat' dir='ltr'>litt.</span> <span class='ocrx_word' id='word_1_6' title='bbox 765 95 852 137; x_wconf 73' lang='lat'>(29).</span> <span class='ocrx_word' id='word_1_7' title='bbox 897 95 994 128; x_wconf 79' lang='lat' dir='ltr'>Inter</span> <span class='ocrx_word' id='word_1_8' title='bbox 1020 93 1254 129; x_wconf 78' lang='lat' dir='ltr'>Februarium</span> <span class='ocrx_word' id='word_1_9' title='bbox 1281 95 1316 127; x_wconf 86' lang='lat' dir='ltr'>et</span> <span class='ocrx_word' id='word_1_10' title='bbox 1341 92 1580 127; x_wconf 79' lang='lat' dir='ltr'>Novembrem</span> <span class='ocrx_word' id='word_1_11' title='bbox 1609 93 1710 127; x_wconf 79' lang='lat'>1569.</span> 
     </span>
    </p>
   </div>
   <div class='ocr_carea' id='block_1_2' title="bbox 139 210 1908 1045">
    <p class='ocr_par' dir='ltr' id='par_1_2' title="bbox 139 210 1908 1045">
     <span class='ocr_line' id='line_1_2' title="bbox 259 210 1902 265; baseline -0.004 -7"><span class='ocrx_word' id='word_1_12' title='bbox 259 217 306 258; x_wconf 90' lang='lat' dir='ltr'>P.</span> <span class='ocrx_word' id='word_1_13' title='bbox 338 215 616 256; x_wconf 72' lang='lat' dir='ltr'>Theodore‘cns</span> <span class='ocrx_word' id='word_1_14' title='bbox 641 212 842 253; x_wconf 67' lang='lat' dir='ltr'>C&#39;am‘sius</span> <span class='ocrx_word' id='word_1_15' title='bbox 873 211 1045 265; x_wconf 78' lang='lat' dir='ltr'>collegii</span> <span class='ocrx_word' id='word_1_16' title='bbox 1077 214 1121 253; x_wconf 88' lang='lat' dir='ltr'>et</span> <span class='ocrx_word' id='word_1_17' title='bbox 1153 210 1454 253; x_wconf 86' lang='lat' dir='ltr'>universitatis</span> <span class='ocrx_word' id='word_1_18' title='bbox 1487 210 1733 263; x_wconf 84' lang='lat' dir='ltr'>dilinganae</span> <span class='ocrx_word' id='word_1_19' title='bbox 1756 211 1902 251; x_wconf 90' lang='lat' dir='ltr'>rector</span> 
     </span>
     <span class='ocr_line' id='line_1_3' title="bbox 140 275 1902 332; baseline -0.004 -10"><span class='ocrx_word' id='word_1_20' title='bbox 140 280 314 332; x_wconf 82' lang='lat' dir='ltr'>Dilinga</span> <span class='ocrx_word' id='word_1_21' title='bbox 348 281 385 321; x_wconf 88' lang='lat'>7.</span> <span class='ocrx_word' id='word_1_22' title='bbox 409 276 599 319; x_wconf 79' lang='lat' dir='ltr'>Ianuarii</span> <span class='ocrx_word' id='word_1_23' title='bbox 635 278 746 317; x_wconf 74' lang='lat'>1569</span> <span class='ocrx_word' id='word_1_24' title='bbox 783 276 1126 318; x_wconf 77' lang='lat' dir='ltr'>S.Franoiscu1n</span> <span class='ocrx_word' id='word_1_25' title='bbox 1154 275 1358 328; x_wconf 84' lang='lat' dir='ltr'>Borgiam</span> <span class='ocrx_word' id='word_1_26' title='bbox 1391 275 1686 329; x_wconf 85' lang='lat' dir='ltr'>praepositum</span> <span class='ocrx_word' id='word_1_27' title='bbox 1718 288 1902 328; x_wconf 84' lang='lat' dir='ltr'>genera-</span> 
     </span>
     <span class='ocr_line' id='line_1_4' title="bbox 139 339 1902 394; baseline -0.004 -7"><span class='ocrx_word' id='word_1_28' title='bbox 139 346 222 387; x_wconf 89' lang='lat' dir='ltr'>lem</span> <span class='ocrx_word' id='word_1_29' title='bbox 255 344 317 386; x_wconf 86' lang='lat' dir='ltr'>ita</span> <span class='ocrx_word' id='word_1_30' title='bbox 340 341 505 384; x_wconf 89' lang='lat' dir='ltr'>monuit</span> <span class='ocrx_word' id='word_1_31' title='bbox 528 341 579 382; x_wconf 89' lang='lat' dir='ltr'>de</span> <span class='ocrx_word' id='word_1_32' title='bbox 604 340 733 382; x_wconf 90' lang='lat' dir='ltr'>Petro</span> <span class='ocrx_word' id='word_1_33' title='bbox 755 340 908 391; x_wconf 88' lang='lat' dir='ltr'>fratre,</span> <span class='ocrx_word' id='word_1_34' title='bbox 943 341 1013 394; x_wconf 87' lang='lat' dir='ltr'>qui</span> <span class='ocrx_word' id='word_1_35' title='bbox 1039 355 1087 382; x_wconf 91' lang='lat' dir='ltr'>eo</span> <span class='ocrx_word' id='word_1_36' title='bbox 1111 343 1306 394; x_wconf 89' lang='lat' dir='ltr'>tempore</span> <span class='ocrx_word' id='word_1_37' title='bbox 1329 354 1385 382; x_wconf 81' lang='lat' dir='ltr'>ex</span> <span class='ocrx_word' id='word_1_38' title='bbox 1406 340 1535 382; x_wconf 87' lang='lat' dir='ltr'>Italia</span> <span class='ocrx_word' id='word_1_39' title='bbox 1558 340 1611 382; x_wconf 90' lang='lat' dir='ltr'>ad</span> <span class='ocrx_word' id='word_1_40' title='bbox 1634 339 1902 394; x_wconf 87' lang='lat' dir='ltr'>provinciam</span> 
     </span>
     <span class='ocr_line' id='line_1_5' title="bbox 139 404 1901 462; baseline -0.004 -11"><span class='ocrx_word' id='word_1_41' title='bbox 139 409 373 462; x_wconf 80' lang='lat' dir='ltr'>regendam</span> <span class='ocrx_word' id='word_1_42' title='bbox 416 410 459 448; x_wconf 88' lang='lat' dir='ltr'>et</span> <span class='ocrx_word' id='word_1_43' title='bbox 500 406 554 447; x_wconf 87' lang='lat' dir='ltr'>ad</span> <span class='ocrx_word' id='word_1_44' title='bbox 587 405 890 447; x_wconf 87' lang='lat' dir='ltr'>Centuriarum</span> <span class='ocrx_word' id='word_1_45' title='bbox 927 405 1369 459; x_wconf 82' lang='lat' dir='ltr'>Magdeburgensium</span> <span class='ocrx_word' id='word_1_46' title='bbox 1410 405 1720 448; x_wconf 73' lang='lat' dir='ltr'>refutationem</span> <span class='ocrx_word' id='word_1_47' title='bbox 1758 404 1901 446; x_wconf 84' lang='lat' dir='ltr'>absol—</span> 
     </span>
     <span class='ocr_line' id='line_1_6' title="bbox 139 469 1901 524; baseline -0.003 -9"><span class='ocrx_word' id='word_1_48' title='bbox 139 474 324 515; x_wconf 79' lang='lat' dir='ltr'>vendam</span> <span class='ocrx_word' id='word_1_49' title='bbox 357 471 415 524; x_wconf 82' lang='lat' dir='ltr'>(v,</span> <span class='ocrx_word' id='word_1_50' title='bbox 449 485 579 524; x_wconf 87' lang='lat' dir='ltr'>supra</span> <span class='ocrx_word' id='word_1_51' title='bbox 611 485 650 524; x_wconf 91' lang='lat' dir='ltr'>p.</span> <span class='ocrx_word' id='word_1_52' title='bbox 682 471 785 523; x_wconf 73' lang='lat'><strong>244)</strong></span> <span class='ocrx_word' id='word_1_53' title='bbox 818 471 861 512; x_wconf 90' lang='lat' dir='ltr'>in</span> <span class='ocrx_word' id='word_1_54' title='bbox 896 471 1173 513; x_wconf 81' lang='lat' dir='ltr'>Germaniam</span> <span class='ocrx_word' id='word_1_55' title='bbox 1205 470 1531 512; x_wconf 74' lang='lat' dir='ltr'>revertebatur:</span> <span class='ocrx_word' id='word_1_56' title='bbox 1571 469 1901 520; x_wconf 78' lang='lat' dir='ltr'>„Jntelleximus</span> 
     </span>
     <span class='ocr_line' id='line_1_7' title="bbox 158 534 1903 590; baseline -0.003 -10"><span class='ocrx_word' id='word_1_57' title='bbox 158 537 438 580; x_wconf 63' lang='lat' dir='ltr'>lenerendum</span> <span class='ocrx_word' id='word_1_58' title='bbox 472 536 517 578; x_wconf 90' lang='lat' dir='ltr'>P.</span> <span class='ocrx_word' id='word_1_59' title='bbox 554 535 769 577; x_wconf 84' lang='lat' dir='ltr'>Canisium</span> <span class='ocrx_word' id='word_1_60' title='bbox 802 536 843 577; x_wconf 91' lang='lat' dir='ltr'>in</span> <span class='ocrx_word' id='word_1_61' title='bbox 877 536 988 578; x_wconf 89' lang='lat' dir='ltr'>hanc</span> <span class='ocrx_word' id='word_1_62' title='bbox 1021 535 1285 590; x_wconf 83' lang='lat' dir='ltr'>prouinciam</span> <span class='ocrx_word' id='word_1_63' title='bbox 1319 535 1477 578; x_wconf 87' lang='lat' dir='ltr'>isthinc</span> <span class='ocrx_word' id='word_1_64' title='bbox 1509 535 1696 577; x_wconf 86' lang='lat' dir='ltr'>remitti:</span> <span class='ocrx_word' id='word_1_65' title='bbox 1736 534 1787 576; x_wconf 88' lang='lat' dir='ltr'>de</span> <span class='ocrx_word' id='word_1_66' title='bbox 1820 547 1903 586; x_wconf 86' lang='lat' dir='ltr'>quo</span> 
     </span>
     <span class='ocr_line' id='line_1_8' title="bbox 139 600 1906 656; baseline -0.002 -12"><span class='ocrx_word' id='word_1_67' title='bbox 139 604 220 644; x_wconf 97' lang='grc'>1100</span> <span class='ocrx_word' id='word_1_68' title='bbox 259 616 391 643; x_wconf 89' lang='lat' dir='ltr'>vnum</span> <span class='ocrx_word' id='word_1_69' title='bbox 433 601 479 643; x_wconf 90' lang='lat' dir='ltr'>P.</span> <span class='ocrx_word' id='word_1_70' title='bbox 521 601 566 644; x_wconf 79' lang='lat' dir='ltr'>T.</span> <span class='ocrx_word' id='word_1_71' title='bbox 609 601 936 653; x_wconf 80' lang='lat' dir='ltr'>significandum</span> <span class='ocrx_word' id='word_1_72' title='bbox 979 601 1143 656; x_wconf 85' lang='lat' dir='ltr'>putaui,</span> <span class='ocrx_word' id='word_1_73' title='bbox 1187 601 1302 642; x_wconf 90' lang='lat' dir='ltr'>illius</span> <span class='ocrx_word' id='word_1_74' title='bbox 1343 600 1583 643; x_wconf 89' lang='lat' dir='ltr'>valetudini</span> <span class='ocrx_word' id='word_1_75' title='bbox 1624 600 1906 642; x_wconf 88' lang='lat' dir='ltr'>vehementer</span> 
     </span>
     <span class='ocr_line' id='line_1_9' title="bbox 141 665 1904 721; baseline -0.001 -14"><span class='ocrx_word' id='word_1_76' title='bbox 141 667 440 710; x_wconf 79' lang='lat' dir='ltr'>Centuriarum</span> <span class='ocrx_word' id='word_1_77' title='bbox 477 667 669 708; x_wconf 89' lang='lat' dir='ltr'>laborem</span> <span class='ocrx_word' id='word_1_78' title='bbox 703 667 868 716; x_wconf 86' lang='lat' dir='ltr'>obesse,</span> <span class='ocrx_word' id='word_1_79' title='bbox 911 668 956 709; x_wconf 89' lang='lat' dir='ltr'>et</span> <span class='ocrx_word' id='word_1_80' title='bbox 996 667 1077 708; x_wconf 87' lang='lat' dir='ltr'>nisi</span> <span class='ocrx_word' id='word_1_81' title='bbox 1118 666 1368 721; x_wconf 85' lang='lat' dir='ltr'>propediem</span> <span class='ocrx_word' id='word_1_82' title='bbox 1409 666 1618 708; x_wconf 76' lang='lat' dir='ltr'>liberetur</span> <span class='ocrx_word' id='word_1_83' title='bbox 1648 665 1728 706; x_wconf 91' lang='lat' dir='ltr'>hoc</span> <span class='ocrx_word' id='word_1_84' title='bbox 1762 677 1904 713; x_wconf 81' lang='lat' dir='ltr'>onere,</span> 
     </span>
     <span class='ocr_line' id='line_1_10' title="bbox 140 730 1906 785; baseline -0.002 -11"><span class='ocrx_word' id='word_1_85' title='bbox 140 734 274 782; x_wconf 89' lang='lat' dir='ltr'>illum,</span> <span class='ocrx_word' id='word_1_86' title='bbox 313 732 560 782; x_wconf 88' lang='lat' dir='ltr'>multorum,</span> <span class='ocrx_word' id='word_1_87' title='bbox 604 731 676 784; x_wconf 88' lang='lat' dir='ltr'>qui</span> <span class='ocrx_word' id='word_1_88' title='bbox 716 731 910 785; x_wconf 90' lang='lat' dir='ltr'>pluribus</span> <span class='ocrx_word' id='word_1_89' title='bbox 952 732 1077 774; x_wconf 89' lang='lat' dir='ltr'>annis</span> <span class='ocrx_word' id='word_1_90' title='bbox 1118 731 1210 773; x_wconf 92' lang='lat' dir='ltr'>eius</span> <span class='ocrx_word' id='word_1_91' title='bbox 1250 730 1468 784; x_wconf 81' lang='lat' dir='ltr'>ingenium</span> <span class='ocrx_word' id='word_1_92' title='bbox 1511 734 1555 773; x_wconf 90' lang='lat' dir='ltr'>et</span> <span class='ocrx_word' id='word_1_93' title='bbox 1595 732 1796 772; x_wconf 86' lang='lat' dir='ltr'>naturam</span> <span class='ocrx_word' id='word_1_94' title='bbox 1830 743 1906 770; x_wconf 77' lang='lat' dir='ltr'>ex-</span> 
     </span>
     <span class='ocr_line' id='line_1_11' title="bbox 141 794 1907 853; baseline -0.002 -13"><span class='ocrx_word' id='word_1_95' title='bbox 141 799 313 853; x_wconf 87' lang='lat' dir='ltr'>plorata</span> <span class='ocrx_word' id='word_1_96' title='bbox 353 797 527 847; x_wconf 87' lang='lat' dir='ltr'>habent,</span> <span class='ocrx_word' id='word_1_97' title='bbox 570 796 740 847; x_wconf 87' lang='lat' dir='ltr'>iudicio,</span> <span class='ocrx_word' id='word_1_98' title='bbox 782 797 1063 851; x_wconf 80' lang='lat' dir='ltr'>Reipublicae</span> <span class='ocrx_word' id='word_1_99' title='bbox 1106 797 1176 839; x_wconf 91' lang='lat' dir='ltr'>diu</span> <span class='ocrx_word' id='word_1_100' title='bbox 1208 796 1359 838; x_wconf 87' lang='lat' dir='ltr'>vtilem</span> <span class='ocrx_word' id='word_1_101' title='bbox 1393 810 1477 837; x_wconf 89' lang='lat' dir='ltr'>non</span> <span class='ocrx_word' id='word_1_102' title='bbox 1510 795 1725 844; x_wconf 59' lang='lat' dir='ltr'>futurum„</span> <span class='ocrx_word' id='word_1_103' title='bbox 1780 794 1907 836; x_wconf 83' lang='lat' dir='ltr'>Post-</span> 
     </span>
     <span class='ocr_line' id='line_1_12' title="bbox 143 861 1906 917; baseline -0.003 -12"><span class='ocrx_word' id='word_1_104' title='bbox 143 878 271 917; x_wconf 86' lang='lat' dir='ltr'>quam</span> <span class='ocrx_word' id='word_1_105' title='bbox 294 863 406 904; x_wconf 90' lang='lat' dir='ltr'>enim</span> <span class='ocrx_word' id='word_1_106' title='bbox 438 862 630 905; x_wconf 89' lang='lat' dir='ltr'>laborem</span> <span class='ocrx_word' id='word_1_107' title='bbox 654 862 866 916; x_wconf 83' lang='lat' dir='ltr'>superiori</span> <span class='ocrx_word' id='word_1_108' title='bbox 899 877 1011 905; x_wconf 85' lang='lat' dir='ltr'>anno</span> <span class='ocrx_word' id='word_1_109' title='bbox 1044 862 1112 903; x_wconf 90' lang='grc'>1110</span> <span class='ocrx_word' id='word_1_110' title='bbox 1136 862 1291 916; x_wconf 89' lang='lat' dir='ltr'>coepit,</span> <span class='ocrx_word' id='word_1_111' title='bbox 1325 875 1420 902; x_wconf 89' lang='lat' dir='ltr'>eum</span> <span class='ocrx_word' id='word_1_112' title='bbox 1445 861 1519 902; x_wconf 80' lang='lat' dir='ltr'>vix</span> <span class='ocrx_word' id='word_1_113' title='bbox 1542 874 1731 913; x_wconf 85' lang='lat' dir='ltr'>vnquam</span> <span class='ocrx_word' id='word_1_114' title='bbox 1755 873 1906 901; x_wconf 87' lang='lat' dir='ltr'>sanum</span> 
     </span>
     <span class='ocr_line' id='line_1_13' title="bbox 142 924 1908 970; baseline -0.003 0"><span class='ocrx_word' id='word_1_115' title='bbox 142 929 381 970; x_wconf 87' lang='lat' dir='ltr'>babuimus.</span> <span class='ocrx_word' id='word_1_116' title='bbox 447 928 569 969; x_wconf 89' lang='lat' dir='ltr'>Haec</span> <span class='ocrx_word' id='word_1_117' title='bbox 614 941 761 969; x_wconf 90' lang='lat' dir='ltr'>amore</span> <span class='ocrx_word' id='word_1_118' title='bbox 804 928 905 970; x_wconf 89' lang='lat' dir='ltr'>boni</span> <span class='ocrx_word' id='word_1_119' title='bbox 949 927 1187 969; x_wconf 90' lang='lat' dir='ltr'>communis</span> <span class='ocrx_word' id='word_1_120' title='bbox 1231 927 1459 968; x_wconf 88' lang='lat' dir='ltr'>scribenda</span> <span class='ocrx_word' id='word_1_121' title='bbox 1503 926 1781 967; x_wconf 83' lang='lat' dir='ltr'>Consultores</span> <span class='ocrx_word' id='word_1_122' title='bbox 1825 924 1908 966; x_wconf 90' lang='lat' dir='ltr'>mei</span> 
     </span>
     <span class='ocr_line' id='line_1_14' title="bbox 142 990 1823 1045; baseline -0.002 -10"><span class='ocrx_word' id='word_1_123' title='bbox 142 994 400 1044; x_wconf 87' lang='lat' dir='ltr'>iudicarunt,</span> <span class='ocrx_word' id='word_1_124' title='bbox 435 993 707 1035; x_wconf 79' lang='lat' dir='ltr'>obedientiae</span> <span class='ocrx_word' id='word_1_125' title='bbox 740 995 920 1035; x_wconf 87' lang='lat' dir='ltr'>sanctae</span> <span class='ocrx_word' id='word_1_126' title='bbox 952 1007 1044 1035; x_wconf 88' lang='lat' dir='ltr'>rem</span> <span class='ocrx_word' id='word_1_127' title='bbox 1078 1006 1247 1035; x_wconf 91' lang='lat' dir='ltr'>omnem</span> <span class='ocrx_word' id='word_1_128' title='bbox 1279 992 1449 1045; x_wconf 78' lang='lat' dir='ltr'>integre</span> <span class='ocrx_word' id='word_1_129' title='bbox 1480 990 1823 1045; x_wconf 81' lang='lat' dir='ltr'>permittentes.“</span> 
     </span>
    </p>
   </div>
   <div class='ocr_carea' id='block_1_3' title="bbox 145 1128 1567 1181">
    <p class='ocr_par' dir='ltr' id='par_1_3' title="bbox 145 1128 1567 1181">
     <span class='ocr_line' id='line_1_15' title="bbox 145 1128 1567 1181; baseline -0.002 -8"><span class='ocrx_word' id='word_1_130' title='bbox 145 1136 284 1173; x_wconf 72' lang='lat'>1034</span> <span class='ocrx_word' id='word_1_131' title='bbox 310 1137 388 1172; x_wconf 85' lang='lat' dir='ltr'>sive</span> <span class='ocrx_word' id='word_1_132' title='bbox 414 1136 524 1172; x_wconf 78' lang='lat' dir='ltr'>litt.</span> <span class='ocrx_word' id='word_1_133' title='bbox 546 1128 684 1181; x_wconf 70' lang='lat'>(29).</span> <span class='ocrx_word' id='word_1_134' title='bbox 750 1135 854 1172; x_wconf 85' lang='lat' dir='ltr'>Inter</span> <span class='ocrx_word' id='word_1_135' title='bbox 880 1135 1122 1172; x_wconf 80' lang='lat' dir='ltr'>Februarium</span> <span class='ocrx_word' id='word_1_136' title='bbox 1149 1136 1187 1171; x_wconf 85' lang='lat' dir='ltr'>et</span> <span class='ocrx_word' id='word_1_137' title='bbox 1212 1134 1448 1170; x_wconf 76' lang='lat' dir='ltr'>Novembrem</span> <span class='ocrx_word' id='word_1_138' title='bbox 1473 1133 1567 1170; x_wconf 82' lang='lat'>1569.</span> 
     </span>
    </p>
   </div>
   <div class='ocr_carea' id='block_1_4' title="bbox 143 1198 1913 1354">
    <p class='ocr_par' dir='ltr' id='par_1_4' title="bbox 143 1198 1913 1354">
     <span class='ocr_line' id='line_1_16' title="bbox 267 1198 1913 1243; baseline -0.004 -7"><span class='ocrx_word' id='word_1_139' title='bbox 267 1204 405 1236; x_wconf 71' lang='lat' dir='ltr'>Canisie&#39;</span> <span class='ocrx_word' id='word_1_140' title='bbox 434 1203 663 1236; x_wconf 67' lang='lat' dir='ltr'>catechismus</span> <span class='ocrx_word' id='word_1_141' title='bbox 689 1214 711 1235; x_wconf 78' lang='lat' dir='ltr'><em>a</em></span> <span class='ocrx_word' id='word_1_142' title='bbox 737 1203 919 1236; x_wconf 71' lang='lat' dir='ltr'>cardinali</span> <span class='ocrx_word' id='word_1_143' title='bbox 948 1203 1203 1236; x_wconf 75' lang='lat' dir='ltr'>Commendono</span> <span class='ocrx_word' id='word_1_144' title='bbox 1229 1203 1410 1235; x_wconf 58' lang='lat' dir='ltr'>‘ri&#39;sz&#39;tatore</span> <span class='ocrx_word' id='word_1_145' title='bbox 1436 1205 1465 1233; x_wconf 81' lang='lat' dir='ltr'>et</span> <span class='ocrx_word' id='word_1_146' title='bbox 1491 1212 1511 1232; x_wconf 79' lang='grc' dir='ltr'>(ι</span> <span class='ocrx_word' id='word_1_147' title='bbox 1538 1201 1672 1243; x_wconf 63' lang='lat' dir='ltr'>synodo</span> <span class='ocrx_word' id='word_1_148' title='bbox 1693 1198 1913 1242; x_wconf 61' lang='lat' dir='ltr'>provinciali</span> 
     </span>
     <span class='ocr_line' id='line_1_17' title="bbox 143 1253 1909 1299; baseline -0.003 -9"><span class='ocrx_word' id='word_1_149' title='bbox 143 1258 398 1299; x_wconf 67' lang='lat' dir='ltr'>salisburyensi</span> <span class='ocrx_word' id='word_1_150' title='bbox 432 1257 706 1299; x_wconf 53' lang='lat' dir='ltr'>commendarim,</span> <span class='ocrx_word' id='word_1_151' title='bbox 745 1258 780 1289; x_wconf 76' lang='lat' dir='ltr'>in</span> <span class='ocrx_word' id='word_1_152' title='bbox 809 1257 976 1289; x_wconf 77' lang='lat' dir='ltr'>dioeceses</span> <span class='ocrx_word' id='word_1_153' title='bbox 1000 1255 1303 1298; x_wconf 72' lang='lat' dir='ltr'>salisburyensem,</span> <span class='ocrx_word' id='word_1_154' title='bbox 1330 1255 1602 1297; x_wconf 72' lang='lat' dir='ltr'>passariensem,</span> <span class='ocrx_word' id='word_1_155' title='bbox 1637 1253 1909 1286; x_wconf 72' lang='lat' dir='ltr'>ratisbonensem</span> 
     </span>
     <span class='ocr_line' id='line_1_18' title="bbox 144 1306 1911 1354; baseline -0.003 -10"><span class='ocrx_word' id='word_1_156' title='bbox 144 1312 349 1354; x_wconf 67' lang='lat' dir='ltr'>inducitur,</span> <span class='ocrx_word' id='word_1_157' title='bbox 386 1310 429 1343; x_wconf 77' lang='lat' dir='ltr'>ab</span> <span class='ocrx_word' id='word_1_158' title='bbox 462 1310 605 1343; x_wconf 79' lang='lat' dir='ltr'>Alberto</span> <span class='ocrx_word' id='word_1_159' title='bbox 631 1310 669 1343; x_wconf 74' lang='grc' dir='ltr'>Γ.</span> <span class='ocrx_word' id='word_1_160' title='bbox 695 1311 732 1342; x_wconf 68' lang='lat' dir='ltr'>in</span> <span class='ocrx_word' id='word_1_161' title='bbox 769 1310 931 1342; x_wconf 78' lang='lat' dir='ltr'>omnibus</span> <span class='ocrx_word' id='word_1_162' title='bbox 964 1310 1146 1342; x_wconf 74' lang='lat' dir='ltr'>Barariae</span> <span class='ocrx_word' id='word_1_163' title='bbox 1178 1308 1304 1342; x_wconf 70' lang='lat' dir='ltr'>scholis</span> <span class='ocrx_word' id='word_1_164' title='bbox 1330 1308 1506 1351; x_wconf 65' lang='lat' dir='ltr'>explicari</span> <span class='ocrx_word' id='word_1_165' title='bbox 1543 1307 1694 1340; x_wconf 74' lang='lat' dir='ltr'>iubetur.</span> <span class='ocrx_word' id='word_1_166' title='bbox 1746 1306 1911 1338; x_wconf 73' lang='lat' dir='ltr'>Eiusdem</span> 
     </span>
    </p>
   </div>
   <div class='ocr_carea' id='block_1_5' title="bbox 145 1360 1913 1460">
    <p class='ocr_par' dir='ltr' id='par_1_5' title="bbox 145 1360 1913 1460">
     <span class='ocr_line' id='line_1_19' title="bbox 145 1360 1913 1407; baseline -0.003 -10"><span class='ocrx_word' id='word_1_167' title='bbox 145 1365 345 1397; x_wconf 72' lang='lat' dir='ltr'>catechismi</span> <span class='ocrx_word' id='word_1_168' title='bbox 386 1366 422 1396; x_wconf 75' lang='grc'>111</span> <span class='ocrx_word' id='word_1_169' title='bbox 467 1363 608 1407; x_wconf 70' lang='grc'>00110910</span> <span class='ocrx_word' id='word_1_170' title='bbox 644 1364 848 1397; x_wconf 77' lang='lat' dir='ltr'>monacensi</span> <span class='ocrx_word' id='word_1_171' title='bbox 884 1363 1052 1396; x_wconf 73' lang='lat' dir='ltr'>tradendi</span> <span class='ocrx_word' id='word_1_172' title='bbox 1089 1363 1184 1395; x_wconf 66' lang='lat' dir='ltr'>ratio</span> <span class='ocrx_word' id='word_1_173' title='bbox 1222 1362 1371 1405; x_wconf 70' lang='lat' dir='ltr'>reliquis</span> <span class='ocrx_word' id='word_1_174' title='bbox 1407 1361 1535 1394; x_wconf 73' lang='lat' dir='ltr'>scholis</span> <span class='ocrx_word' id='word_1_175' title='bbox 1571 1361 1695 1393; x_wconf 67' lang='lat' dir='ltr'>latinis·</span> <span class='ocrx_word' id='word_1_176' title='bbox 1732 1360 1913 1392; x_wconf 73' lang='lat' dir='ltr'>Barariae</span> 
     </span>
     <span class='ocr_line' id='line_1_20' title="bbox 145 1418 571 1460; baseline -0.002 -8.995"><span class='ocrx_word' id='word_1_177' title='bbox 145 1418 321 1451; x_wconf 60' lang='lat' dir='ltr'>divinanda</span> <span class='ocrx_word' id='word_1_178' title='bbox 340 1418 571 1460; x_wconf 71' lang='lat' dir='ltr'>proponitur.</span> 
     </span>
    </p>
   </div>
   <div class='ocr_carea' id='block_1_6' title="bbox 146 1447 1919 2743">
    <p class='ocr_par' dir='ltr' id='par_1_6' title="bbox 146 1447 1916 1838">
     <span class='ocr_line' id='line_1_21' title="bbox 266 1447 1914 1515; baseline -0.002 -6"><span class='ocrx_word' id='word_1_179' title='bbox 266 1475 467 1511; x_wconf 84' lang='lat' dir='ltr'>Cardinalis</span> <span class='ocrx_word' id='word_1_180' title='bbox 510 1476 661 1509; x_wconf 89' lang='lat' dir='ltr'>Ioannes</span> <span class='ocrx_word' id='word_1_181' title='bbox 700 1474 912 1509; x_wconf 79' lang='lat' dir='ltr'>Franciscus</span> <span class='ocrx_word' id='word_1_182' title='bbox 948 1473 1233 1509; x_wconf 88' lang='lat' dir='ltr'>Commendonus</span> <span class='ocrx_word' id='word_1_183' title='bbox 1268 1473 1300 1507; x_wconf 78' lang='lat' dir='ltr'>S.</span> <span class='ocrx_word' id='word_1_184' title='bbox 1329 1473 1382 1507; x_wconf 78' lang='lat' dir='ltr'>lii</span> <span class='ocrx_word' id='word_1_185' title='bbox 1409 1473 1452 1507; x_wconf 56' lang='grc' dir='ltr'>ἶ.</span> <span class='ocrx_word' id='word_1_186' title='bbox 1459 1447 1640 1515; x_wconf 34' lang='lat' dir='ltr'>‘legatus</span> <span class='ocrx_word' id='word_1_187' title='bbox 1677 1483 1757 1506; x_wconf 89' lang='lat' dir='ltr'>cum</span> <span class='ocrx_word' id='word_1_188' title='bbox 1791 1482 1914 1505; x_wconf 86' lang='lat' dir='ltr'>mense</span> 
     </span>
     <span class='ocr_line' id='line_1_22' title="bbox 147 1525 1914 1572; baseline -0.003 -9"><span class='ocrx_word' id='word_1_189' title='bbox 147 1529 340 1563; x_wconf 82' lang='lat' dir='ltr'>Februario</span> <span class='ocrx_word' id='word_1_190' title='bbox 373 1531 409 1562; x_wconf 87' lang='lat' dir='ltr'>et</span> <span class='ocrx_word' id='word_1_191' title='bbox 433 1529 565 1563; x_wconf 89' lang='lat' dir='ltr'>Martio</span> <span class='ocrx_word' id='word_1_192' title='bbox 594 1529 683 1563; x_wconf 81' lang='lat'>1569</span> <span class='ocrx_word' id='word_1_193' title='bbox 711 1528 911 1572; x_wconf 81' lang='lat' dir='ltr'>complures</span> <span class='ocrx_word' id='word_1_194' title='bbox 949 1527 1164 1562; x_wconf 84' lang='lat' dir='ltr'>dioecesium</span> <span class='ocrx_word' id='word_1_195' title='bbox 1197 1527 1442 1571; x_wconf 78' lang='lat' dir='ltr'>passaviensis</span> <span class='ocrx_word' id='word_1_196' title='bbox 1478 1529 1512 1560; x_wconf 89' lang='lat' dir='ltr'>et</span> <span class='ocrx_word' id='word_1_197' title='bbox 1547 1525 1825 1568; x_wconf 80' lang='lat' dir='ltr'>salisburgensis</span> <span class='ocrx_word' id='word_1_198' title='bbox 1860 1536 1914 1558; x_wconf 88' lang='lat' dir='ltr'>ec-</span> 
     </span>
     <span class='ocr_line' id='line_1_23' title="bbox 146 1578 1916 1626; baseline -0.003 -9"><span class='ocrx_word' id='word_1_199' title='bbox 146 1582 275 1617; x_wconf 86' lang='lat' dir='ltr'>clesias</span> <span class='ocrx_word' id='word_1_200' title='bbox 310 1585 345 1616; x_wconf 92' lang='lat' dir='ltr'>et</span> <span class='ocrx_word' id='word_1_201' title='bbox 371 1583 589 1616; x_wconf 86' lang='lat' dir='ltr'>monasteria</span> <span class='ocrx_word' id='word_1_202' title='bbox 624 1582 801 1622; x_wconf 84' lang='lat' dir='ltr'>visitaret,</span> <span class='ocrx_word' id='word_1_203' title='bbox 834 1581 934 1622; x_wconf 76' lang='lat' dir='ltr'>haec,</span> <span class='ocrx_word' id='word_1_204' title='bbox 969 1583 1114 1626; x_wconf 88' lang='lat' dir='ltr'>praeter</span> <span class='ocrx_word' id='word_1_205' title='bbox 1148 1580 1263 1614; x_wconf 88' lang='lat' dir='ltr'>multa</span> <span class='ocrx_word' id='word_1_206' title='bbox 1298 1579 1378 1620; x_wconf 84' lang='lat' dir='ltr'>alia,</span> <span class='ocrx_word' id='word_1_207' title='bbox 1415 1579 1615 1624; x_wconf 85' lang='lat' dir='ltr'>praecepit:</span> <span class='ocrx_word' id='word_1_208' title='bbox 1657 1579 1724 1621; x_wconf 82' lang='lat' dir='ltr'>„Ut</span> <span class='ocrx_word' id='word_1_209' title='bbox 1759 1578 1916 1612; x_wconf 86' lang='lat' dir='ltr'>babeant</span> 
     </span>
     <span class='ocr_line' id='line_1_24' title="bbox 147 1632 1915 1678; baseline -0.003 -8"><span class='ocrx_word' id='word_1_210' title='bbox 147 1647 268 1670; x_wconf 86' lang='lat' dir='ltr'>curam</span> <span class='ocrx_word' id='word_1_211' title='bbox 295 1636 493 1669; x_wconf 84' lang='lat' dir='ltr'>animarum</span> <span class='ocrx_word' id='word_1_212' title='bbox 520 1638 730 1669; x_wconf 81' lang='lat' dir='ltr'>exercentes</span> <span class='ocrx_word' id='word_1_213' title='bbox 757 1634 1013 1668; x_wconf 85' lang='lat' dir='ltr'>catechismum</span> <span class='ocrx_word' id='word_1_214' title='bbox 1041 1633 1099 1667; x_wconf 75' lang='lat' dir='ltr'>vel</span> <span class='ocrx_word' id='word_1_215' title='bbox 1124 1645 1237 1678; x_wconf 87' lang='lat' dir='ltr'>nuper</span> <span class='ocrx_word' id='word_1_216' title='bbox 1263 1644 1283 1666; x_wconf 84' lang='lat' dir='ltr'>a</span> <span class='ocrx_word' id='word_1_217' title='bbox 1309 1644 1447 1667; x_wconf 86' lang='lat' dir='ltr'>summo</span> <span class='ocrx_word' id='word_1_218' title='bbox 1482 1632 1650 1677; x_wconf 87' lang='lat' dir='ltr'>pontifice</span> <span class='ocrx_word' id='word_1_219' title='bbox 1687 1632 1915 1666; x_wconf 87' lang='lat' dir='ltr'>emanatum¹</span> 
     </span>
     <span class='ocr_line' id='line_1_25' title="bbox 147 1685 1916 1731; baseline -0.003 -8"><span class='ocrx_word' id='word_1_220' title='bbox 147 1689 207 1723; x_wconf 81' lang='lat' dir='ltr'>vel</span> <span class='ocrx_word' id='word_1_221' title='bbox 241 1689 342 1723; x_wconf 86' lang='lat' dir='ltr'>illum</span> <span class='ocrx_word' id='word_1_222' title='bbox 376 1689 416 1723; x_wconf 91' lang='lat' dir='ltr'>P.</span> <span class='ocrx_word' id='word_1_223' title='bbox 445 1689 598 1723; x_wconf 83' lang='lat' dir='ltr'>Canisii“</span> <span class='ocrx_word' id='word_1_224' title='bbox 632 1689 756 1731; x_wconf 68' lang='lat' dir='ltr'>(Mich.</span> <span class='ocrx_word' id='word_1_225' title='bbox 783 1689 904 1731; x_wconf 70' lang='lat' dir='ltr'>Mayr,</span> <span class='ocrx_word' id='word_1_226' title='bbox 940 1686 1108 1722; x_wconf 85' lang='lat' dir='ltr'>Cardinal</span> <span class='ocrx_word' id='word_1_227' title='bbox 1144 1686 1425 1720; x_wconf 88' lang='lat' dir='ltr'>Commendones</span> <span class='ocrx_word' id='word_1_228' title='bbox 1460 1685 1619 1720; x_wconf 82' lang='lat' dir='ltr'>Kloster-</span> <span class='ocrx_word' id='word_1_229' title='bbox 1647 1686 1717 1720; x_wconf 87' lang='lat' dir='ltr'>und</span> <span class='ocrx_word' id='word_1_230' title='bbox 1744 1685 1916 1719; x_wconf 82' lang='lat' dir='ltr'>Kirchen-</span> 
     </span>
     <span class='ocr_line' id='line_1_26' title="bbox 147 1739 1916 1785; baseline -0.002 -9"><span class='ocrx_word' id='word_1_231' title='bbox 147 1742 341 1776; x_wconf 47' lang='lat' dir='ltr'>lisitation</span> <span class='ocrx_word' id='word_1_232' title='bbox 378 1745 455 1783; x_wconf 87' lang='lat' dir='ltr'>etc.</span> <span class='ocrx_word' id='word_1_233' title='bbox 495 1743 530 1776; x_wconf 90' lang='lat' dir='ltr'>in</span> <span class='ocrx_word' id='word_1_234' title='bbox 571 1741 741 1785; x_wconf 77' lang='lat' dir='ltr'>„Studien</span> <span class='ocrx_word' id='word_1_235' title='bbox 775 1741 847 1775; x_wconf 89' lang='lat' dir='ltr'>und</span> <span class='ocrx_word' id='word_1_236' title='bbox 882 1740 1163 1782; x_wconf 78' lang='lat' dir='ltr'>Mittheilungen</span> <span class='ocrx_word' id='word_1_237' title='bbox 1202 1751 1267 1773; x_wconf 89' lang='lat' dir='ltr'>aus</span> <span class='ocrx_word' id='word_1_238' title='bbox 1305 1739 1385 1773; x_wconf 88' lang='lat' dir='ltr'>dem</span> <span class='ocrx_word' id='word_1_239' title='bbox 1422 1739 1687 1773; x_wconf 86' lang='lat' dir='ltr'>Benedictiner-</span> <span class='ocrx_word' id='word_1_240' title='bbox 1726 1739 1798 1772; x_wconf 84' lang='lat' dir='ltr'>und</span> <span class='ocrx_word' id='word_1_241' title='bbox 1836 1739 1916 1772; x_wconf 89' lang='lat' dir='ltr'>dem</span> 
     </span>
     <span class='ocr_line' id='line_1_27' title="bbox 149 1794 1164 1848; baseline -0.002 -18"><span class='ocrx_word' id='word_1_242' title='bbox 149 1796 418 1848; x_wconf 77' lang='lat' dir='ltr'>Cisteicienser-</span> <span class='ocrx_word' id='word_1_243' title='bbox 422 1796 561 1830; x_wconf 84' lang='lat' dir='ltr'>Or“den</span> <span class='ocrx_word' id='word_1_244' title='bbox 591 1795 677 1829; x_wconf 82' lang='lat' dir='ltr'>XIV</span> <span class='ocrx_word' id='word_1_245' title='bbox 704 1794 825 1838; x_wconf 80' lang='grc'>[1893]</span> <span class='ocrx_word' id='word_1_246' title='bbox 852 1794 1039 1829; x_wconf 78' lang='grc'>391-398</span> <span class='ocrx_word' id='word_1_247' title='bbox 1066 1794 1164 1836; x_wconf 82' lang='lat'>569).</span> 
     </span>
    </p>

    <p class='ocr_par' dir='ltr' id='par_1_7' title="bbox 147 1844 1918 2317">
     <span class='ocr_line' id='line_1_28' title="bbox 266 1844 1916 1893; baseline -0.002 -11"><span class='ocrx_word' id='word_1_248' title='bbox 266 1849 403 1883; x_wconf 84' lang='lat' dir='ltr'>Deinde</span> <span class='ocrx_word' id='word_1_249' title='bbox 437 1849 472 1882; x_wconf 93' lang='lat' dir='ltr'>in</span> <span class='ocrx_word' id='word_1_250' title='bbox 505 1849 640 1893; x_wconf 60' lang='lat' dir='ltr'>s3nodo</span> <span class='ocrx_word' id='word_1_251' title='bbox 666 1848 871 1893; x_wconf 87' lang='lat' dir='ltr'>provinciae</span> <span class='ocrx_word' id='word_1_252' title='bbox 907 1847 1174 1882; x_wconf 87' lang='lat' dir='ltr'>ecclesiasticae</span> <span class='ocrx_word' id='word_1_253' title='bbox 1208 1845 1498 1889; x_wconf 83' lang='lat' dir='ltr'>salisburgensis,</span> <span class='ocrx_word' id='word_1_254' title='bbox 1526 1844 1725 1887; x_wconf 80' lang='lat' dir='ltr'>Salisburgi</span> <span class='ocrx_word' id='word_1_255' title='bbox 1755 1845 1808 1879; x_wconf 79' lang='lat'>14.</span> <span class='ocrx_word' id='word_1_256' title='bbox 1811 1845 1916 1879; x_wconf 74' lang='grc'><em>-28,</em></span> 
     </span>
     <span class='ocr_line' id='line_1_29' title="bbox 148 1897 1916 1943; baseline -0.003 -7"><span class='ocrx_word' id='word_1_257' title='bbox 148 1902 269 1936; x_wconf 86' lang='lat' dir='ltr'>Martii</span> <span class='ocrx_word' id='word_1_258' title='bbox 298 1903 388 1936; x_wconf 81' lang='lat'>1569</span> <span class='ocrx_word' id='word_1_259' title='bbox 413 1902 547 1943; x_wconf 86' lang='lat' dir='ltr'>habita,</span> <span class='ocrx_word' id='word_1_260' title='bbox 574 1902 757 1936; x_wconf 88' lang='lat' dir='ltr'>decretum</span> <span class='ocrx_word' id='word_1_261' title='bbox 784 1903 839 1935; x_wconf 92' lang='lat' dir='ltr'>est</span> <span class='ocrx_word' id='word_1_262' title='bbox 866 1899 1141 1935; x_wconf 85' lang='lat' dir='ltr'>Constitutionis</span> <span class='ocrx_word' id='word_1_263' title='bbox 1168 1899 1258 1933; x_wconf 86' lang='lat' dir='ltr'>LIX.</span> <span class='ocrx_word' id='word_1_264' title='bbox 1287 1899 1404 1943; x_wconf 86' lang='lat' dir='ltr'>capite</span> <span class='ocrx_word' id='word_1_265' title='bbox 1422 1898 1522 1932; x_wconf 37' lang='lat' dir='ltr'>Van</span> <span class='ocrx_word' id='word_1_266' title='bbox 1555 1898 1758 1940; x_wconf 84' lang='lat' dir='ltr'>„,Jubemus</span> <span class='ocrx_word' id='word_1_267' title='bbox 1783 1900 1823 1932; x_wconf 90' lang='lat' dir='ltr'>ut</span> <span class='ocrx_word' id='word_1_268' title='bbox 1851 1897 1916 1943; x_wconf 87' lang='lat' dir='ltr'>[ju-</span> 
     </span>
     <span class='ocr_line' id='line_1_30' title="bbox 148 1951 1917 1999; baseline -0.003 -10"><span class='ocrx_word' id='word_1_269' title='bbox 148 1954 292 1999; x_wconf 85' lang='lat' dir='ltr'>ventus]</span> <span class='ocrx_word' id='word_1_270' title='bbox 328 1955 457 1989; x_wconf 87' lang='lat' dir='ltr'>saltem</span> <span class='ocrx_word' id='word_1_271' title='bbox 492 1956 596 1989; x_wconf 87' lang='lat' dir='ltr'>festis</span> <span class='ocrx_word' id='word_1_272' title='bbox 631 1955 757 1988; x_wconf 85' lang='lat' dir='ltr'>diebus</span> <span class='ocrx_word' id='word_1_273' title='bbox 791 1954 860 1999; x_wconf 92' lang='lat' dir='ltr'>piis</span> <span class='ocrx_word' id='word_1_274' title='bbox 895 1956 1004 1997; x_wconf 90' lang='lat' dir='ltr'>atque</span> <span class='ocrx_word' id='word_1_275' title='bbox 1032 1952 1248 1986; x_wconf 83' lang='lat' dir='ltr'>Christianis</span> <span class='ocrx_word' id='word_1_276' title='bbox 1276 1951 1514 1985; x_wconf 86' lang='lat' dir='ltr'>Catechismis</span> <span class='ocrx_word' id='word_1_277' title='bbox 1542 1977 1549 1985; x_wconf 94' lang='lat'>.</span> <span class='ocrx_word' id='word_1_278' title='bbox 1569 1978 1576 1985; x_wconf 91' lang='lat'>.</span> <span class='ocrx_word' id='word_1_279' title='bbox 1597 1978 1604 1985; x_wconf 92' lang='lat'>.</span> <span class='ocrx_word' id='word_1_280' title='bbox 1632 1953 1741 1995; x_wconf 82' lang='lat' dir='ltr'>atque</span> <span class='ocrx_word' id='word_1_281' title='bbox 1775 1951 1917 1985; x_wconf 88' lang='lat' dir='ltr'>institu-</span> 
     </span>
     <span class='ocr_line' id='line_1_31' title="bbox 147 2004 1918 2053; baseline -0.003 -10"><span class='ocrx_word' id='word_1_282' title='bbox 147 2008 306 2043; x_wconf 84' lang='lat' dir='ltr'>tionibus</span> <span class='ocrx_word' id='word_1_283' title='bbox 324 2009 433 2050; x_wconf 80' lang='lat' dir='ltr'>Fidei,</span> <span class='ocrx_word' id='word_1_284' title='bbox 459 2011 583 2053; x_wconf 88' lang='lat' dir='ltr'>utpote</span> <span class='ocrx_word' id='word_1_285' title='bbox 601 2020 622 2042; x_wconf 85' lang='lat' dir='ltr'>a</span> <span class='ocrx_word' id='word_1_286' title='bbox 640 2008 747 2042; x_wconf 88' lang='lat' dir='ltr'>Petro</span> <span class='ocrx_word' id='word_1_287' title='bbox 774 2019 794 2041; x_wconf 90' lang='lat' dir='ltr'>a</span> <span class='ocrx_word' id='word_1_288' title='bbox 813 2008 907 2048; x_wconf 79' lang='lat' dir='ltr'>Soto,</span> <span class='ocrx_word' id='word_1_289' title='bbox 936 2006 1090 2048; x_wconf 87' lang='lat' dir='ltr'>Canisio,</span> <span class='ocrx_word' id='word_1_290' title='bbox 1118 2005 1313 2050; x_wconf 77' lang='lat' dir='ltr'>Groppem,</span> <span class='ocrx_word' id='word_1_291' title='bbox 1336 2005 1637 2048; x_wconf 83' lang='lat' dir='ltr'>Merseburgensi,</span> <span class='ocrx_word' id='word_1_292' title='bbox 1664 2004 1918 2048; x_wconf 82' lang='lat' dir='ltr'>Dietenbergio</span> 
     </span>
     <span class='ocr_line' id='line_1_32' title="bbox 150 2057 1918 2106; baseline -0.002 -10"><span class='ocrx_word' id='word_1_293' title='bbox 150 2064 186 2095; x_wconf 86' lang='lat' dir='ltr'>et</span> <span class='ocrx_word' id='word_1_294' title='bbox 205 2062 430 2096; x_wconf 88' lang='lat' dir='ltr'>Catechismo</span> <span class='ocrx_word' id='word_1_295' title='bbox 449 2062 608 2096; x_wconf 87' lang='lat' dir='ltr'>Romano</span> <span class='ocrx_word' id='word_1_296' title='bbox 634 2061 669 2095; x_wconf 90' lang='lat' dir='ltr'>in</span> <span class='ocrx_word' id='word_1_297' title='bbox 689 2061 935 2106; x_wconf 87' lang='lat' dir='ltr'>compendium</span> <span class='ocrx_word' id='word_1_298' title='bbox 962 2060 1107 2093; x_wconf 87' lang='lat' dir='ltr'>redacto</span> <span class='ocrx_word' id='word_1_299' title='bbox 1121 2060 1142 2100; x_wconf 79' lang='lat'>²,</span> <span class='ocrx_word' id='word_1_300' title='bbox 1169 2070 1233 2092; x_wconf 90' lang='lat' dir='ltr'>nec</span> <span class='ocrx_word' id='word_1_301' title='bbox 1251 2070 1320 2092; x_wconf 87' lang='lat' dir='ltr'>non</span> <span class='ocrx_word' id='word_1_302' title='bbox 1344 2058 1388 2092; x_wconf 86' lang='lat' dir='ltr'>ab</span> <span class='ocrx_word' id='word_1_303' title='bbox 1414 2058 1494 2092; x_wconf 87' lang='lat' dir='ltr'>aliis</span> <span class='ocrx_word' id='word_1_304' title='bbox 1511 2057 1692 2092; x_wconf 87' lang='lat' dir='ltr'>nonnullis</span> <span class='ocrx_word' id='word_1_305' title='bbox 1710 2057 1918 2092; x_wconf 78' lang='lat' dir='ltr'>orthodoxis</span> 
     </span>
     <span class='ocr_line' id='line_1_33' title="bbox 149 2110 1918 2160; baseline -0.003 -10"><span class='ocrx_word' id='word_1_306' title='bbox 149 2116 238 2149; x_wconf 82' lang='lat' dir='ltr'>viris</span> <span class='ocrx_word' id='word_1_307' title='bbox 263 2116 402 2150; x_wconf 87' lang='lat' dir='ltr'>utiliter</span> <span class='ocrx_word' id='word_1_308' title='bbox 427 2115 649 2160; x_wconf 86' lang='lat' dir='ltr'>conscriptis,</span> <span class='ocrx_word' id='word_1_309' title='bbox 678 2114 946 2148; x_wconf 74' lang='lat' dir='ltr'>exe1·ceantur.“</span> <span class='ocrx_word' id='word_1_310' title='bbox 1002 2112 1099 2155; x_wconf 84' lang='lat' dir='ltr'>Quae</span> <span class='ocrx_word' id='word_1_311' title='bbox 1126 2123 1206 2146; x_wconf 85' lang='lat' dir='ltr'>cuni</span> <span class='ocrx_word' id='word_1_312' title='bbox 1238 2111 1449 2154; x_wconf 76' lang='lat' dir='ltr'>„latinitatis</span> <span class='ocrx_word' id='word_1_313' title='bbox 1475 2112 1745 2156; x_wconf 80' lang='lat' dir='ltr'>praeceptores“</span> <span class='ocrx_word' id='word_1_314' title='bbox 1776 2110 1918 2155; x_wconf 89' lang='lat' dir='ltr'>potissi-</span> 
     </span>
     <span class='ocr_line' id='line_1_34' title="bbox 150 2163 1918 2214; baseline -0.003 -11"><span class='ocrx_word' id='word_1_315' title='bbox 150 2181 245 2203; x_wconf 89' lang='lat' dir='ltr'>mum</span> <span class='ocrx_word' id='word_1_316' title='bbox 279 2171 503 2214; x_wconf 88' lang='lat' dir='ltr'>spectarent,</span> <span class='ocrx_word' id='word_1_317' title='bbox 539 2168 698 2202; x_wconf 87' lang='lat' dir='ltr'>eiusdem</span> <span class='ocrx_word' id='word_1_318' title='bbox 735 2166 1009 2201; x_wconf 86' lang='lat' dir='ltr'>Constitutionis</span> <span class='ocrx_word' id='word_1_319' title='bbox 1044 2166 1160 2210; x_wconf 88' lang='lat' dir='ltr'>capite</span> <span class='ocrx_word' id='word_1_320' title='bbox 1186 2164 1247 2198; x_wconf 80' lang='lat' dir='ltr'>XI.</span> <span class='ocrx_word' id='word_1_321' title='bbox 1274 2165 1483 2198; x_wconf 87' lang='lat' dir='ltr'>mandatum</span> <span class='ocrx_word' id='word_1_322' title='bbox 1518 2167 1592 2205; x_wconf 85' lang='lat' dir='ltr'>est,</span> <span class='ocrx_word' id='word_1_323' title='bbox 1627 2166 1667 2198; x_wconf 85' lang='lat' dir='ltr'>ut</span> <span class='ocrx_word' id='word_1_324' title='bbox 1698 2164 1752 2206; x_wconf 87' lang='lat' dir='ltr'>„in</span> <span class='ocrx_word' id='word_1_325' title='bbox 1779 2163 1918 2198; x_wconf 81' lang='lat' dir='ltr'>Scholis</span> 
     </span>
     <span class='ocr_line' id='line_1_35' title="bbox 151 2217 1917 2265; baseline -0.003 -9"><span class='ocrx_word' id='word_1_326' title='bbox 151 2223 367 2256; x_wconf 87' lang='lat' dir='ltr'>Teutonicae</span> <span class='ocrx_word' id='word_1_327' title='bbox 393 2222 557 2265; x_wconf 79' lang='lat' dir='ltr'>lingnae“</span> <span class='ocrx_word' id='word_1_328' title='bbox 580 2221 703 2255; x_wconf 85' lang='lat' dir='ltr'>eadem</span> <span class='ocrx_word' id='word_1_329' title='bbox 722 2222 956 2255; x_wconf 75' lang='lat' dir='ltr'>servarentur</span> <span class='ocrx_word' id='word_1_330' title='bbox 977 2220 1214 2263; x_wconf 61' lang='lat' dir='ltr'>(Hmtehebn,</span> <span class='ocrx_word' id='word_1_331' title='bbox 1241 2218 1400 2252; x_wconf 88' lang='lat' dir='ltr'>Concilia</span> <span class='ocrx_word' id='word_1_332' title='bbox 1420 2217 1632 2252; x_wconf 87' lang='lat' dir='ltr'>Germaniae</span> <span class='ocrx_word' id='word_1_333' title='bbox 1650 2217 1681 2251; x_wconf 74' lang='lat' dir='ltr'>V</span> <span class='ocrx_word' id='word_1_334' title='bbox 1687 2218 1718 2251; x_wconf 86' lang='lat' dir='ltr'>ll</span> <span class='ocrx_word' id='word_1_335' title='bbox 1743 2217 1810 2251; x_wconf 78' lang='grc'>370</span> <span class='ocrx_word' id='word_1_336' title='bbox 1837 2217 1917 2251; x_wconf 75' lang='lat'>377.</span> 
     </span>
     <span class='ocr_line' id='line_1_36' title="bbox 151 2275 537 2317; baseline -0.005 -7"><span class='ocrx_word' id='word_1_337' title='bbox 151 2275 356 2310; x_wconf 75' lang='lat' dir='ltr'>Dallzaml.</span> <span class='ocrx_word' id='word_1_338' title='bbox 383 2287 412 2309; x_wconf 89' lang='grc'>0.</span> <span class='ocrx_word' id='word_1_339' title='bbox 440 2275 537 2317; x_wconf 76' lang='grc'>525).</span> 
     </span>
    </p>

    <p class='ocr_par' dir='ltr' id='par_1_8' title="bbox 153 2322 1919 2743">
     <span class='ocr_line' id='line_1_37' title="bbox 270 2322 1916 2371; baseline -0.004 -9"><span class='ocrx_word' id='word_1_340' title='bbox 270 2328 441 2370; x_wconf 70' lang='lat' dir='ltr'>Tradunt,</span> <span class='ocrx_word' id='word_1_341' title='bbox 477 2328 543 2362; x_wconf 89' lang='lat' dir='ltr'>sub</span> <span class='ocrx_word' id='word_1_342' title='bbox 569 2327 663 2361; x_wconf 88' lang='lat' dir='ltr'>idem</span> <span class='ocrx_word' id='word_1_343' title='bbox 697 2329 840 2371; x_wconf 84' lang='lat' dir='ltr'>tempus</span> <span class='ocrx_word' id='word_1_344' title='bbox 866 2326 1034 2360; x_wconf 89' lang='lat' dir='ltr'>Ioannem</span> <span class='ocrx_word' id='word_1_345' title='bbox 1060 2324 1226 2358; x_wconf 84' lang='lat' dir='ltr'>Iacobum</span> <span class='ocrx_word' id='word_1_346' title='bbox 1255 2323 1381 2357; x_wconf 84' lang='lat' dir='ltr'>Khuen</span> <span class='ocrx_word' id='word_1_347' title='bbox 1410 2335 1430 2357; x_wconf 89' lang='lat' dir='ltr'>a</span> <span class='ocrx_word' id='word_1_348' title='bbox 1455 2323 1575 2357; x_wconf 83' lang='lat' dir='ltr'>Belasi</span> <span class='ocrx_word' id='word_1_349' title='bbox 1610 2322 1916 2367; x_wconf 73' lang='lat' dir='ltr'>archiepiscopum</span> 
     </span>
     <span class='ocr_line' id='line_1_38' title="bbox 156 2376 1919 2424; baseline -0.003 -10"><span class='ocrx_word' id='word_1_350' title='bbox 156 2381 460 2424; x_wconf 80' lang='lat' dir='ltr'>salisburgensem</span> <span class='ocrx_word' id='word_1_351' title='bbox 496 2393 516 2414; x_wconf 87' lang='lat' dir='ltr'>a</span> <span class='ocrx_word' id='word_1_352' title='bbox 552 2381 680 2415; x_wconf 84' lang='lat' dir='ltr'>vicinis</span> <span class='ocrx_word' id='word_1_353' title='bbox 716 2380 853 2424; x_wconf 87' lang='lat' dir='ltr'>aliquot</span> <span class='ocrx_word' id='word_1_354' title='bbox 886 2379 1126 2424; x_wconf 80' lang='lat' dir='ltr'>principibus,</span> <span class='ocrx_word' id='word_1_355' title='bbox 1164 2380 1205 2411; x_wconf 92' lang='lat' dir='ltr'>ut</span> <span class='ocrx_word' id='word_1_356' title='bbox 1238 2377 1404 2411; x_wconf 86' lang='lat' dir='ltr'>fidelibus</span> <span class='ocrx_word' id='word_1_357' title='bbox 1437 2377 1622 2410; x_wconf 87' lang='lat' dir='ltr'>meliorem</span> <span class='ocrx_word' id='word_1_358' title='bbox 1660 2376 1919 2410; x_wconf 85' lang='lat' dir='ltr'>institutionem</span> 
     </span>
     <span class='ocr_line' id='line_1_39' title="bbox 153 2429 1918 2479; baseline -0.003 -11"><span class='ocrx_word' id='word_1_359' title='bbox 153 2434 383 2468; x_wconf 81' lang='lat' dir='ltr'>christianam</span> <span class='ocrx_word' id='word_1_360' title='bbox 421 2434 635 2479; x_wconf 76' lang='lat' dir='ltr'>provideret,</span> <span class='ocrx_word' id='word_1_361' title='bbox 670 2437 846 2477; x_wconf 85' lang='lat' dir='ltr'>rogatum,</span> <span class='ocrx_word' id='word_1_362' title='bbox 883 2444 963 2467; x_wconf 89' lang='lat' dir='ltr'>cnm</span> <span class='ocrx_word' id='word_1_363' title='bbox 999 2430 1176 2476; x_wconf 86' lang='lat' dir='ltr'>episcopis</span> <span class='ocrx_word' id='word_1_364' title='bbox 1210 2430 1422 2474; x_wconf 86' lang='lat' dir='ltr'>quibusdam</span> <span class='ocrx_word' id='word_1_365' title='bbox 1458 2430 1598 2471; x_wconf 85' lang='lat' dir='ltr'>vicinis,</span> <span class='ocrx_word' id='word_1_366' title='bbox 1632 2429 1805 2474; x_wconf 88' lang='lat' dir='ltr'>imprimis</span> <span class='ocrx_word' id='word_1_367' title='bbox 1838 2440 1918 2463; x_wconf 88' lang='lat' dir='ltr'>cum</span> 
     </span>
     <span class='ocr_line' id='line_1_40' title="bbox 153 2481 1917 2532; baseline -0.003 -11"><span class='ocrx_word' id='word_1_368' title='bbox 153 2487 378 2532; x_wconf 81' lang='lat' dir='ltr'>passaviensi</span> <span class='ocrx_word' id='word_1_369' title='bbox 408 2488 567 2530; x_wconf 83' lang='lat' dir='ltr'>(Urbano</span> <span class='ocrx_word' id='word_1_370' title='bbox 594 2499 614 2521; x_wconf 89' lang='lat' dir='ltr'>a</span> <span class='ocrx_word' id='word_1_371' title='bbox 640 2487 869 2527; x_wconf 85' lang='lat' dir='ltr'>Trennbach)</span> <span class='ocrx_word' id='word_1_372' title='bbox 907 2488 943 2519; x_wconf 88' lang='lat' dir='ltr'>et</span> <span class='ocrx_word' id='word_1_373' title='bbox 978 2484 1215 2519; x_wconf 87' lang='lat' dir='ltr'>ratisbonensi</span> <span class='ocrx_word' id='word_1_374' title='bbox 1247 2483 1401 2526; x_wconf 86' lang='lat' dir='ltr'>(Davide</span> <span class='ocrx_word' id='word_1_375' title='bbox 1427 2482 1628 2526; x_wconf 74' lang='lat' dir='ltr'>Kolderer),</span> <span class='ocrx_word' id='word_1_376' title='bbox 1664 2481 1813 2516; x_wconf 85' lang='lat' dir='ltr'>consilia</span> <span class='ocrx_word' id='word_1_377' title='bbox 1839 2493 1917 2516; x_wconf 86' lang='lat' dir='ltr'>con-</span> 
     </span>
     <span class='ocr_line' id='line_1_41' title="bbox 154 2535 1918 2585; baseline -0.003 -12"><span class='ocrx_word' id='word_1_378' title='bbox 154 2540 281 2574; x_wconf 87' lang='lat' dir='ltr'>tulisse</span> <span class='ocrx_word' id='word_1_379' title='bbox 308 2542 343 2574; x_wconf 88' lang='lat' dir='ltr'>et</span> <span class='ocrx_word' id='word_1_380' title='bbox 368 2540 415 2581; x_wconf 82' lang='lat' dir='ltr'>id,</span> <span class='ocrx_word' id='word_1_381' title='bbox 451 2543 593 2585; x_wconf 91' lang='lat' dir='ltr'>praeter</span> <span class='ocrx_word' id='word_1_382' title='bbox 619 2540 699 2581; x_wconf 78' lang='lat' dir='ltr'>alia,</span> <span class='ocrx_word' id='word_1_383' title='bbox 737 2539 978 2580; x_wconf 86' lang='lat' dir='ltr'>constituisse,</span> <span class='ocrx_word' id='word_1_384' title='bbox 1013 2541 1053 2571; x_wconf 93' lang='lat' dir='ltr'>ut</span> <span class='ocrx_word' id='word_1_385' title='bbox 1078 2538 1236 2582; x_wconf 90' lang='lat' dir='ltr'>ipsorum</span> <span class='ocrx_word' id='word_1_386' title='bbox 1272 2536 1438 2570; x_wconf 88' lang='lat' dir='ltr'>fidelibus</span> <span class='ocrx_word' id='word_1_387' title='bbox 1470 2535 1667 2569; x_wconf 87' lang='lat' dir='ltr'>communis</span> <span class='ocrx_word' id='word_1_388' title='bbox 1702 2537 1799 2569; x_wconf 88' lang='lat' dir='ltr'>esset</span> <span class='ocrx_word' id='word_1_389' title='bbox 1825 2537 1918 2568; x_wconf 87' lang='lat' dir='ltr'>cate-</span> 
     </span>
     <span class='ocr_line' id='line_1_42' title="bbox 155 2588 1917 2635; baseline -0.003 -9"><span class='ocrx_word' id='word_1_390' title='bbox 155 2593 452 2627; x_wconf 63' lang='grc'>0111511111501111101·</span> <span class='ocrx_word' id='word_1_391' title='bbox 479 2594 623 2635; x_wconf 79' lang='lat' dir='ltr'>Canisii,</span> <span class='ocrx_word' id='word_1_392' title='bbox 659 2593 798 2627; x_wconf 84' lang='lat' dir='ltr'>clericis</span> <span class='ocrx_word' id='word_1_393' title='bbox 833 2595 954 2626; x_wconf 90' lang='lat' dir='ltr'>autem</span> <span class='ocrx_word' id='word_1_394' title='bbox 981 2590 1230 2626; x_wconf 87' lang='lat' dir='ltr'>Catechismus</span> <span class='ocrx_word' id='word_1_395' title='bbox 1256 2589 1439 2623; x_wconf 83' lang='lat' dir='ltr'>Romanus</span> <span class='ocrx_word' id='word_1_396' title='bbox 1464 2589 1524 2622; x_wconf 88' lang='lat' dir='ltr'>vel</span> <span class='ocrx_word' id='word_1_397' title='bbox 1560 2589 1635 2623; x_wconf 91' lang='lat' dir='ltr'>eius</span> <span class='ocrx_word' id='word_1_398' title='bbox 1671 2588 1917 2632; x_wconf 88' lang='lat' dir='ltr'>compendium</span> 
     </span>
     <span class='ocr_line' id='line_1_43' title="bbox 155 2641 1918 2691; baseline -0.003 -12"><span class='ocrx_word' id='word_1_399' title='bbox 155 2646 198 2679; x_wconf 88' lang='lat' dir='ltr'>ab</span> <span class='ocrx_word' id='word_1_400' title='bbox 224 2646 339 2680; x_wconf 81' lang='lat' dir='ltr'>Edero</span> <span class='ocrx_word' id='word_1_401' title='bbox 365 2646 538 2691; x_wconf 89' lang='lat' dir='ltr'>scriptum</span> <span class='ocrx_word' id='word_1_402' title='bbox 566 2647 755 2689; x_wconf 67' lang='lat' dir='ltr'>(Matthias</span> <span class='ocrx_word' id='word_1_403' title='bbox 779 2647 961 2689; x_wconf 74' lang='lat' dir='ltr'>Rmnpler,</span> <span class='ocrx_word' id='word_1_404' title='bbox 994 2643 1211 2678; x_wconf 83' lang='lat' dir='ltr'>Geschichte</span> <span class='ocrx_word' id='word_1_405' title='bbox 1241 2642 1304 2676; x_wconf 91' lang='lat' dir='ltr'>des</span> <span class='ocrx_word' id='word_1_406' title='bbox 1331 2641 1629 2685; x_wconf 83' lang='lat' dir='ltr'>Salzburg’schen</span> <span class='ocrx_word' id='word_1_407' title='bbox 1657 2641 1918 2676; x_wconf 83' lang='lat' dir='ltr'>Schulwesens.</span> 
     </span>
     <span class='ocr_line' id='line_1_44' title="bbox 155 2694 1752 2743; baseline -0.003 -11"><span class='ocrx_word' id='word_1_408' title='bbox 155 2698 265 2738; x_wconf 77' lang='lat' dir='ltr'>Neue,</span> <span class='ocrx_word' id='word_1_409' title='bbox 291 2700 473 2743; x_wconf 82' lang='lat' dir='ltr'>umgearb.</span> <span class='ocrx_word' id='word_1_410' title='bbox 503 2700 670 2743; x_wconf 85' lang='lat' dir='ltr'>Ausgabe</span> <span class='ocrx_word' id='word_1_411' title='bbox 696 2711 767 2733; x_wconf 86' lang='lat' dir='ltr'>von</span> <span class='ocrx_word' id='word_1_412' title='bbox 792 2700 874 2733; x_wconf 69' lang='grc' dir='ltr'>ι1011.</span> <span class='ocrx_word' id='word_1_413' title='bbox 901 2699 987 2732; x_wconf 64' lang='lat' dir='ltr'>Jalc.</span> <span class='ocrx_word' id='word_1_414' title='bbox 1014 2697 1225 2739; x_wconf 79' lang='lat' dir='ltr'>Ilochmui‘h,</span> <span class='ocrx_word' id='word_1_415' title='bbox 1252 2694 1426 2738; x_wconf 82' lang='lat' dir='ltr'>Salzburg</span> <span class='ocrx_word' id='word_1_416' title='bbox 1454 2694 1555 2735; x_wconf 80' lang='lat'>1832,</span> <span class='ocrx_word' id='word_1_417' title='bbox 1583 2694 1752 2736; x_wconf 74' lang='lat'>55—56).</span> 
     </span>
    </p>
   </div>
   <div class='ocr_carea' id='block_1_7' title="bbox 158 2811 1918 2903">
    <p class='ocr_par' dir='ltr' id='par_1_9' title="bbox 158 2811 1918 2903">
     <span class='ocr_line' id='line_1_45' title="bbox 279 2811 1918 2854; baseline -0.003 -4"><span class='ocrx_word' id='word_1_418' title='bbox 279 2817 289 2836; x_wconf 81' lang='lat'>¹</span> <span class='ocrx_word' id='word_1_419' title='bbox 315 2816 579 2851; x_wconf 85' lang='lat' dir='ltr'>Catechismum</span> <span class='ocrx_word' id='word_1_420' title='bbox 608 2817 756 2852; x_wconf 88' lang='lat' dir='ltr'>Concilii</span> <span class='ocrx_word' id='word_1_421' title='bbox 781 2816 981 2850; x_wconf 85' lang='lat' dir='ltr'>Tridentini</span> <span class='ocrx_word' id='word_1_422' title='bbox 1007 2815 1085 2849; x_wconf 84' lang='lat' dir='ltr'>sive</span> <span class='ocrx_word' id='word_1_423' title='bbox 1111 2815 1320 2854; x_wconf 85' lang='lat' dir='ltr'>Romanum,</span> <span class='ocrx_word' id='word_1_424' title='bbox 1347 2823 1368 2846; x_wconf 84' lang='lat' dir='ltr'>a</span> <span class='ocrx_word' id='word_1_425' title='bbox 1395 2812 1428 2846; x_wconf 81' lang='lat' dir='ltr'>S.</span> <span class='ocrx_word' id='word_1_426' title='bbox 1455 2811 1519 2846; x_wconf 92' lang='lat' dir='ltr'>Pio</span> <span class='ocrx_word' id='word_1_427' title='bbox 1537 2812 1580 2846; x_wconf 77' lang='lat' dir='ltr'>V.</span> <span class='ocrx_word' id='word_1_428' title='bbox 1608 2824 1639 2848; x_wconf 86' lang='lat' dir='ltr'>a.</span> <span class='ocrx_word' id='word_1_429' title='bbox 1669 2812 1758 2847; x_wconf 84' lang='lat'>1566</span> <span class='ocrx_word' id='word_1_430' title='bbox 1784 2811 1918 2845; x_wconf 83' lang='lat' dir='ltr'>Romae</span> 
     </span>
     <span class='ocr_line' id='line_1_46' title="bbox 158 2868 302 2903; baseline 0 -1"><span class='ocrx_word' id='word_1_431' title='bbox 158 2868 302 2903; x_wconf 84' lang='lat' dir='ltr'>editum.</span> 
     </span>
    </p>
   </div>
   <div class='ocr_carea' id='block_1_8' title="bbox 158 2917 1920 3125">
    <p class='ocr_par' dir='ltr' id='par_1_10' title="bbox 158 2917 1920 3125">
     <span class='ocr_line' id='line_1_47' title="bbox 277 2917 1919 2966; baseline -0.002 -11"><span class='ocrx_word' id='word_1_432' title='bbox 277 2922 290 2942; x_wconf 79' lang='lat'>2</span> <span class='ocrx_word' id='word_1_433' title='bbox 316 2921 367 2955; x_wconf 91' lang='lat' dir='ltr'>De</span> <span class='ocrx_word' id='word_1_434' title='bbox 403 2922 630 2957; x_wconf 85' lang='lat' dir='ltr'>catechismis</span> <span class='ocrx_word' id='word_1_435' title='bbox 665 2922 750 2965; x_wconf 80' lang='lat' dir='ltr'>Soti,</span> <span class='ocrx_word' id='word_1_436' title='bbox 786 2922 930 2957; x_wconf 88' lang='lat' dir='ltr'>Ioannis</span> <span class='ocrx_word' id='word_1_437' title='bbox 957 2920 1147 2966; x_wconf 88' lang='lat' dir='ltr'>Gropperi‚</span> <span class='ocrx_word' id='word_1_438' title='bbox 1183 2918 1371 2953; x_wconf 85' lang='lat' dir='ltr'>Michaelis</span> <span class='ocrx_word' id='word_1_439' title='bbox 1406 2917 1564 2962; x_wconf 81' lang='lat' dir='ltr'>Helding</span> <span class='ocrx_word' id='word_1_440' title='bbox 1598 2918 1754 2963; x_wconf 87' lang='lat' dir='ltr'>episcopi</span> <span class='ocrx_word' id='word_1_441' title='bbox 1789 2928 1919 2951; x_wconf 88' lang='lat' dir='ltr'>merse-</span> 
     </span>
     <span class='ocr_line' id='line_1_48' title="bbox 158 2970 1918 3019; baseline -0.002 -11"><span class='ocrx_word' id='word_1_442' title='bbox 158 2974 365 3018; x_wconf 82' lang='lat' dir='ltr'>burgensis,</span> <span class='ocrx_word' id='word_1_443' title='bbox 401 2975 541 3009; x_wconf 89' lang='lat' dir='ltr'>Ioannis</span> <span class='ocrx_word' id='word_1_444' title='bbox 576 2975 835 3019; x_wconf 81' lang='lat' dir='ltr'>Dietenberger</span> <span class='ocrx_word' id='word_1_445' title='bbox 869 2975 910 3010; x_wconf 94' lang='grc' dir='ltr'>Ο.</span> <span class='ocrx_word' id='word_1_446' title='bbox 939 2975 996 3009; x_wconf 91' lang='grc' dir='ltr'>Ρ1·.</span> <span class='ocrx_word' id='word_1_447' title='bbox 1032 2985 1066 3008; x_wconf 78' lang='lat' dir='ltr'>V.</span> <span class='ocrx_word' id='word_1_448' title='bbox 1106 2974 1194 3007; x_wconf 77' lang='lat' dir='ltr'>Can.</span> <span class='ocrx_word' id='word_1_449' title='bbox 1229 2972 1244 3005; x_wconf 87' lang='lat'><em>1</em></span> <span class='ocrx_word' id='word_1_450' title='bbox 1281 2971 1384 3011; x_wconf 81' lang='lat'>205¹;</span> <span class='ocrx_word' id='word_1_451' title='bbox 1425 2970 1475 3004; x_wconf 87' lang='lat' dir='ltr'>lV</span> <span class='ocrx_word' id='word_1_452' title='bbox 1511 2972 1577 3006; x_wconf 70' lang='lat'>851</span> <span class='ocrx_word' id='word_1_453' title='bbox 1618 2971 1726 3012; x_wconf 62' lang='lat'>1024:</span> <span class='ocrx_word' id='word_1_454' title='bbox 1762 2970 1795 3004; x_wconf 78' lang='lat' dir='ltr'><strong>V</strong></span> <span class='ocrx_word' id='word_1_455' title='bbox 1829 2970 1918 3010; x_wconf 55' lang='lat'>82&amp;</span> 
     </span>
     <span class='ocr_line' id='line_1_49' title="bbox 158 3025 1920 3072; baseline -0.002 -12"><span class='ocrx_word' id='word_1_456' title='bbox 158 3027 201 3061; x_wconf 86' lang='lat' dir='ltr'>de</span> <span class='ocrx_word' id='word_1_457' title='bbox 230 3027 454 3062; x_wconf 87' lang='lat' dir='ltr'>Catechismo</span> <span class='ocrx_word' id='word_1_458' title='bbox 480 3028 638 3062; x_wconf 86' lang='lat' dir='ltr'>Romano</span> <span class='ocrx_word' id='word_1_459' title='bbox 674 3040 736 3072; x_wconf 89' lang='lat' dir='ltr'>per</span> <span class='ocrx_word' id='word_1_460' title='bbox 763 3028 955 3071; x_wconf 81' lang='lat' dir='ltr'>Georgium</span> <span class='ocrx_word' id='word_1_461' title='bbox 983 3028 1076 3062; x_wconf 88' lang='lat' dir='ltr'>Eder</span> <span class='ocrx_word' id='word_1_462' title='bbox 1101 3038 1132 3061; x_wconf 90' lang='lat' dir='ltr'>a.</span> <span class='ocrx_word' id='word_1_463' title='bbox 1163 3025 1252 3060; x_wconf 78' lang='lat'>1569</span> <span class='ocrx_word' id='word_1_464' title='bbox 1278 3025 1314 3058; x_wconf 91' lang='lat' dir='ltr'>in</span> <span class='ocrx_word' id='word_1_465' title='bbox 1349 3025 1595 3068; x_wconf 87' lang='lat' dir='ltr'>compendium</span> <span class='ocrx_word' id='word_1_466' title='bbox 1632 3025 1776 3058; x_wconf 84' lang='lat' dir='ltr'>redacto</span> <span class='ocrx_word' id='word_1_467' title='bbox 1811 3034 1920 3068; x_wconf 85' lang='lat' dir='ltr'>supra</span> 
     </span>
     <span class='ocr_line' id='line_1_50' title="bbox 159 3080 314 3125; baseline -0.006 -11"><span class='ocrx_word' id='word_1_468' title='bbox 159 3092 192 3125; x_wconf 89' lang='lat' dir='ltr'>p.</span> <span class='ocrx_word' id='word_1_469' title='bbox 219 3080 314 3115; x_wconf 73' lang='lat'>377⁵.</span> 
     </span>
    </p>
   </div>
  </div>
 </body>
</html>
