2044 3335
753 79 866 114 Roma
895 81 924 114 1.
946 79 1037 115 Iunii
1058 79 1160 114 1568.
1763 81 1845 122 199

196 195 349 238 Borgias
375 194 483 228 huius
510 193 688 238 epistulae
714 194 933 228 mentionem
959 194 1047 228 fecit
1072 194 1107 229 in
1134 193 1268 228 litteris
1286 194 1409 228 eodem
1436 193 1498 227 1110
1517 193 1573 227 die
1594 193 1625 227 1.
1644 193 1734 227 Iunii
1757 193 1848 228 1568

76 249 120 284 ad
146 249 186 283 P.
213 248 474 292 Hieronymum
501 246 669 281 Natalem
697 247 810 287 datis:
848 248 879 281 is
905 247 1035 282 librum
1062 258 1084 281 a
1109 247 1246 281 Moreio
1273 246 1316 280 de
1344 246 1502 280 Eduardi
1527 246 1704 280 Thornaei
1741 258 1761 280 a
1789 245 1849 280 So-

75 302 207 337 cietate
241 302 286 336 ad
312 300 629 334 Lutheranismum
662 301 846 345 apostasia
873 300 1008 334 editum
1038 300 1088 343 (V.
1116 311 1226 344 supra
1253 311 1285 344 p.
1307 299 1390 343 124)
1421 299 1535 333 denuo
1562 299 1667 333 edere
1693 299 1849 340 volebat,

75 356 126 390 ita
152 357 284 394 tamen,
311 356 362 395 ut,
388 353 567 387 Thornaei
594 353 746 387 historia
773 356 809 387 et
836 353 1026 387 Societatis
1052 352 1218 397 apologia
1244 353 1406 394 resectis,
1442 352 1670 397 potissimum
1697 352 1740 386 de
1766 352 1850 386 fidei

75 408 246 443 doctrinis
264 407 503 441 dissereretur
524 406 628 451 (Epp.
649 408 770 440 Nadal
786 407 838 440 III
857 406 1043 441 587—591
1073 406 1170 448 619).
1211 405 1269 440 Sic
1287 406 1400 448 igitur
1418 407 1593 449 Boryias:
1625 405 1787 448 „Quanto
1815 404 1851 439 al

76 464 288 505 restampar,
315 460 400 504 quel
417 460 508 494 libro
527 460 562 494 di
581 460 781 493 Benedetto
799 459 998 503 Moreggio.
1025 459 1278 503 locupletando
1298 461 1366 493 etc.
1384 458 1419 493 al
1438 459 1477 493 P.
1494 459 1637 492 Oanisio
1664 459 1694 492 si
1721 458 1849 500 501100,

76 515 174 550 accio
200 514 279 548 dica
305 513 330 547 il
356 525 421 547 suo
446 524 584 558 parere,
612 514 648 546 et
674 512 707 546 lo
734 514 853 547 scriua
880 524 900 546 a
916 512 958 547 V.
979 511 1032 554 R.‚
1059 511 1186 557 poiche
1213 523 1364 546 conosce
1390 512 1480 546 bene
1506 512 1527 545 l'
1542 511 1683 546 humori
1711 512 1745 546 di
1765 511 1850 546 Ger-

76 569 183 603 mani.
226 567 400 601 Tuttauia
435 578 507 610 qua
542 566 572 600 ci
609 577 744 611 pareua
770 565 886 609 quest'
913 566 1151 608 occupatione
1186 577 1250 610 per
1284 565 1309 598 li
1344 565 1458 599 nostri
1490 576 1579 610 poco
1605 565 1852 607 conueniente,

78 621 175 666 quali
212 632 277 654 con
311 619 338 654 li
370 619 452 654 fatti
479 619 596 653 insino
633 619 761 653 adesso
788 619 907 653 hanno
934 619 1122 653 confutato
1149 617 1209 663 piu
1236 618 1424 652 utilmente
1451 618 1517 652 che
1543 629 1609 652 con
1634 618 1742 652 simili
1770 618 1853 652 libri

76 674 109 709 10
136 673 315 708 calumnie
351 673 394 707 de
420 672 469 716 gl'
487 672 650 706 heretici.
698 671 847 713 Quando
882 672 913 706 si
949 672 1127 705 scriuesse
1163 671 1198 705 di
1233 671 1415 716 proposito
1442 673 1566 705 contro
1602 671 1628 705 11
1654 671 1773 714 dogmi
1809 671 1853 704 de

76 727 125 771 gl'
139 727 301 768 heretici,
319 725 472 761 sarebbe
497 725 555 759 vn’
571 725 664 759 altra
684 726 787 759 cosa“
812 725 850 767 (l.
871 737 900 759 c.
920 725 1020 768 602).
1059 724 1187 768 Itaque
1206 724 1349 758 Natalis
1375 724 1563 759 consilium
1591 724 1680 758 illud
1707 735 1854 768 prorsus

77 781 244 826 deposuit
273 780 311 823 (l.
338 791 368 814 0.
396 779 494 821 619).
545 778 720 812 Memoria
756 781 877 813 autem
913 779 1023 822 digna
1059 780 1153 819 sunt,
1191 789 1283 821 quae
1318 778 1361 812 de
1396 778 1583 822 praeclaro
1619 777 1680 811 illo
1706 777 1853 811 Nicolao

78 834 258 869 Saunders
283 832 488 876 theologiae
514 832 550 866 in
576 831 816 866 universitate
843 831 1045 865 lovaniensi
1071 831 1276 876 professore
1305 830 1366 873 (cf.
1394 832 1481 865 Can.
1502 830 1535 864 V
1553 830 1639 874 238)
1668 830 1707 865 Ρ.
1737 831 1854 864 Fran—

78 889 190 922 ciscus
215 887 380 921 Costerus
405 886 440 920 S.
458 886 491 920 J.
518 885 747 930 praepositus
773 884 981 930 provinciae
1009 883 1222 918 Germaniae
1249 884 1430 918 inferioris
1458 884 1652 918 Cameraco
1679 883 1734 918 30.
1761 883 1855 917 Iunii

81 941 172 976 1568
210 941 255 975 ad
289 939 461 983 Borgiam
496 939 687 973 *rettulitz
727 939 931 983 „Hispanus
967 938 1111 982 quidem
1147 949 1314 971 moraeus
1348 937 1491 972 nomine
1529 936 1689 971 libellum
1729 939 1855 971 contra

78 993 319 1028 Hesshusium
345 1005 409 1038 pro
437 992 617 1026 Societate
644 991 842 1036 scripserat
867 992 904 1025 in
931 992 1136 1036 apostatam
1161 991 1368 1025 Eduardum
1387 991 1555 1034 Anglum,
1582 990 1613 1024 is
1639 991 1724 1034 quia
1751 990 1854 1024 modo

78 1048 191 1089 abest,
227 1046 387 1091 suscepit
414 1046 555 1089 Anglus
591 1045 736 1089 quidam
765 1045 869 1079 Doct:
897 1045 1080 1080 Sanderus
1106 1044 1260 1086 nomine,
1293 1044 1453 1078 officium
1479 1044 1635 1078 tuendae
1662 1044 1855 1078 Societatis

79 1103 204 1136 contra
229 1100 483 1140 Hesshusium,
514 1099 617 1134 cuius
643 1099 805 1133 libellum
832 1099 903 1132 iam
929 1098 1040 1132 habet
1065 1109 1172 1142 quem
1198 1098 1345 1132 Moreus
1371 1110 1441 1132 non
1467 1098 1610 1132 viderat
1635 1109 1716 1132 cum
1743 1097 1779 1132 in
1805 1098 1855 1142 ip-

78 1166 157 1190 sum
184 1154 367 1195 scriberet,
395 1164 500 1198 spero
526 1152 688 1187 libellum
716 1153 773 1186 edi
799 1163 905 1197 posse
931 1152 975 1186 ad
994 1151 1174 1185 nundinas
1192 1151 1530 1185 Francf01·dienses“
1563 1151 1626 1195 (ex
1644 1151 1855 1197 archetypo,

80 1208 218 1243 Costeri
243 1219 353 1242 manu
379 1206 602 1251 subscripto:
631 1206 673 1241 G.
700 1206 764 1250 Ep.
784 1205 832 1239 IX
860 1205 885 1240 f.
905 1203 1021 1249 252b).
1055 1204 1108 1238 Ne
1134 1204 1202 1239 hoc
1229 1205 1373 1249 quidem
1400 1205 1589 1239 consilium
1615 1205 1661 1239 ad
1687 1205 1855 1239 effectum

79 1262 272 1297 deductum
300 1272 380 1295 esse
402 1260 566 1301 videtur3
595 1271 711 1303 neque
738 1259 833 1293 enim
859 1259 1034 1293 eiusmodi
1060 1258 1236 1303 scriptum
1263 1258 1299 1292 in
1324 1258 1474 1292 Sanderi
1500 1258 1601 1293 libris
1628 1262 1823 1303 comparet.

199 1314 300 1356 Quod
335 1316 455 1348 autem
487 1313 618 1347 attinet
644 1313 689 1347 ad
716 1313 756 1346 P.
783 1312 964 1346 Francisci
992 1311 1159 1345 Turriani
1187 1311 1222 1346 S.
1241 1312 1274 1346 J.
1306 1312 1379 1354 „De
1406 1311 1650 1346 Hierarchicis
1677 1311 1858 1346 Ordinati-

80 1368 224 1403 onibus“
248 1367 433 1412 scriptum,
461 1367 555 1411 quod
575 1367 742 1402 Canisius
760 1366 796 1399 111
816 1366 1047 1401 Germaniam
1066 1365 1283 1406 inferiorem,
1308 1367 1348 1400 ut
1366 1365 1589 1410 Antverpiae
1608 1366 1858 1411 excuderetur,

79 1423 231 1456 miserat
259 1422 384 1466 (supra
410 1433 443 1466 p.
472 1420 545 1465 23),
571 1420 639 1454 hoc
666 1419 854 1454 consilium
882 1419 926 1453 ad
954 1419 1095 1453 irritum
1114 1419 1298 1453 redactum
1320 1421 1394 1460 est;
1421 1430 1538 1463 neque
1557 1419 1651 1453 enim
1677 1419 1713 1452 in
1731 1419 1858 1462 Belgio

82 1475 132 1519 (id
160 1475 255 1519 quod
281 1474 424 1509 Natalis
459 1474 572 1508 semel
599 1476 709 1518 atque
737 1473 867 1507 iterum
895 1473 1081 1512 monebat;
1120 1484 1155 1507 v.
1182 1472 1272 1517 Epp.
1300 1473 1424 1506 Nadaz
1449 1472 1501 1506 ΠΙ
1528 1473 1597 1508 569
1624 1472 1710 1516 592)
1746 1473 1859 1516 magi-

80 1531 218 1564 stratus
243 1528 335 1572 regii
361 1528 475 1562 ullum
502 1529 580 1562 eius
606 1527 751 1570 generis
777 1527 909 1561 librum
935 1526 1034 1571 typis
1054 1526 1211 1560 exscribi
1230 1526 1471 1571 patiebantur,
1498 1526 1567 1560 nisi
1595 1526 1638 1560 ab
1666 1526 1786 1570 aliquo
1812 1538 1859 1560 ex

79 1582 331 1617 universitatis
356 1581 578 1616 lovaniensis
605 1581 811 1615 doctoribus
836 1579 1016 1623 theologis
1042 1579 1263 1624 approbatus
1283 1582 1390 1614 esset.
1430 1580 1476 1613 Hi
1496 1579 1688 1614 Societatis
1715 1580 1859 1624 quidem

80 1636 284 1671 hominibus
323 1635 517 1669 benevolos
556 1637 593 1669 et
630 1634 766 1669 amicos
805 1646 844 1668 se
883 1636 1069 1678 praestare
1108 1633 1273 1668 solebant
1310 1632 1348 1676 (l.
1386 1644 1415 1667 c.
1451 1634 1502 1667 III
1538 1634 1637 1678 569).
1686 1634 1860 1668 Attamen

81 1690 120 1724 P.
140 1691 360 1724 Francisczcs
382 1689 546 1723 Costerus
566 1688 782 1723 Germaniae
809 1687 990 1721 inferioris
1017 1687 1245 1732 praepositus
1266 1686 1501 1731 provincialis
1519 1686 1679 1721 Lovanio
1698 1687 1753 1722 20.
1772 1687 1859 1721 Maii

83 1743 175 1777 1568
211 1742 365 1786 Borgiae
392 1742 586 1787 *scripsitz
623 1742 668 1776 Se
706 1743 807 1776 iussu
844 1741 885 1775 P.
920 1740 1064 1775 Natalis
1098 1740 1230 1774 librum
1257 1740 1425 1774 Turriani
1460 1741 1587 1774 Iodoco
1617 1740 1859 1785 (Ravesteyn)

81 1795 247 1830 Tiletano
266 1796 452 1830 doctorum
480 1795 742 1830 lovaniensium
767 1794 938 1837 ,,5001011*ι
961 1796 998 1828 et
1019 1793 1205 1837 „Cornelio
1225 1793 1414 1828 Jensenio“
1440 1793 1634 1837 (Iansenio,
1657 1793 1861 1837 „seniori“),

81 1849 271 1893 designato
298 1850 465 1894 episcopo
493 1849 730 1892 gandavensi,
766 1847 1096 1891 recognoscendum
1123 1847 1338 1888 tradidisse;
1374 1847 1437 1882 sed
1463 1848 1541 1881 tum
1567 1847 1624 1882 his
1649 1850 1727 1881 tum
1753 1847 1861 1882 tertio

83 1903 223 1937 cuidam
258 1902 426 1946 theologo
465 1902 687 1946 (Sandero‘?)
726 1902 857 1936 librum
894 1901 1085 1946 displicere
1123 1912 1240 1945 neque
1275 1901 1375 1946 typis
1414 1900 1691 1935 exscribendum
1726 1901 1862 1942 videri;

83 1968 163 1991 eum
189 1956 303 1999 igitur
328 1958 365 1990 in
383 1956 510 2000 Belgio
536 1956 682 2000 vulgari
708 1968 777 1990 non
804 1967 930 2000 posse;
958 1955 1110 1989 suadere
1136 1966 1186 1995 se,
1217 1956 1279 1997 „vt
1304 1954 1512 1988 remittatur
1537 1954 1581 1989 ad
1606 1954 1646 1989 P.
1666 1954 1861 1996 Canisium,

83 2012 124 2045 vt
158 2009 232 2044 illic
267 2010 344 2044 sine
379 2010 436 2044 his
473 2009 655 2055 scrupulis
691 2009 807 2054 possit
842 2009 1020 2054 imprimi“
1062 2008 1123 2051 (ex
1158 2008 1368 2053 archetypo,
1404 2020 1424 2041 a
1452 2008 1602 2042 Costero
1634 2008 1861 2052 subscript03

83 2064 126 2099 G.
153 2064 219 2109 Ep.
246 2063 297 2098 IX
324 2064 347 2098 f.
377 2063 491 2107 2642).
538 2063 673 2098 Eadem
699 2064 843 2097 Natalis
870 2063 994 2097 eodem
1022 2063 1078 2096 die
1105 2062 1150 2096 ad
1176 2062 1349 2104 Borgiam
1376 2061 1538 2102 rettulit;
1574 2073 1613 2096 se
1640 2062 1754 2096 denuo
1781 2073 1862 2095 cum

83 2117 259 2157 Iansenio,
291 2117 377 2160 „che
404 2120 422 2151 e
446 2117 471 2151 il
489 2117 551 2162 piu
569 2116 712 2159 facile“‚
740 2119 925 2157 acturum;
953 2116 1016 2150 sed
1045 2117 1143 2150 certe
1169 2127 1319 2149 necesse
1345 2115 1433 2157 fore,
1460 2115 1576 2149 multa
1603 2127 1648 2149 ex
1676 2115 1860 2149 doctorum

82 2171 226 2206 illorum
261 2170 442 2205 sententia
477 2170 769 2204 immutarentur.
824 2170 958 2213 „Resta
995 2169 1061 2204 che
1097 2169 1133 2203 la
1158 2169 1199 2204 P.
1226 2169 1271 2203 V.
1297 2169 1420 2203 scriua
1454 2168 1488 2202 al
1515 2169 1554 2203 P.
1583 2168 1736 2209 Canisio,
1773 2180 1792 2202 0
1828 2168 1863 2203 al

83 2224 123 2259 P.
151 2225 307 2258 Antonio
333 2223 462 2265 Vinch,
490 2224 589 2258 accio
615 2224 649 2258 lo
676 2223 816 2258 faccino
843 2225 1027 2268 stampare
1054 2224 1091 2257 in
1117 2234 1189 2256 vna
1216 2222 1251 2256 di
1278 2222 1397 2266 quelle
1423 2222 1649 2267 prouincie“;
1687 2221 1780 2255 hanc
1805 2233 1863 2256 ra-

82 2278 216 2312 tionem
251 2278 321 2312 sibi
356 2277 514 2312 maxime
550 2277 713 2323 probari;
750 2277 881 2311 librum
918 2279 1001 2311 ante
1036 2276 1209 2311 librorum
1249 2275 1429 2310 nundinas
1464 2275 1693 2309 autumnales
1733 2275 1862 2310 excudi

83 2343 199 2377 posse,
239 2331 410 2373 „facendo
437 2331 480 2366 V.
508 2331 548 2365 P.
586 2330 651 2365 che
685 2331 716 2365 si
752 2331 872 2365 scriua
908 2342 929 2364 a
953 2330 1029 2365 loro
1057 2341 1123 2364 con
1150 2329 1349 2373 diligentia,
1385 2331 1422 2363 et
1448 2328 1699 2372 ordinandogli
1734 2328 1799 2363 che
1829 2328 1863 2362 10

83 2385 243 2420 saccino:
271 2385 406 2429 alioqui
433 2384 555 2419 dubito
583 2396 621 2419 se
648 2384 682 2419 lo
709 2385 880 2419 faranno“
913 2383 1019 2429 (Epp.
1047 2384 1171 2418 Nadal
1197 2383 1249 2417 III
1275 2382 1495 2426 599—600).
1539 2382 1692 2425 Borgias
1717 2382 1864 2416 tandem

85 2439 117 2473 d.
145 2440 177 2473 5.
205 2438 297 2479 Iulii,
335 2438 457 2472 audito
487 2457 528 2462 —
556 2437 590 2472 id
627 2438 775 2472 dubium
811 2449 891 2472 esse
917 2438 981 2472 vix
1008 2439 1130 2482 potest
1155 2455 1201 2460 -
1228 2436 1373 2471 Canisio
1409 2436 1466 2470 die
1502 2435 1558 2470 20.
1585 2435 1679 2469 Iunii
1713 2435 1865 2469 Romam

84 2492 247 2533 advecto,
274 2492 473 2534 constituit,
501 2493 542 2526 ut
567 2491 658 2526 liber
684 2503 765 2526 cum
793 2491 958 2526 omnibus
984 2493 1060 2525 tum
1085 2490 1280 2531 Sociorum,
1307 2491 1383 2523 tum
1410 2489 1657 2534 professorum
1682 2488 1866 2523 lovanien-

84 2546 177 2580 sium
204 2545 367 2579 censuris
393 2545 429 2579 in
457 2544 688 2580 Germaniam
716 2545 937 2589 superiorem
965 2547 1001 2579 et
1026 2543 1109 2578 inde
1137 2543 1286 2578 Romam
1312 2543 1529 2584 mitteretur,
1570 2542 1631 2576 ubi
1657 2544 1784 2576 auctor
1809 2543 1867 2576 de-

85 2599 211 2642 gebat:
249 2599 310 2643 qui
345 2598 376 2633 si
411 2598 455 2632 ad
483 2609 656 2632 censuras
692 2598 773 2632 illas
799 2609 839 2632 se
866 2598 1138 2632 accommodare
1165 2597 1288 2638 vellet,
1328 2596 1459 2630 librum
1488 2596 1619 2630 excudi
1645 2607 1772 2640 posse;
1808 2596 1865 2630 sin

85 2655 205 2687 autem
232 2651 355 2694 nollet,
381 2663 463 2686 eum
490 2663 569 2686 esse
596 2652 816 2686 reiciendum
846 2651 886 2695 (1.
913 2663 943 2686 0.
971 2651 1070 2695 616).

205 2705 349 2740 Canisio
375 2717 447 2740 una
474 2717 555 2739 cum
581 2705 638 2740 his
665 2705 800 2739 litteris
825 2706 977 2739 missum
1007 2707 1074 2745 est,
1110 2706 1150 2738 ut
1186 2715 1232 2738 ex
1257 2703 1372 2738 *Cod.
1404 2702 1526 2745 „Def.“
1559 2701 1656 2745 (Diu.
1683 2702 1795 2743 ordd.‚
1831 2703 1867 2737 in

85 2770 116 2793 a.
134 2759 241 2803 1568)
269 2759 504 2803 intellegitur,
532 2759 739 2803 exemplum
767 2759 897 2792 Brevis
924 2759 1039 2792 Roma
1065 2757 1121 2792 21.
1149 2757 1237 2791 Maii
1259 2756 1349 2791 1568
1376 2756 1421 2790 ad
1448 2755 1673 2790 Salentinum
1699 2756 1744 2790 ab
1772 2756 1867 2791 Isen-

86 2812 178 2856 burg
195 2812 505 2857 archiepiscopum
524 2812 766 2846 coloniensem
793 2814 829 2846 et
846 2811 987 2856 imperii
1005 2811 1205 2856 principem
1225 2809 1421 2844 electorem
1439 2810 1514 2844 dati
1530 2811 1551 2850 ¹,
1577 2821 1647 2854 quo
1666 2810 1703 2844 S.
1723 2810 1812 2844 Pius
1830 2812 1867 2844 V.

86 2865 305 2900 Societatem
331 2866 414 2900 Iesu
448 2866 600 2900 summis
632 2865 800 2900 laudibus
827 2864 1027 2899 extollebat
1065 2867 1102 2898 et
1127 2864 1354 2898 Salentinum
1380 2863 1606 2904 hortabatur,
1641 2864 1682 2897 ut
1707 2864 1867 2898 eiusdem

86 2919 279 2962 collegium
306 2919 509 2953 coloniense
535 2919 605 2953 sibi
631 2930 739 2963 quam
767 2917 1162 2953 commendatissimum
1189 2917 1358 2958 haberet;
1395 2916 1513 2950 Breve
1540 2916 1729 2960 vulgatum
1765 2919 1822 2951 est
1848 2928 1868 2950 a

87 2973 289 3006 Laderchio
315 2973 336 3007 l.
363 2984 393 3006 c.
420 2972 456 3006 in
483 2983 514 3006 a.
544 2972 635 3006 1568
662 2984 695 3006 n.
726 2972 805 3013 106,
838 2973 1118 3016 Layomarsinio
1145 2970 1181 3004 in
1207 2970 1360 3014 Pogiani
1388 2969 1562 3015 Epistolis
1589 2970 1640 3005 lV
1665 2970 1866 3011 423—426,

212 3080 220 3098 ¹
247 3079 287 3113 In
302 3078 432 3113 Codice
451 3078 571 3121 „Def.“
593 3090 783 3124 perperam
798 3078 940 3121 dicitur,
955 3078 1074 3112 Breve
1093 3078 1138 3112 ad
1157 3077 1350 3112 electorem
1368 3078 1615 3111 treverensem
1635 3077 1758 3111 datum
1778 3088 1868 3111 esse.
