2044 3335
175 84 259 125 340
651 78 751 112 1675.
779 76 944 112 Canisius
970 76 1219 111 Maximiliano
1247 77 1289 111 de
1316 77 1452 121 Ilsung.

174 228 322 265 1675.
399 227 614 263 CANISIUS
644 224 1125 262 MAXIMILIANO
1154 225 1244 262 DE
1272 226 1524 263 lLSUNG
1550 227 1701 273 patricio
1727 229 1929 271 augustano

361 282 395 315 in
422 281 503 315 aula
530 280 768 314 Maximiliani
794 280 838 314 ΙΙ.
865 279 1093 324 imperatoris
1120 281 1292 315 versanti.
1498 314 1501 320 ,

1428 335 1593 376 Augusta
1620 334 1651 367 7.
1672 332 1751 367 Iulii
1780 333 1881 367 1569.

290 410 344 443 Ex
371 408 576 453 apographo
602 408 749 448 recenti,
776 419 887 451 eoque
914 407 979 441 sub
1006 419 1037 441 a.
1060 408 1149 443 1890
1176 420 1195 442 a
1222 409 1263 443 R.
1290 409 1330 443 P.
1357 409 1539 443 Bernardo
1566 408 1666 442 Duhr
1691 409 1822 443 collato
1848 421 1926 443 cum

170 463 404 507 autographo,
447 462 540 506 quod
582 463 703 495 exstat
729 461 961 495 vindobonae
1003 461 1037 494 in
1080 461 1295 496 bibliotheca
1337 463 1507 507 palatina,
1551 462 1929 506 Autogr.-Sam1nlung

170 515 321 550 XXXVI
347 516 404 549 47.
456 514 641 559 Epistulae
667 514 813 548 brevem
840 525 1015 547 summam
1044 514 1162 558 posuit
1187 516 1288 548 Riess
1313 515 1335 549 l.
1363 528 1392 550 c.
1420 526 1483 549 xx.

288 605 478 643 Praefatio
504 606 670 643 editoris·
715 608 790 649 Quo
825 607 978 647 facilius,
1015 618 1106 651 quae
1140 607 1175 640 in
1210 607 1278 641 hac
1308 607 1464 652 epistula
1499 608 1541 642 de
1576 608 1683 642 rebus
1708 608 1927 642 ulmensibus

170 662 346 702 dicuntur,
374 661 536 704 intellegi
561 662 709 706 possint,
736 661 824 695 haec
850 663 952 694 noto:
992 660 1095 694 Initio
1121 661 1255 694 saeculi
1284 661 1379 695 XVI.
1406 660 1533 695 Ulmae
1562 661 1689 705 (Ulm),
1725 673 1816 705 quae
1842 664 1927 695 tunc

169 717 246 749 erat
272 714 384 749 libera
411 715 548 759 imperii
576 714 661 748 urbs
692 715 799 756 (nunc
825 714 869 747 ad
895 725 1044 757 regnum
1072 714 1428 757 wurttembergicum
1455 714 1638 759 pertinet),
1675 714 1839 748 catholici
1867 713 1927 748 ha-

170 769 302 803 bebant
326 767 607 812 pulcherrimum
632 767 720 802 illud
746 767 919 812 templum
946 766 1148 811 parochiale
1167 767 1301 801 Beatae
1319 767 1454 801 Mariae
1470 767 1629 811 Virginis
1659 768 1766 812 (quod
1785 767 1928 810 „Ulmer

169 821 352 856 Munster“
372 821 530 864 vocant),
550 821 767 855 monasteria
786 820 1030 864 ecclesiasque
1048 819 1211 854 Fratrum
1232 820 1534 862 Praedicator-um,
1554 821 1718 855 Fratrum
1737 821 1926 862 Minorum,

169 874 424 909 Canonicorum
453 874 671 917 regularium
692 873 942 917 S.Augustini‚
969 873 1125 918 hospitia
1143 873 1348 917 sacellaque
1374 876 1449 907 tum
1470 874 1781 908 Benedictinorum
1807 885 1925 907 mona-

167 928 268 962 sterii
294 928 432 971 Augiae
468 927 590 961 divitis
619 927 855 967 (Reichenau)
893 930 929 960 et
963 927 1170 960 monasterii
1197 926 1470 961 Ochsenhusani
1499 927 1811 970 (Ochsenhausen)
1849 930 1925 961 tum

168 981 339 1025 Equitum
364 980 634 1020 teutonicorum,
661 980 878 1014 monasteria
905 979 1042 1024 aliquot
1067 979 1254 1013 mulierum
1282 982 1348 1014 etc.
1385 980 1487 1014 Anno
1513 983 1633 1014 autem
1662 981 1748 1015 1531
1777 983 1926 1014 senatus

167 1034 275 1075 urbis,
311 1045 332 1067 a
358 1034 487 1073 Samio,
513 1033 661 1074 Bucero,
689 1033 974 1078 Oecolampadio,
1010 1032 1156 1066 Blarero
1191 1033 1364 1067 ministris
1390 1033 1614 1077 zwinglianis
1640 1033 1851 1074 concitatus,
1888 1033 1922 1066 in

166 1087 300 1131 templo
327 1087 494 1132 primario
521 1086 651 1120 altaria
677 1087 794 1120 omnia
824 1087 985 1128 (numero
1011 1085 1092 1130 plus
1117 1097 1222 1130 quam
1242 1086 1302 1129 50)
1330 1087 1525 1120 evertenda
1552 1089 1587 1120 et
1613 1086 1746 1120 multas
1772 1088 1923 1128 statuas,

166 1140 310 1175 tabulas
336 1141 462 1184 pictas,
498 1139 568 1173 alia
595 1140 808 1184 praecipuae
835 1139 923 1173 artis
950 1151 1057 1184 opera
1084 1139 1291 1184 diripienda,
1328 1140 1599 1180 conscindenda,
1633 1139 1840 1184 dissipanda
1867 1151 1923 1173 cu-

167 1195 273 1228 ravit.
312 1193 484 1227 Similiter
511 1193 553 1226 de
579 1193 741 1227 ecclesiis
766 1193 1020 1227 monachorum
1047 1195 1167 1226 actum
1185 1196 1258 1233 est;
1286 1204 1396 1236 quare
1414 1192 1637 1226 Dominicani
1656 1204 1789 1233 omnes,
1816 1192 1923 1226 Fran-

166 1247 298 1281 ciscani
325 1258 437 1291 paene
464 1258 587 1280 omnes
614 1258 660 1279 ex
686 1246 772 1280 urbe
799 1246 1044 1280 discesserunt
1071 1246 1300 1288 (Leonardus
1317 1247 1508 1279 Widmann
1527 1245 1561 1289 [†
1583 1245 1697 1290 1557],
1725 1246 1922 1280 Chronicon

165 1300 437 1340 Ratisbonense,
463 1299 497 1333 in
530 1300 613 1341 „Die
634 1299 837 1333 Chroniken
864 1299 926 1332 der
952 1299 1149 1333 deutschen
1168 1299 1311 1333 Stadte“
1330 1299 1405 1339 XV,
1435 1299 1577 1344 Leipzig
1597 1299 1698 1339 1878,
1729 1299 1923 1333 105-106.

169 1355 205 1388 C.
220 1355 282 1387 Th.
296 1355 412 1396 Kee'm,
431 1353 496 1386 Die
514 1351 758 1386 Reformation
777 1353 839 1386 der
854 1352 1084 1387 Reichsstadt
1096 1352 1188 1393 Ulm,
1207 1352 1390 1396 Stuttgart
1408 1353 1507 1393 1851,
1523 1352 1709 1386 236—263
1724 1352 1922 1386 416—419.

166 1408 467 1441 Janssen-Pastor
492 1405 514 1440 l.
542 1418 570 1439 c.
599 1406 651 1439 III
677 1405 763 1425 17-“3
794 1406 1010 1449 244—246).
1062 1407 1163 1439 Anno
1190 1405 1316 1439 deinde
1345 1406 1434 1439 1536
1461 1405 1662 1450 respublica
1689 1417 1733 1439 ex
1760 1404 1923 1448 Zwinglii

166 1461 296 1494 castris
330 1459 373 1493 ad
401 1459 596 1493 Lutherum
623 1459 785 1500 transiit3
823 1462 859 1493 et
885 1471 964 1493 cum
1001 1471 1021 1493 a
1048 1458 1174 1493 Carolo
1192 1459 1234 1493 V.
1262 1459 1476 1503 imperatore
1512 1460 1547 1492 in
1575 1458 1666 1492 bello
1692 1458 1923 1492 smalcaldico

166 1516 202 1547 et
227 1513 262 1547 in
289 1512 444 1547 comitiis
462 1512 675 1555 augustanis
695 1512 962 1555 (1546-1548)
992 1512 1035 1546 ad
1063 1512 1209 1546 missam
1235 1512 1270 1545 in
1297 1511 1430 1556 templo
1458 1512 1626 1556 primario
1652 1511 1922 1546 instaurandam

165 1569 199 1600 et
226 1566 342 1609 legem
366 1565 551 1608 „Interim‘
584 1565 842 1600 observandam
871 1568 994 1600 coacta
1020 1567 1126 1603 esset.
1153 1576 1183 1599 a.
1205 1565 1358 1607 1552l53
1385 1576 1514 1608 magna
1541 1564 1674 1598 civium
1700 1576 1783 1609 pars
1809 1565 1923 1599 denuo

165 1620 481 1654 Lutheranismum
508 1618 675 1664 amplexa
702 1622 771 1660 est,
808 1622 844 1652 et
869 1630 900 1653 a.
923 1620 1013 1653 1554
1048 1631 1068 1653 a
1094 1620 1221 1653 senatu
1248 1620 1303 1652 est
1329 1619 1526 1659 decretum,
1564 1620 1604 1652 ut
1635 1619 1670 1652 in
1696 1618 1828 1662 templo
1855 1619 1923 1663 pri-

166 1672 277 1707 mario
303 1672 422 1706 officia
449 1672 569 1706 divina
596 1671 670 1706 solo
697 1672 767 1706 ritu
794 1672 982 1706 lutherano
1008 1672 1146 1713 fierent,
1174 1671 1326 1706 ecclesia
1352 1683 1438 1705 vero
1465 1671 1640 1705 Minorum
1668 1683 1777 1716 penes
1804 1671 1923 1705 catho-

165 1726 254 1760 licos
280 1727 451 1759 maneret.
502 1727 548 1758 At
574 1724 777 1759 Ludovicus
803 1724 926 1759 Rabus
954 1725 1014 1769 (de
1040 1736 1109 1769 quo
1140 1726 1225 1759 Can.
1244 1724 1277 1758 V
1296 1725 1511 1768 829—830)‚
1547 1727 1737 1768 postquam
1773 1736 1803 1758 a.
1833 1724 1923 1758 1556

167 1778 452 1812 Lutheranorum
479 1777 694 1812 ulmensium
729 1778 1027 1823 superintendens
1054 1778 1301 1823 parochiisque
1328 1781 1471 1812 creatus
1497 1780 1562 1819 est,
1598 1777 1630 1811 id
1659 1778 1826 1811 continuo
1852 1789 1923 1811 mo-

166 1832 253 1866 litus
281 1835 316 1865 et
342 1844 373 1866 a.
392 1832 481 1866 1569
508 1832 651 1865 tandem
679 1833 892 1865 consecutus
911 1834 975 1872 est,
1002 1834 1043 1865 ut
1067 1833 1216 1865 senatus
1242 1831 1402 1875 pecunia,
1430 1842 1500 1875 qua
1525 1831 1730 1864 sacerdotes
1756 1830 1922 1864 catholici

166 1886 472 1924 sustentabantur,
507 1884 680 1919 solvenda
710 1886 744 1918 in
772 1886 953 1929 posterum
979 1885 1213 1929 supersedere
1239 1887 1416 1918 statueret
1451 1887 1486 1917 et
1511 1884 1625 1928 ipsam
1653 1883 1839 1918 ecclesiam
1867 1895 1923 1917 ca-

167 1938 335 1973 tholicam
370 1937 553 1971 clauderet
581 1938 683 1980 (Chr.
711 1939 775 1972 Fr.
802 1950 831 1972 v.
861 1939 992 1982 Stc'ile'n,
1018 1937 1365 1980 Wirtembergische
1401 1936 1618 1971 Geschichte
1644 1936 1704 1978 IV,
1741 1936 1924 1980 Stuttgart

171 1991 412 2031 1870-1873,
440 1991 626 2025 387-389
654 1991 872 2034 756-757).
908 1990 983 2032 Quo
1002 1990 1097 2024 facto
1116 1992 1263 2024 senatus
1290 1990 1386 2035 ipsas
1413 1990 1550 2035 imperii
1577 1990 1676 2033 leges
1701 1992 1824 2035 aperte
1851 1989 1924 2024 vio-

166 2045 283 2085 labat;
311 2055 392 2078 nam
425 2055 530 2088 „pace
556 2043 760 2086 religionis“
790 2055 821 2077 a.
843 2045 932 2078 1555
959 2044 1052 2078 inter
1079 2043 1282 2078 Catholicos
1309 2046 1344 2077 et
1371 2043 1594 2077 Lutheranos
1613 2046 1798 2085 Augustae
1824 2043 1923 2084 inita,

168 2098 290 2132 eodem
317 2109 408 2131 anno
435 2098 471 2130 in
493 2098 677 2139 „recessu“
709 2097 930 2131 comitiorum
957 2096 1196 2141 promulgata,
1224 2096 1327 2130 annis
1356 2097 1456 2138 1557,
1478 2097 1578 2138 1559,
1600 2097 1689 2131 1566
1715 2096 1750 2129 in
1776 2096 1922 2130 recessi-

167 2152 233 2186 bus
268 2150 410 2184 illorum
446 2150 668 2184 comitiorum
695 2150 905 2184 confirmata
940 2150 974 2183 id
1011 2150 1127 2194 planis
1153 2150 1273 2183 verbis
1309 2150 1486 2184 sancitum
1514 2154 1601 2191 erat,
1636 2152 1677 2183 ut
1707 2149 1742 2183 in
1777 2149 1924 2183 urbibus

166 2205 288 2238 liberis
323 2203 472 2248 imperii,
508 2203 543 2236 in
578 2203 707 2246 quibus
733 2205 885 2247 utraque
911 2203 1038 2246 religio
1073 2203 1117 2237 ab
1153 2203 1271 2247 aliquo
1297 2204 1457 2247 tempore
1484 2202 1634 2246 vigeret,
1671 2203 1707 2236 in
1743 2204 1923 2246 posterum

168 2268 308 2302 quoque
334 2259 486 2300 utraque
513 2256 700 2290 incolumis
726 2258 953 2300 permaneret
977 2268 1069 2290 neve
1095 2268 1166 2290 una
1194 2268 1275 2300 pars
1302 2256 1453 2290 alteram
1480 2268 1521 2290 ea
1554 2256 1589 2289 in
1615 2268 1652 2289 re
1679 2255 1839 2289 turbaret
1866 2255 1924 2288 vel

168 2311 356 2355 impediret
397 2309 478 2351 (art.
507 2310 561 2347 14.
601 2310 635 2342 in
676 2309 863 2353 „Beitrage
902 2321 964 2343 zur
1002 2309 1346 2353 R-eichsgeschichte
1387 2310 1475 2344 1553
1513 2309 1568 2343 bis
1597 2309 1696 2349 1555,
1735 2320 1804 2341 von
1831 2311 1922 2351 Any.

169 2365 323 2407 Druffel,
360 2365 507 2406 erganzt
542 2363 614 2396 und
649 2362 848 2396 bearbeitet
874 2374 943 2396 von
970 2364 1067 2397 Karl
1093 2362 1271 2407 Brandi“,
1299 2363 1475 2397 Mtinchen
1506 2362 1607 2403 1896,
1641 2362 1738 2405 743).
1789 2361 1924 2395 Idcirco

169 2417 438 2451 Maximilianus
458 2416 499 2450 ΙΙ.
528 2416 722 2460 imperator
748 2419 911 2450 senatum
937 2416 1134 2450 ulmensem
1154 2428 1280 2450 severe
1298 2416 1528 2460 reprehendit
1549 2416 1665 2458 (Albr.
1682 2416 1924 2458 U⁷eyermmm,

168 2470 409 2504 Nachrichten
430 2481 500 2502 von
520 2469 725 2509 Gelehrten,
744 2469 941 2503 Kiinstlern
968 2470 1038 2503 und
1058 2470 1192 2503 andern
1211 2469 1500 2512 merkwtirdigen
1519 2469 1699 2502 Personen
1719 2479 1784 2502 aus
1798 2468 1880 2501 Ulm
1900 2468 1924 2509 Ι,

170 2523 250 2556 Ulm
282 2522 382 2562 1798,
409 2523 507 2564 429).
557 2522 683 2566 Neque
709 2525 829 2556 tamen
857 2522 946 2556 Rabi
973 2523 1093 2556 studia
1119 2523 1339 2557 deferbuere.
1390 2524 1492 2556 Anno
1522 2522 1612 2556 1576
1638 2521 1854 2555 Ratisbonae
1889 2521 1922 2554 in

171 2575 325 2609 comitiis
360 2575 496 2619 imperii
525 2575 692 2609 catholici
719 2575 861 2609 ordines
887 2576 1006 2619 questi
1033 2579 1136 2610 sunt:
1172 2576 1227 2609 Ab
1254 2575 1485 2609 Ulmensibus
1520 2574 1703 2609 contiones
1729 2573 1924 2608 catholicas

170 2628 369 2672 prohibitas
397 2639 494 2668 esse;
522 2628 664 2662 eosdem
690 2629 859 2662 mandata
878 2640 1056 2667 caesarea,
1083 2629 1212 2672 quibus
1230 2640 1335 2662 usum
1352 2630 1656 2662 sacramentorum
1676 2627 1923 2660 caerimonias-

172 2692 238 2724 que
265 2680 450 2714 catholicis
476 2681 667 2715 restituere
693 2681 804 2715 semel
831 2684 938 2725 atque
964 2681 1094 2716 iterum
1121 2682 1208 2716 iussi
1236 2683 1366 2721 essent,
1402 2681 1592 2723 neglegere
1619 2682 1726 2723 atque
1752 2680 1859 2713 immo
1889 2680 1924 2713 in

171 2733 364 2766 catholicos
390 2733 599 2776 religionem
634 2746 735 2768 suam
763 2737 972 2769 exercentes
999 2735 1170 2778 gravibus
1205 2734 1328 2768 multis
1358 2734 1509 2778 aliisque
1535 2733 1732 2767 rationibus
1767 2733 1923 2766 animad-

171 2789 330 2824 vertere;
367 2785 402 2819 in
430 2786 530 2819 domo
557 2793 676 2820 autem
703 2788 883 2821 teutonica
909 2787 1131 2822 sacerdotem
1166 2790 1249 2821 ante
1275 2788 1388 2821 altare
1414 2798 1516 2821 sacra
1544 2790 1644 2820 veste
1677 2786 1832 2829 (casula)
1866 2797 1924 2819 ex-

171 2842 270 2872 utum
307 2841 342 2871 et
377 2850 438 2882 per
464 2840 541 2872 vias
577 2840 738 2883 publicas
773 2841 1035 2875 in·custodiam
1061 2841 1207 2874 ductum
1234 2852 1313 2874 esse
1341 2840 1491 2883 (Franc.
1519 2841 1759 2883 Burylfardns
1783 2839 1922 2881 [Andr.

172 2892 455 2934 Erstenberyerfi
491 2891 541 2924 De
578 2894 800 2935 Autonomia,
837 2893 1016 2928 Miinchen
1045 2894 1146 2935 1593,
1183 2894 1207 2928 f.
1235 2893 1307 2928 95¹³.
1361 2893 1490 2927 Christ.
1517 2894 1714 2936 Lehmann,
1750 2892 1801 2926 De
1835 2904 1923 2937 pace

171 2944 367 2987 Religionis
395 2945 484 2977 Acta
510 2944 651 2987 publica
678 2946 703 2985 I,
730 2946 948 2980 Franckfurt
974 2958 1031 2980 am
1058 2947 1166 2991 Mayn
1190 2947 1289 2987 1707,
1318 2947 1531 2990 165—166).
1574 2949 1677 2981 Anno
1706 2946 1794 2981 1596
1821 2957 1923 2980 sacra

172 2996 347 3030 catholica
382 2996 507 3030 Ulmae
547 2997 683 3031 duobus
726 2998 813 3032 locis
848 3000 1000 3034 fiebant:
1044 2999 1080 3033 in
1120 2999 1335 3034 monasterio
1369 3000 1551 3043 wengensi
1586 3000 1747 3043 (Kloster
1780 3011 1822 3033 zu
1856 2999 1923 3033 den

172 3049 364 3093 lVengen),
401 3048 492 3092 quod
529 3052 605 3082 erat
641 3051 890 3085 canonicorum
917 3053 1274 3096 Augustinianorum,
1311 3054 1346 3086 et
1380 3053 1417 3086 in
1452 3053 1554 3086 domo
1581 3053 1713 3087 ordinis
1739 3052 1923 3086 Teutonici
