2044 3335
828 102 884 136 28.
904 102 1025 136 Martii
1052 103 1154 137 1568.
1778 103 1867 143 ’551

107 217 189 272 ipsi
223 232 370 260 secum
402 218 648 272 exemplum
689 219 837 273 populi
876 219 919 260 in
958 219 1038 261 hoc
1070 218 1332 273 Euangelio,
1376 218 1545 271 qualem
1588 219 1632 259 et
1664 220 1871 270 quantam

108 283 296 336 gratiam
349 286 394 326 et
439 283 781 325 benedictionem
835 285 1084 338 acceperint
1136 298 1191 326 ex
1238 298 1315 325 sua
1363 282 1607 325 obedientia
1653 280 1872 336 discipulis

107 347 333 402 praestita,
368 351 413 390 et
445 362 572 401 quam
606 348 723 390 laete
755 348 944 391 uixerint
977 363 1032 390 ex
1063 363 1147 390 uno
1180 362 1293 402 pane
1325 348 1550 390 benedicto
1584 361 1679 389 cum
1711 360 1873 400 magna

107 415 152 455 et
184 412 399 455 communi
432 413 739 456 consolatione.

226 477 428 530 Cogitent
460 491 515 519 ex
538 478 734 528 aduerso,
770 492 898 531 quam
921 478 1034 520 male
1066 478 1150 520 illis
1183 492 1354 532 semper
1375 477 1593 527 acciderit,
1629 479 1673 519 et
1702 476 1872 529 qualem

107 542 215 584 iram
249 542 329 584 Dei
370 543 609 593 senserint,
656 543 727 596 qui
760 542 937 585 fuerunt
969 543 1154 585 rebelles
1186 543 1514 597 superioribusn,
1562 545 1606 584 et
1647 541 1874 595 spirituale

107 606 300 660 regimen
333 608 657 662 perturbarunt.
721 608 861 650 Maria
903 622 1026 650 soror
1057 608 1199 662 Moysi
1241 607 1341 660 quia
1382 607 1690 656 murmurauit,
1733 620 1874 648 nonne

107 672 229 726 lepra
251 672 495 726 percussab,
530 673 806 727 Separata
830 674 852 715 7
878 673 1116 714 diebus⁰l
1139 673 1317 716 Numer.
1344 674 1437 722 122,
1473 674 1516 714 29
1541 672 1660 721 Core,
1685 670 1872 721 Dathan,

107 737 287 791 Abyron
311 752 336 780 a
367 740 524 780 terra
557 737 837 787 deuorati,
873 738 1288 779 descenderunt
1320 737 1435 778 uiui
1466 736 1519 778 in
1551 736 1874 786 infernum3,

108 802 209 855 quia
231 803 589 846 contradicebant
611 803 759 844 Aaron
782 806 826 846 et
848 803 990 856 Moysi
1002 804 1030 846 4.
1076 805 1120 845 39
1150 801 1261 844 Oza‘¹
1282 804 1422 843 morte
1445 815 1747 856 percussus
1776 800 1876 853 quia

105 868 308 921 tetigit
340 870 549 910 arcam5
582 881 793 921 arrogans
825 868 906 909 sibi
939 867 1129 909 officium
1162 867 1447 910 sacerdotale.
1511 868 1558 908 49
1590 866 1742 908 mortis
1775 879 1873 907 reus

107 936 204 975 erat
246 933 360 974 ozias
392 933 518 974 Rexss
550 932 621 985 qui
664 933 969 975 contemnebat
1011 946 1224 974 summum
1267 932 1551 980 sacerdotem,
1596 934 1639 973 et
1672 930 1763 972 eius
1803 930 1875 971 de-

107 999 287 1048 cretum,
320 998 449 1041 Deut.
476 998 564 1040 17.7
619 998 662 1039 59
697 997 857 1039 Paulus
896 997 1074 1040 tradit
1107 997 1389 1039 Sathanae
1421 997 1790 1050 Hymenaeum
1824 998 1877 1036 et

108 1061 506 1113 Alexandrum,
542 1062 642 1115 quia
674 1061 882 1104 haeretici
916 1061 1400 1116 blasphemantes,
1437 1063 1457 1103 1
1494 1060 1681 1104 Timoth.
1718 1061 1797 1110 1.8,
1833 1061 1877 1101 et

107 1126 228 1169 iubet
275 1141 423 1169 omnes
475 1126 798 1169 haereticos
850 1127 1079 1178 uitare9,
1138 1129 1182 1169 et
1233 1127 1394 1169 nullam
1444 1141 1539 1168 cum
1586 1126 1671 1167 illis
1717 1125 1877 1167 habere

109 1192 543 1234 consuetudinemew.
599 1194 623 1233 2
656 1192 783 1234 Joan.
838 1192 1044 1246 Siquis
1078 1192 1232 1234 uenit
1273 1193 1337 1234 ad
1378 1206 1473 1234 uos
1506 1194 1559 1233 et
1591 1191 1727 1233 hanc
1760 1190 1877 1232 doc-

108 1256 312 1300 trinam
345 1272 445 1299 non
479 1257 667 1300 adfert
699 1257 878 1299 nolite
909 1257 1165 1312 recipere
1197 1258 1249 1299 in
1283 1257 1514 1307 domum,
1557 1270 1653 1298 nec
1685 1256 1797 1298 Aue
1830 1255 1877 1297 ei

109 1321 459 1365 dixeritis‘ss.

228 1387 430 1441 Cogitent
446 1387 739 1430 miserandum
762 1390 926 1430 statum
949 1387 1133 1442 imperii,
1158 1389 1202 1430 et
1220 1387 1432 1441 quomodo
1454 1386 1497 1428 in
1520 1388 1640 1428 statu
1663 1385 1879 1440 spirituali

109 1454 155 1495 et
186 1453 371 1495 seculari
403 1453 446 1495 in
468 1453 590 1507 peius
614 1453 776 1496 abeunt
799 1452 955 1503 omnia,
989 1452 1147 1494 Nullus
1169 1453 1249 1495 Dei
1278 1452 1421 1503 timor,
1455 1452 1574 1493 nulla
1596 1451 1876 1506 poenitentia,

109 1518 304 1569 deuotio,
337 1518 547 1569 fidelitas,
582 1518 796 1569 charitas,
831 1518 1062 1568 honestas,
1097 1517 1344 1572 disciplina,
1379 1517 1454 1559 sed
1487 1517 1625 1559 omnis
1656 1516 1877 1570 iniquitas,

108 1583 388 1637 impudentia,
422 1583 660 1638 turpitudo,
699 1584 901 1638 impietas
933 1583 1096 1637 passim
1128 1583 1372 1633 inualescit,
1416 1585 1460 1624 et
1492 1596 1663 1637 semper
1694 1581 1880 1624 maiores

109 1651 274 1699 motus,
315 1649 637 1700 contentiones,
681 1652 726 1692 et
767 1649 1031 1691 mutationes
1072 1649 1384 1703 expectandae.
1448 1647 1546 1690 Non
1580 1648 1693 1689 enim
1733 1650 1881 1702 potest

110 1713 281 1757 mentiri
324 1714 519 1757 Christus
562 1728 714 1756 omne
760 1728 986 1768 regnum
1031 1714 1082 1755 in
1127 1728 1182 1756 se
1228 1713 1463 1755 diuisum
1510 1712 1878 1762 desolabitur,

110 1779 206 1821 das
238 1779 335 1822 mit
363 1780 434 1834 jm
467 1780 649 1822 selbst
682 1783 980 1822 zertrennt
1012 1779 1140 1822 wirt
1171 1779 1392 1830 wustgffi,
1427 1777 1687 1833 praesertim
1710 1777 1781 1819 ubi
1803 1778 1880 1818 ho-

109 1844 246 1887 mines
263 1859 309 1887 se
327 1848 536 1900 separant
553 1845 606 1888 ab
625 1845 836 1896 Ecclesia,
860 1847 905 1888 et
921 1844 965 1886 in
983 1859 1115 1887 causa
1131 1844 1354 1898 religionis
1371 1844 1534 1886 habent
1549 1842 1805 1885 inetlichenh
1819 1840 1879 1897 [P]

109 1909 379 1961 tzwidracht‚
413 1910 537 1952 Vnde
570 1910 766 1964 sequitur
798 1910 1036 1952 communis
1067 1909 1266 1964 perditio,
1301 1909 1414 1951 domi
1447 1913 1491 1952 et
1523 1907 1641 1951 foris.

229 1975 432 2029 Cogitent
471 1975 575 2018 nihil
619 1975 759 2030 magis
800 1976 972 2030 placere
1004 1976 1096 2017 Deo
1139 1978 1184 2018 et
1225 1974 1492 2017 Christianos
1534 1974 1709 2023 decere,
1752 1987 1880 2026 quam

110 2040 385 2083 unitatem
420 2041 720 2095 spiritus13,
764 2045 811 2084 ut
845 2055 994 2083 omnes
1026 2040 1217 2083 habeant
1250 2054 1342 2083 cor
1374 2054 1531 2082 unum
1564 2041 1617 2081 et
1649 2038 1882 2080 animam

110 2107 338 2155 unam143
381 2120 460 2148 nec
491 2121 602 2149 unus
644 2109 792 2149 currat
832 2106 929 2158 huc,
972 2106 1083 2148 alius
1115 2106 1279 2157 illucffi,
1323 2105 1399 2148 sed
1433 2119 1582 2147 omnes
1614 2118 1697 2146 uno
1731 2118 1806 2146 ore
1839 2107 1883 2146 et

110 2171 240 2214 corde
272 2171 516 2225 glorificent
547 2171 687 2214 Deum
701 2173 754 2214 1⁶:
789 2172 971 2214 eundem
1005 2171 1085 2214 Dei
1118 2172 1281 2214 cultum
1315 2171 1393 2213 sub
1426 2185 1510 2212 uno
1534 2169 1732 2224 Principe
1764 2170 1808 2211 et
1839 2168 1883 2210 in

111 2237 262 2279 eadem
290 2237 470 2280 ciuitate
501 2237 705 2288 habeant,
748 2237 860 2280 sicut
899 2237 1089 2291 alioquin
1130 2237 1293 2279 habent
1334 2251 1491 2278 unum
1533 2236 1707 2285 deum,
1750 2248 1883 2276 unum

111 2303 445 2357 redemptorem,
478 2317 636 2344 unum
669 2302 952 2356 spiritum,
987 2317 1144 2344 unum
1171 2302 1513 2356 baptismaff,
1548 2315 1679 2342 unum
1702 2300 1881 2350 coelum,

232 2384 260 2415 a)
282 2385 421 2416 Sequitur
445 2383 503 2415 uel,
528 2384 617 2409 oblitt.
703 2382 733 2415 b)
757 2385 786 2410 C.
805 2384 852 2409 hic
877 2385 908 2409 in,
935 2384 1068 2415 margine
1092 2384 1232 2415 scripsit:
1258 2383 1337 2408 Num
1357 2381 1400 2409 12.
1482 2382 1508 2411 c)
1531 2382 1609 2406 Haec
1634 2382 1651 2405 3
1672 2388 1713 2405 vv-
1734 2388 1750 2404 α
1772 2380 1801 2405 C·
1820 2380 1884 2411 ‘sp-5⁸0

110 2427 142 2451 in
168 2427 300 2458 margine
328 2426 433 2451 addita
459 2429 536 2451 suut.
638 2424 669 2457 d)
691 2426 720 2450 C.
740 2426 825 2457 lapsu
853 2425 976 2457 quodam
1003 2426 1159 2450 memoriae
1185 2425 1315 2450 correxit
1335 2423 1423 2450 Ozias
1449 2432 1485 2448 ear
1511 2422 1585 2453 Oza,
1610 2423 1684 2454 quod
1707 2421 1788 2446 Guis.
1809 2424 1884 2446 recte

110 2468 294 2499 scripserat;
313 2469 349 2499 cf.
369 2468 463 2498 infra,
483 2468 551 2492 adn.
571 2468 596 2492 5.
713 2467 740 2498 θ)
762 2468 930 2498 Sequuntur
949 2475 992 2491 vv.
1013 2466 1156 2498 Cogitent
1176 2465 1385 2492 miserandum
1404 2464 1462 2495 sta,
1482 2465 1572 2489 oblitt-
1687 2462 1710 2495 f)
1732 2464 1811 2488 Haec
1830 2470 1883 2492 vv..

111 2501 278 2541 incipiendo
298 2510 333 2534 ab
354 2509 370 2534 2
389 2507 486 2540 Joan.,
506 2510 541 2533 ab
560 2510 625 2541 ipso
646 2510 674 2534 C.
694 2509 726 2533 in
747 2509 879 2540 mar-fine
899 2509 1004 2533 addita
1023 2511 1100 2533 sunt.
1224 2508 1253 2540 g)
1275 2509 1354 2533 Haec
1374 2515 1416 2532 vv.
1434 2505 1605 2538 yermanica
1627 2513 1644 2530 α
1660 2506 1688 2530 C.
1707 2505 1771 2536 ‘ipso
1791 2512 1883 2536 supra

112 2559 227 2577 versum
247 2553 357 2583 scripta
377 2554 454 2576 sunt.
528 2551 559 2582 h)
580 2551 628 2576 Sic
650 2551 751 2581 Gnis.;
770 2549 988 2575 unentlichen?

235 2660 244 2680 ¹
269 2658 339 2693 Nm
368 2659 421 2700 12,
452 2659 506 2693 14.
655 2657 667 2677 ²
694 2657 747 2692 Cf.
773 2656 843 2690 Nm
871 2656 924 2697 12,
954 2656 1080 2690 1—15.
1228 2656 1241 2676 ³
1266 2655 1335 2689 Nm
1364 2656 1417 2697 16,
1445 2655 1489 2689 32
1517 2655 1574 2689 33.

232 2714 245 2733 4
272 2711 324 2746 Cf.
352 2712 420 2746 Nm
450 2713 503 2754 16,
532 2711 666 2751 1—34;
693 2711 742 2745 Dt
771 2711 824 2751 11,
851 2710 890 2750 6;
919 2709 967 2743 Ps
995 2709 1073 2751 105,
1103 2709 1145 2743 16
1175 2710 1229 2744 17.

234 2766 246 2785 ⁵
273 2766 291 2800 l
320 2766 391 2800 Par
419 2765 471 2805 13,
501 2765 563 2806 10;
590 2765 634 2799 cf.
662 2764 683 2798 2
709 2763 766 2807 Rg
793 2764 824 2805 6,
852 2763 955 2797 6-8.
1102 2763 1115 2782 ⁶
1141 2762 1194 2796 Cf.
1222 2762 1243 2796 2
1270 2762 1341 2795 Par
1366 2761 1422 2802 26,
1451 2760 1600 2795 16-23,

234 2820 246 2839 ”·
273 2818 327 2853 Cf.
355 2819 404 2853 Dt
431 2819 485 2860 17,
511 2818 640 2853 9—13.
788 2817 801 2837 ⁸
828 2818 844 2851 1
873 2816 952 2850 Tim
980 2816 1011 2857 1,
1039 2815 1095 2850 20.
1242 2815 1256 2835 ⁹
1281 2815 1341 2849 Tit
1367 2815 1399 2855 3,
1428 2814 1482 2849 10.

219 2874 245 2892 ¹0
271 2872 324 2907 Cf.
352 2872 442 2906 Rom
470 2872 524 2914 16,
553 2872 615 2912 17;
643 2871 664 2905 2
691 2870 770 2904 Tim
797 2870 828 2912 3,
859 2870 960 2905 1—5.
1110 2869 1136 2890 ¹¹
1162 2869 1182 2902 2
1211 2868 1248 2902 Io
1276 2868 1329 2904 10.

220 2925 246 2946 ¹²
270 2925 319 2959 Lo
348 2926 402 2967 11,
431 2926 492 2966 17;
521 2925 566 2959 cf.
593 2925 649 2958 Mt
676 2924 729 2964 12,
757 2923 812 2958 25.
962 2923 988 2942 ¹⁸
1013 2921 1093 2967 Eph
1118 2923 1151 2964 4,
1178 2922 1210 2956 3.
1360 2922 1387 2942 ¹4
1412 2921 1482 2956 Act
1505 2921 1539 2962 4,
1566 2920 1622 2956 32.

219 2979 246 2998 ¹⁵
272 2978 394 3020 Erant,
430 2978 491 3023 qui
525 2990 571 3012 ex
596 2981 694 3012 terra
723 2975 935 3020 elvangensi
969 2975 1005 3009 in
1041 2987 1154 3020 pagos
1179 2974 1318 3010 vicinos
1353 2976 1587 3009 excurrerent
1621 2973 1666 3008 ad
1702 2973 1884 3008 contiones

113 3032 359 3067 ministrorum
385 3031 662 3077 protestantium
689 3030 885 3065 audiendas
911 3031 978 3064 etc.
1008 3029 1142 3073 (Giefel
1166 3029 1190 3063 1.
1209 3041 1239 3064 c.
1260 3029 1331 3073 10).

220 3087 246 3107 ¹⁶
273 3085 326 3121 Cf.
353 3084 444 3119 Rom
472 3085 525 3126 15,
553 3085 585 3119 6.
736 3084 762 3104 ¹⁷
789 3083 867 3129 Eph
893 3084 926 3124 4,
952 3083 1059 3117 4-6.
