2044 3335
142 60 226 100 216
680 55 781 90 1591.
808 55 848 90 Ρ.
872 53 1009 88 Paulus
1035 53 1206 88 Hoffaeus
1233 52 1386 89 Canisio.

141 173 339 228 personis
380 172 541 215 similes
583 175 730 214 essent
773 171 975 225 zipherae
1021 170 1429 224 correspondentes,
1472 169 1586 222 quod
1626 168 1755 211 facile
1796 170 1909 213 effici

141 241 302 293 posset,
336 237 550 292 impositis
583 236 715 279 etiam
748 236 845 290 alijs
878 235 1053 278 Ciuitati
1093 237 1138 276 et
1170 234 1361 288 Collegio
1394 233 1638 289 nomjnibus
1670 236 1805 278 etc.⁸1
1829 271 1837 278 .
1864 270 1872 278 .
1899 270 1907 278 .

142 303 302 345 Mundo
334 303 467 344 fidere
500 315 583 343 non
617 300 884 354 possumusb.
949 300 1034 343 Sed
1075 299 1207 341 etiam
1248 299 1392 352 sigilla
1425 302 1468 341 et
1501 298 1911 353 superscriptiones⁰

140 367 343 422 (excepto
388 365 553 421 primod
597 366 823 407 literarum
869 365 980 419 plico
1026 379 1102 406 seu
1144 363 1366 418 operculo)
1407 364 1450 405 in
1491 363 1571 406 tali
1612 377 1713 406 casu
1748 364 1833 406 alia
1866 366 1910 407 et

142 432 314 475 diuersa
356 445 451 474 esse
492 433 684 485 possent,
727 430 958 482 vtrobique
998 432 1120 485 nota.
1180 429 1390 472 Rectores
1430 432 1610 483 possent
1651 428 1783 471 etiam
1825 429 1911 472 alia

140 497 382 551 principum
417 498 461 538 et
491 498 747 549 magnatum
779 495 954 537 nomina
976 496 1140 548 fingere
1163 493 1256 546 (sed
1285 494 1463 536 nimium
1487 494 1718 547 aliquando
1741 493 1862 548 sapio
1875 492 1910 547 2)

140 562 253 604 idem
288 561 340 603 de
373 560 534 604 nostris
567 560 720 614 officijs
754 560 939 602 dixerim
973 562 1054 602 etc.

260 626 556 668 Vehementer
596 625 700 667 mihi
734 626 944 680 probatur
976 624 1089 678 quod
1122 624 1296 666 scholae
1329 624 1615 678 particulares
1646 623 1909 678 Jngolstadij

140 691 235 735 tolli
269 691 529 733 debeantessz
565 690 719 732 videbo
753 690 967 744 quomodo
1000 689 1042 731 id
1066 689 1276 743 paulatim
1302 691 1485 732 effecero
1509 689 1664 732 saltem
1689 702 1744 730 ex
1765 692 1910 743 parte:

142 760 189 800 at
213 771 326 798 nunc
349 756 584 810 Princeps4
605 755 662 797 ibi
687 758 776 797 est:
811 755 902 797 eius
925 757 1108 809 expecto
1133 754 1369 796 discessum
1392 756 1626 807 antequam
1650 753 1913 796 camerinam

141 836 363 864 moueam:
398 821 596 874 equidem
628 821 726 875 plus
758 820 890 862 timeo
924 820 1004 862 hac
1036 819 1079 861 in
1112 821 1239 874 parte
1265 822 1439 862 nostros
1462 833 1590 872 quam
1614 819 1776 861 aulicos
1798 818 1913 872 apud

143 901 249 940 quos
293 889 441 928 tamen
488 886 602 928 haud
648 885 774 927 dubie
819 899 1025 938 magnam
1073 885 1267 927 venabor
1312 884 1541 934 inuidiam;
1592 886 1750 926 norunt
1798 883 1910 926 enim

141 966 211 994 me
232 952 405 994 illorum
437 951 593 1004 studijs
627 951 697 992 diu
729 950 865 993 fuisse
898 950 1215 993 contrarium5:
1248 949 1422 992 interim
1444 949 1611 992 mauult
1635 949 1684 992 R.
1708 949 1760 992 V.
1788 963 1912 1003 spec-

141 1019 262 1060 tator
295 1031 390 1059 esse
422 1030 551 1069 quam
584 1019 718 1059 actor.

262 1082 383 1132 Quod
405 1084 550 1124 autem
575 1081 707 1123 Pater
736 1082 887 1123 noster
909 1080 1133 1123 societatis
1155 1079 1434 1122 seminarium
1456 1093 1535 1134 per
1557 1079 1700 1121 omnia
1722 1078 1914 1132 Collegia

142 1147 205 1189 ita
237 1160 446 1201 spargere
477 1146 598 1197 velit,
632 1149 682 1189 vt
708 1145 924 1199 Monachij
958 1148 1002 1188 et
1025 1145 1259 1199 Oeniponti
1292 1145 1378 1187 sint
1410 1144 1685 1186 humanistae
1698 1144 1726 1195 ⁶,
1760 1144 1913 1197 Jngol-

143 1212 272 1266 stadij
315 1212 512 1262 artistae,
547 1211 750 1264 Dilingae
790 1210 998 1264 theologi,
1044 1210 1125 1252 hoc
1166 1210 1208 1251 ni
1240 1210 1370 1252 fallor
1401 1213 1450 1252 vt
1482 1209 1707 1260 hactenus,
1749 1208 1916 1251 frustra

142 1277 397 1320 tentabitur.
471 1278 636 1318 Domus
676 1276 954 1319 Nouitiorum
995 1275 1210 1329 Monachij
1258 1289 1343 1317 non
1387 1275 1475 1317 fert
1518 1274 1819 1316 seminarium:
1864 1275 1914 1315 Vt

143 1345 289 1386 autem
322 1342 398 1385 illa
432 1342 584 1384 domus
607 1342 766 1384 Halam
798 1341 1095 1384 transferatur
1127 1355 1207 1393 ego
1240 1355 1326 1382 non
1358 1340 1488 1382 facile
1514 1353 1705 1390 suasero,
1740 1341 1789 1381 vt
1811 1342 1913 1381 ante

144 1407 296 1462 scripsi
330 1410 410 1450 etc.
463 1408 528 1449 De
562 1406 793 1460 oeniponto
826 1407 1013 1448 scribam
1044 1406 1239 1456 inferius,
1272 1405 1315 1447 in
1349 1405 1445 1459 alijs
1478 1404 1617 1458 magis
1649 1405 1782 1459 probo
1816 1417 1913 1445 sen-

142 1473 328 1516 tentiam
361 1472 707 1526 Dilinganorum,
747 1486 875 1525 quam
916 1471 971 1513 ad
1004 1485 1072 1513 me
1104 1471 1310 1525 scriptam
1344 1470 1410 1512 his
1443 1469 1662 1514 adiunxi7.
1726 1469 1915 1522 Sumque

142 1537 186 1579 in
215 1538 366 1580 eadem
389 1537 608 1580 sententia
630 1540 680 1579 vt
702 1539 817 1586 ante,
842 1536 1043 1578 nimirum
1067 1539 1116 1579 vt
1139 1535 1451 1590 Oenipontanis
1475 1538 1519 1577 et
1536 1533 1914 1588 Jngolstadianis‘,

144 1603 328 1657 singulis
374 1604 425 1645 18
467 1616 681 1657 personae
715 1602 948 1653 sufficiant,
992 1604 1036 1644 et
1067 1601 1129 1643 illi
1162 1600 1552 1651 Monachiensibus,
1595 1600 1638 1642 hi
1670 1598 1914 1653 Dilinganis

145 1668 377 1722 quotannis
419 1668 581 1722 aliquid
623 1668 912 1718 contribuant,
956 1670 1001 1710 et
1041 1667 1216 1721 plenum
1248 1666 1357 1709 satis
1389 1665 1665 1708 seminarium
1698 1664 1913 1718 Dilingae,

144 1733 318 1788 plenam
361 1733 494 1776 etiam
533 1734 706 1775 domum
739 1732 1008 1787 probationis
1041 1732 1168 1774 facile
1201 1732 1365 1774 alemus
1397 1730 1653 1785 Monachijss.
1717 1730 1801 1772 Sed
1833 1729 1913 1771 hac

148 1799 200 1840 de
232 1812 279 1840 re
312 1798 420 1840 alias
453 1798 592 1840 fusius
625 1797 707 1851 egi.

263 1863 384 1913 Quod
400 1864 445 1906 P.
463 1863 754 1905 Theodoricus
766 1864 782 1890 S
800 1863 852 1904 de
870 1862 927 1906 M.
946 1862 1081 1904 Paulo
1100 1861 1240 1914 (breui
1251 1862 1277 1904 J
1281 1860 1575 1914 ngolstadium
1591 1859 1915 1912 transferendo)

147 1929 345 1982 Vegiano
368 1928 519 1971 scribit
532 1929 560 1980 9,
593 1928 707 1970 idem
731 1928 863 1970 etiam
886 1927 989 1969 mihi
1012 1927 1241 1981 probatur:
1269 1926 1361 1968 eius
1382 1926 1477 1968 loco
1499 1925 1672 1968 mittam
1695 1924 1913 1977 Dilingam

143 1994 201 2037 M.
235 1994 304 2037 J0.
338 1994 519 2036 Paulum
561 1993 719 2035 oliuam
753 1993 789 2035 si
821 1992 1181 2046 Jngolstadianos
1222 1991 1413 2033 habuero
1456 1990 1666 2045 propitios
1681 1991 1728 2034 10.
1795 1990 1914 2032 Haec

147 2059 202 2101 ad
234 2058 385 2102 literas
423 2061 474 2101 10
507 2057 697 2111 Augusti
730 2057 871 2100 datas,

264 2123 410 2166 Prima
454 2122 614 2166 Classis
664 2122 967 2176 Oenipontana
1013 2135 1233 2174 nunquam
1280 2121 1364 2164 fuit
1406 2121 1532 2175 plene
1576 2119 1796 2163 rhetorica
1838 2119 1915 2161 sed

146 2189 276 2243 paulo
309 2189 406 2243 plus
439 2202 568 2242 quam
601 2187 898 2237 humanitatis,
936 2186 1089 2229 habuit
1121 2190 1267 2229 tamen
1300 2186 1632 2240 Praeceptorem
1665 2185 1913 2227 Rhetorem.

265 2275 292 2307 a)
314 2276 385 2300 Vide
404 2275 497 2306 infra,
517 2275 585 2299 adn.
613 2276 637 2299 1.
722 2273 752 2305 b)
774 2275 943 2306 Sequuntur
963 2281 1005 2298 vv.
1026 2271 1086 2298 Sed
1107 2271 1199 2298 etiam
1219 2271 1328 2305 sigilla,
1350 2274 1385 2298 ab
1407 2274 1444 2298 H.
1465 2273 1556 2298 oblitt.
1638 2277 1663 2301 c)
1685 2273 1852 2304 Sequuntur
1871 2278 1913 2295 vv.

146 2316 201 2342 sub
222 2324 269 2350 pr,
289 2318 324 2342 ab
338 2318 375 2342 H.
390 2317 479 2342 oblitt.
545 2315 576 2347 d)
598 2317 725 2347 Sequens
744 2323 769 2340 v.
784 2316 819 2340 ab
834 2316 872 2340 H.
886 2316 917 2340 in
931 2315 1064 2346 maryine
1085 2315 1219 2339 additum
1239 2317 1289 2340 est.
1347 2315 1373 2346 e)
1394 2315 1465 2340 Vide
1484 2315 1579 2346 infra,
1599 2314 1667 2339 adn.
1682 2316 1705 2338 3.
1762 2312 1790 2344 f)
1812 2312 1855 2337 Ab
1875 2313 1912 2337 H.

145 2366 220 2383 corr.
241 2367 277 2383 ωε
297 2356 529 2390 Jgolstadianis.
593 2358 624 2390 g)
646 2358 773 2389 Sequens
792 2365 816 2382 v.
837 2357 873 2381 ab
893 2357 931 2382 H.
950 2357 981 2381 in
1003 2356 1136 2388 maryine
1156 2356 1291 2381 additum
1311 2359 1362 2382 est.

267 2459 278 2479 ¹
303 2459 394 2493 Vide
412 2470 522 2504 supra
548 2470 580 2503 p.
601 2458 681 2493 213.
718 2459 897 2492 Polancus
922 2458 957 2492 in
983 2458 1147 2501 margine
1174 2458 1341 2503 scripsit:
1372 2457 1584 2500 „mittantur
1602 2455 1690 2490 cifre
1709 2466 1915 2490 communes

147 2512 388 2556 germaniae“.
534 2512 547 2532 2
574 2511 627 2546 Cf.
655 2511 761 2546 Eccle
789 2511 821 2552 7,
850 2511 914 2552 17;
940 2511 1031 2545 Rom
1060 2512 1113 2552 12,
1141 2511 1172 2546 3.

268 2566 281 2586 3
306 2565 398 2599 Vide
424 2576 534 2610 supra
559 2576 592 2610 p.
613 2565 693 2600 202.
731 2565 908 2599 Polanczcs
926 2564 961 2598 in
980 2563 1190 2607 *marginez
1224 2564 1375 2607 „fiant“;
1402 2574 1518 2607 neque
1535 2565 1656 2597 tamen
1674 2561 1819 2596 dubium
1837 2572 1917 2595 esse

147 2620 275 2662 potest,
303 2619 388 2662 quin
414 2618 572 2652 scribere
598 2618 773 2653 voluerit:
804 2618 922 2660 „fiat'‘‚
949 2618 971 2652 i.
999 2630 1028 2652 e.
1056 2617 1242 2652 tollantur.

266 2673 277 2690 ⁴
305 2671 475 2705 Albertus
493 2671 536 2706 V.
564 2672 741 2705 Bavariae
770 2671 854 2705 dux.
1002 2672 1015 2691 ⁵
1040 2671 1132 2705 Vide
1163 2681 1274 2715 supra
1303 2682 1336 2715 p.
1366 2670 1443 2704 135.

268 2724 280 2743 ⁶
306 2723 358 2757 De
385 2723 577 2771 Societatis
602 2724 794 2758 iuvenibus
820 2723 1048 2758 scholasticis
1075 2724 1223 2764 scribit;
1251 2735 1285 2757 v.
1312 2734 1422 2768 supra
1448 2734 1480 2767 p.
1501 2721 1581 2756 202.

269 2777 280 2796 ⁷
308 2776 361 2810 Cf.
389 2787 498 2821 supra
524 2788 558 2821 p.
585 2777 666 2812 204.
814 2778 826 2797 ⁸
854 2777 1021 2811 Canisius
1047 2779 1166 2811 rector
1192 2776 1408 2820 dilinganus.

268 2831 280 2848 ‘³
305 2828 357 2862 De
383 2828 451 2862 hoc
477 2841 512 2863 v·
531 2841 641 2874 supra
667 2842 700 2875 p.
719 2830 872 2865 47-48.
914 2829 1005 2872 Quid
1033 2830 1076 2864 de
1102 2829 1295 2864 seminario
1322 2828 1506 2872 dilingano
1533 2827 1688 2871 Borgiae
1714 2827 1832 2862 visum
1858 2827 1917 2867 sit,

147 2882 214 2916 sub
241 2881 339 2926 ipsas
365 2880 432 2915 has
458 2881 601 2916 litteras
627 2883 777 2924 dicetur,
804 2895 838 2917 11.
868 2884 899 2917 3.

256 2935 283 2954 ¹0
310 2934 348 2967 P.
377 2933 485 2968 Oliva
514 2934 576 2977 (cf.
608 2936 693 2969 Ccm.
713 2935 745 2969 V
762 2936 849 2980 482)
877 2935 1090 2979 ingolstadii
1125 2935 1270 2969 ineunte
1296 2946 1342 2968 m.
1370 2933 1517 2968 Octobri
1546 2934 1635 2968 1567
1663 2935 1742 2967 erat
1771 2932 1917 2974 „Lector

153 2987 371 3022 Dialectices
397 2986 433 3019 in
460 2987 644 3021 academia
671 2990 706 3021 et
724 2988 879 3022 Poeseos
906 2989 942 3022 in
967 2988 1102 3023 scholis
1120 2989 1264 3029 nostris,
1284 2987 1534 3021 Confessarius
1552 2987 1744 3021 Italoruni“
1770 2985 1802 3029 (*
1815 2986 1917 3020 Cata-

147 3043 247 3084 loyus
272 3039 463 3082 ingolstad.
493 3051 532 3073 eo
559 3042 719 3084 tempore
746 3042 923 3085 scriptus3
952 3041 1040 3076 GSC
1067 3042 1112 3076 66
1139 3041 1163 3075 f.
1192 3041 1260 3075 388
1286 3040 1384 3084 389).

2033 105 2039 134 ll
