2044 3335
147 103 231 145 588
321 101 415 134 Mon.
443 99 629 134 962—963
656 98 733 132 sive
759 97 797 131 it.
821 97 1040 140 (15)—(16).
1083 95 1138 130 25.
1158 95 1378 140 Septembris
1396 95 1438 129 ad
1459 94 1650 129 Octobrem
1679 94 1778 129 1568.

264 217 300 250 P.
329 217 479 249 Ioannes
506 215 681 249 Polaneas
708 213 890 246 Soeietatis
915 214 1127 246 secretarius
1153 212 1323 244 mandatu
1351 212 1386 244 S.
1408 211 1596 244 Francisei
1621 211 1773 254 Boryiae
1791 222 1901 254 prae-

141 271 247 312 positi*
270 269 445 311 (seneralis
472 268 582 300 Roma
609 269 641 300 4.
669 267 880 309 Septembris
907 268 999 299 1568
1034 266 1081 298 acl
1111 266 1300 308 Geor-(sium
1327 265 1528 306 Fuqqerum
1561 265 1755 306 patricium
1789 274 1900 307 auqu-

142 328 280 355 stanum
308 323 357 353 sic
382 322 523 362 scripsit
549 321 590 352 de
619 320 809 352 Octaviano
835 320 909 351 elas
934 319 1019 360 filio,
1055 319 1116 361 qui
1153 319 1189 351 ιή
1215 318 1356 360 colleyio
1388 319 1590 359 qen-manico
1625 319 1800 350 convictor
1825 322 1900 350 erat

144 376 207 417 (cf.
235 385 346 416 supra
368 386 406 416 p.
435 374 544 413 113).·
570 372 639 406 Per
664 371 884 405 l’aflettione
920 371 1133 415 particulare
1169 373 1205 404 et
1238 370 1356 413 obligo
1391 369 1456 403 che
1482 369 1524 402 N.
1552 368 1773 413 Compagnia
1806 369 1902 403 tiene

143 428 177 461 al
204 426 350 460 seruitio
377 426 419 459 de
446 425 489 459 V.
510 424 543 459 S.
571 427 607 459 et
633 425 668 458 di
694 436 759 458 sua
785 436 879 465 casa,
906 423 1056 457 hauemo
1082 423 1267 465 ragionato
1294 423 1434 456 diuerse
1459 421 1556 455 uolte
1582 422 1637 455 001
1663 422 1702 455 P.
1721 422 1762 456 D.
1783 422 1902 456 Pietro

143 479 286 515 Canisio
312 490 419 523 sopra
444 478 468 512 il
495 478 587 512 fatto
613 477 670 511 del
696 477 824 521 Signor
851 476 1044 511 Ottauiano
1070 476 1205 520 figliolo
1232 476 1274 509 de
1300 475 1343 509 V.
1363 475 1396 509 S.
1417 477 1454 509 et
1477 487 1540 520 per
1566 478 1698 519 quanto
1724 475 1903 520 possiamo

144 533 325 567 intendere
351 531 385 565 13.
411 531 595 565 residenza
622 542 687 565 sua
713 532 748 565 in
774 531 887 565 Roma
913 542 981 564 non
1008 529 1058 572 gli
1085 532 1103 563 e
1129 529 1372 567 conueniente,
1408 527 1538 573 perche
1569 530 1702 572 quanto
1737 528 1771 562 31
1797 539 1903 573 corpo

143 586 173 620 si
208 588 311 619 troua
345 584 418 618 mal
453 596 551 624 sano,
586 587 622 618 et
656 585 808 618 secondo
835 584 859 617 il
886 595 991 627 parer
1026 583 1069 616 de
1096 582 1223 616 medici
1259 582 1403 616 doueria
1437 584 1556 615 mutar
1587 584 1713 625 questo
1740 593 1831 622 aere,
1867 584 1906 615 et

143 642 277 683 quanto
304 637 361 672 all'
379 638 496 672 animo
522 650 591 671 non
627 638 657 671 si
693 636 859 682 applicha
884 637 1004 670 niente
1039 635 1101 670 3111
1130 635 1239 680 studij
1276 647 1319 669 ne
1354 646 1478 669 manco
1504 637 1561 669 sta
1587 636 1752 668 contento
1777 634 1812 668 in
1839 634 1904 668 tali

143 691 319 736 essercitij
347 691 381 725 di
408 691 547 731 lettere,
575 694 610 725 et
636 691 796 724 douendo
832 690 934 723 uenir
968 689 1095 723 adesso
1123 688 1172 731 gli
1208 689 1291 722 altri
1326 689 1403 722 suoi
1428 687 1561 721 fratelli
1578 688 1598 729 ¹,
1624 688 1666 722 V.
1692 688 1726 721 S.
1753 688 1905 722 Jllustre

142 757 211 790 puo
238 745 463 779 considerare
490 744 554 778 che
580 756 649 778 non
685 745 715 778 si
742 744 973 778 animm-anno
1009 745 1147 786 troppo,
1183 753 1248 775 con
1274 741 1323 775 tal
1361 741 1516 786 esenipio
1543 741 1747 781 domestico,
1782 741 1812 774 si
1838 741 1904 775 0110

143 799 174 833 01
202 801 220 832 e
246 809 352 843 parso
379 798 487 831 douer
523 799 796 842 reppresentare
823 808 843 830 a
868 796 911 830 V.
931 796 965 831 S.
993 798 1120 839 questa
1154 806 1238 829 cosa
1272 795 1370 829 accio
1404 795 1496 828 ueda
1528 805 1567 828 se
1593 805 1675 828 sara
1700 794 1906 838 espediente

143 851 337 886 chiamarlo
363 851 398 885 di
424 851 537 885 Roma
571 851 606 884 in
632 851 808 893 Augusta,
847 849 961 893 (come
996 848 1045 882 lui
1072 860 1155 893 pare
1181 847 1291 882 molto
1318 848 1499 891 desideri),
1534 849 1569 881 et
1595 847 1757 881 intendet
1784 847 1828 881 da
1853 847 1905 880 lui

143 905 177 938 111
205 904 385 949 presentia
420 904 455 937 la
491 903 688 937 intentione
713 914 789 942 sua,
826 905 861 936 et
893 901 1023 945 meglio
1059 901 1240 936 risoluersi
1268 901 1349 945 quel
1384 901 1449 935 che
1479 901 1650 935 conuiene
1684 900 1740 934 far
1776 900 1809 934 di
1844 900 1905 942 lui,

144 969 162 992 e
189 969 227 992 se
252 968 398 1002 paresse
423 959 444 990 a
472 957 514 991 V.
543 956 576 991 S.
603 956 876 990 inconueniente
912 955 975 989 che
1008 955 1057 989 lui
1083 954 1226 988 andassi
1264 955 1299 988 in
1326 954 1502 997 Augusta,
1538 966 1600 999 per
1635 953 1717 987 altri
1752 953 1904 998 rispetti,

144 1011 190 1045 lei
218 1010 393 1045 consideri
423 1022 461 1044 se
497 1021 669 1044 conuerra
703 1009 795 1043 farlo
830 1009 963 1043 andare
999 1008 1035 1042 in
1070 1007 1162 1042 altro
1197 1007 1298 1041 luoco
1334 1008 1376 1040 de
1403 1007 1506 1041 Italia
1531 1009 1550 1041 ὸ
1577 1007 1679 1041 fuora
1714 1006 1748 1040 di
1775 1006 1904 1050 quella,

145 1066 279 1108 quanto
306 1065 326 1097 a
351 1063 408 1097 noi
435 1062 466 1096 ci
492 1065 637 1097 trouara
663 1063 779 1107 parati
797 1063 840 1097 V.
860 1062 894 1096 S.
913 1061 1062 1095 Jllustre
1088 1072 1108 1095 a
1133 1060 1286 1094 seruirla
1312 1060 1376 1094 hor
1398 1060 1517 1104 uoglia
1535 1060 1601 1094 che
1627 1060 1711 1094 resti
1739 1059 1773 1093 111
1792 1059 1904 1093 Roma

145 1116 349 1156 Ottauiano,
385 1115 449 1150 hor
475 1127 553 1155 non,
589 1117 625 1149 et
650 1116 745 1150 circa
780 1115 862 1159 quel
897 1114 988 1148 altro
1023 1114 1171 1153 negocio
1206 1125 1270 1147 suo
1305 1113 1492 1158 spirituale
1527 1113 1668 1157 alquale
1695 1113 1906 1146 desiderans,

146 1170 188 1203 V.
209 1170 242 1203 S.
261 1169 292 1203 si
311 1169 514 1214 procurassi
531 1168 703 1210 tener-102,
731 1169 761 1203 si
787 1179 981 1213 procurara
999 1167 1034 1201 di
1057 1168 1114 1201 far
1131 1169 1264 1210 quanto
1290 1168 1311 1200 a
1336 1167 1392 1200 noi
1412 1178 1493 1200 sara
1511 1166 1688 1211 possibile,
1716 1168 1752 1199 et
1778 1165 1906 1210 perche

144 1222 258 1257 anche
283 1233 366 1256 sara
390 1222 516 1256 scritto
551 1221 607 1256 all'
624 1222 767 1256 Illustre
794 1222 944 1264 Signora
970 1220 1128 1254 Vrsula³
1154 1219 1306 1264 qualche
1341 1230 1425 1253 cosa
1460 1230 1567 1264 sopra
1592 1222 1731 1263 questo,
1767 1218 1799 1252 io
1825 1229 1906 1252 saro

144 1278 245 1309 tanto
271 1275 331 1320 piu
358 1275 477 1315 breue,
512 1286 580 1308 non
607 1276 723 1309 scriue
758 1274 783 1308 il
809 1274 848 1308 P.
869 1274 909 1308 D.
930 1273 1083 1314 Canisi0‚
1119 1272 1250 1318 perche
1285 1284 1415 1306 ancora
1449 1284 1518 1306 non
1545 1272 1575 1306 si
1602 1275 1620 1306 e
1646 1272 1786 1305 riauuto
1812 1271 1908 1305 della

145 1340 210 1362 sua
236 1328 416 1369 infirmita,
442 1328 467 1361 il
493 1339 558 1362 suo
583 1339 688 1372 parer
714 1330 732 1361 e
759 1339 824 1372 pur
858 1327 884 1360 il
909 1327 1103 1360 medesinio
1130 1326 1195 1360 0110
1221 1325 1266 1359 110
1301 1325 1426 1359 scritto
1462 1325 1496 1359 di
1523 1336 1639 1369 sopra.

263 1381 395 1415 Eodem
423 1381 479 1414 die
505 1382 658 1425 Boryias
683 1381 722 1415 P.
749 1380 964 1414 VVendelino
991 1379 1106 1413 Volck
1133 1378 1167 1413 S.
1187 1379 1219 1413 J.
1240 1380 1427 1422 Augustae
1446 1378 1590 1421 degenti
1615 1377 1840 1416 *mandavit,
1867 1379 1909 1411 ut

146 1434 299 1478 Georgio
326 1437 362 1468 et
379 1434 532 1468 Ursulae
550 1433 724 1479 epistulas
741 1434 785 1467 iis
804 1434 1003 1467 destinatas
1021 1432 1180 1466 traderet
1198 1443 1329 1475 eosque
1348 1432 1391 1465 ad
1411 1431 1648 1465 Octavianum
1667 1430 1906 1464 revocandum

146 1490 182 1522 et
216 1488 292 1532 ipse
327 1499 535 1532 permovere
570 1487 750 1527 studeret;
787 1486 887 1520 illum
920 1486 1013 1520 enim
1040 1485 1191 1527 collegio
1218 1484 1422 1527 germanico
1449 1484 1546 1518 oneri
1573 1496 1670 1524 esse;
1706 1484 1761 1518 sin
1788 1487 1907 1517 autem

147 1543 314 1586 parentes
332 1552 411 1574 eum
430 1540 478 1574 ibi
497 1539 631 1574 vellent
648 1551 803 1580 manere,
826 1539 903 1581 „noi
922 1539 1112 1572 hauerenio
1131 1538 1318 1583 pacientia,
1339 1540 1374 1571 et
1387 1537 1522 1571 faremo
1538 1537 1654 1581 quello
1669 1537 1734 1570 che
1748 1539 1906 1581 potremo

147 1606 210 1639 per
228 1594 344 1628 aiutar
363 1593 411 1627 lui
431 1596 467 1627 et
484 1593 533 1637 gli
553 1593 669 1627 altri“.
702 1593 778 1634 Qua
795 1593 837 1626 de
856 1605 893 1626 re
912 1604 981 1636 quo
1000 1592 1108 1632 ocius,
1127 1603 1167 1625 eo
1186 1591 1314 1625 melius
1331 1591 1612 1635 respondebitur,
1635 1591 1752 1632 „accio
1769 1601 1808 1624 se
1825 1600 1909 1625 sara

147 1648 182 1681 la
208 1647 355 1681 uolunta
382 1646 527 1681 desuoi
553 1646 693 1691 parenti
719 1646 784 1680 che
810 1646 945 1687 ritorni,
971 1645 1004 1679 lo
1030 1656 1138 1689 possa
1163 1644 1240 1678 fare
1265 1645 1300 1677 in
1320 1644 1530 1689 compagnia
1556 1644 1613 1677 del
1634 1643 1747 1678 Padre
1766 1642 1907 1677 Canisio

148 1702 274 1744 questo
300 1700 457 1734 ottobre“
492 1700 552 1743 (ex
578 1711 699 1744 apogr.
727 1699 837 1733 eiusd.
864 1702 992 1743 temp.;
1021 1697 1138 1732 Germ.
1159 1698 1202 1731 67
1230 1698 1253 1731 f.
1276 1696 1387 1741 17:2¹³).

150 1805 257 1842 962
283 1807 361 1841 sive
387 1805 448 1842 it.
470 1805 597 1850 (15).
671 1805 726 1841 25.
745 1803 970 1851 Septembris
996 1803 1090 1839 1568.

267 1865 323 1899 Ex
358 1865 574 1910 apographo,
611 1865 702 1909 quod
738 1877 769 1899 a.
800 1864 888 1899 1887
916 1864 1064 1898 Londini
1100 1864 1135 1897 in
1161 1863 1286 1898 Museo
1321 1861 1519 1897 britannico
1555 1863 1730 1907 exscripsi
1757 1874 1800 1895 ex
1827 1873 1907 1906 apo-

149 1918 286 1962 grapho
324 1918 471 1962 antiquo
511 1918 619 1961 (saec.
646 1917 845 1952 XV11.ve1
880 1917 1046 1960 XVIII.)‚
1086 1917 1179 1960 quod
1216 1916 1346 1950 ibidem
1385 1917 1506 1949 exstat
1542 1914 1580 1948 in
1615 1915 1700 1949 Cod.
1732 1915 1907 1958 „Egerton

151 1972 259 2007 1078‘
290 1984 322 2016 p.
342 1972 422 2006 335.

271 2031 477 2064 Cardinalis
513 2031 666 2064 Ioannes
699 2031 916 2064 Franciscus
954 2030 1247 2071 Commendmnw,
1286 2039 1308 2061 α
1346 2029 1382 2061 S.
1418 2029 1483 2061 Pio
1518 2028 1555 2062 V.
1585 2028 1753 2071 pontifice
1787 2028 1907 2060 Maxi-

149 2085 335 2117 millammz
362 2085 412 2117 II.
439 2085 687 2127 imperatorem
721 2085 824 2116 adire
859 2088 888 2115 et
922 2094 944 2115 a
973 2083 1212 2125 Confessiom's
1248 2083 1479 2123 Αιιφιεΐαηαε
1513 2082 1671 2114 libertate
1707 2081 1908 2114 Ausci-iacis

148 2138 366 2171 concedenda
391 2137 575 2170 dehortari
602 2138 716 2170 iussus
743 2138 790 2177 (v.
813 2147 926 2179 supra
951 2147 983 2178 p.
1003 2138 1105 2179 223),
1133 2136 1270 2168 Verona
1289 2138 1344 2168 25.
1365 2135 1576 2177 Septembris
1602 2136 1694 2167 1568
1719 2135 1766 2166 ad
1791 2134 1906 2166 cardi-

151 2191 263 2223 nalem
294 2191 449 2223 Ottonem
489 2190 676 2223 Truehsess
710 2190 752 2222 de
777 2189 971 2231 Waldbmy
1005 2190 1136 2222 Itomae
1170 2189 1343 2230 deflentem
1381 2189 1516 2221 litteras
1553 2188 1667 2230 dedit,
1706 2189 1743 2220 in
1781 2186 1909 2230 quibus

148 2244 321 2286 affirmat,
347 2254 382 2276 se
407 2255 483 2276 eam
509 2244 713 2286 Zeyationem
739 2253 865 2285 mayno
891 2243 1011 2274 animo
1035 2242 1203 2284 aym-edm
1239 2246 1338 2284 royac
1364 2245 1479 2274 avete-m
1509 2241 1675 2284 Ottonem,
1706 2244 1744 2273 ut
1769 2251 1803 2272 se
1829 2249 1907 2272 con-

146 2298 238 2330 siliis
263 2301 292 2330 et
316 2299 432 2330 saeris
451 2297 617 2340 precibus
643 2297 793 2338 adiuvet,
826 2300 930 2338 atque
962 2297 1064 2328 etiam
1092 2299 1213 2337 optare
1237 2305 1273 2327 se
1298 2295 1393 2335 dicit,
1420 2299 1458 2327 ut
1479 2295 1601 2327 Patres
1618 2294 1802 2327 Societatis
1826 2293 1907 2326 Iesu

141 2361 214 2393 pro
239 2360 273 2383 se
298 2351 412 2383 Deum
438 2355 547 2392 orent,
573 2350 752 2392 imprimis
781 2348 957 2391 canisius,
983 2347 1008 2381 il
1035 2348 1140 2391 quale
1165 2348 1212 2381 mi
1240 2347 1343 2381 duole
1369 2347 1434 2381 0110
1460 2346 1491 2381 si
1518 2346 1611 2380 trovi
1636 2346 1672 2380 in
1699 2347 1826 2390 questa
1852 2356 1907 2379 00-

148 2403 290 2436 casione
316 2402 396 2436 fuor
422 2402 455 2436 di
483 2401 686 2437 Germania.

156 2506 262 2543 963
289 2508 367 2542 sive
393 2506 455 2543 it.
476 2507 607 2553 (16).
682 2506 787 2543 Circa
812 2506 960 2542 initium
985 2516 1031 2542 m.
1051 2505 1219 2542 Octobris
1244 2505 1339 2541 1568.

267 2568 321 2601 Ex
348 2568 553 2612 apographo
580 2567 690 2602 eiusd.
717 2569 825 2612 temp.
875 2565 992 2600 Germ.
1012 2567 1056 2600 67
1083 2567 1107 2601 f.
1129 2567 1220 2601 1812.

270 2628 479 2661 Cardinalis
508 2625 756 2661 Commendonz'
776 2630 996 2669 procurator
1033 2637 1076 2659 ex
1102 2627 1255 2659 Polanco
1281 2630 1311 2658 et
1339 2624 1483 2659 canisio
1515 2626 1664 2668 quaerit,
1694 2625 1756 2667 qui
1782 2623 1908 2656 Vindo-

150 2681 258 2713 bonae
283 2681 401 2714 idonei
426 2682 497 2714 sint
522 2681 570 2713 'ad
595 2681 744 2714 consilia
769 2681 902 2713 danda.
953 2680 1104 2714 Polancz'
1126 2690 1342 2722 responsum.

265 2741 313 2782 P.
362 2741 545 2782 Ioannes
595 2742 646 2783 de
693 2742 876 2783 Polanco
924 2741 1142 2782 Societatis
1189 2741 1441 2781 secretarius
1488 2738 1706 2780 cardinali
1751 2737 1907 2778 Ioanni

150 2804 191 2844 F
191 2807 377 2847 rcmcisco
422 2806 737 2859 Commendoao,
781 2819 808 2845 a
849 2805 926 2847 Pio
959 2805 1004 2847 V.
1038 2804 1326 2846 Vindobonam
1369 2804 1428 2845 acl
1467 2803 1816 2844 Maximilianum
1846 2801 1906 2842 II.

271 2921 281 2940 ¹
308 2922 486 2955 Antonius
513 2925 549 2956 et
574 2922 815 2964 Raimundus;
843 2933 878 2956 v,
905 2932 1014 2966 supra
1040 2933 1073 2966 p.
1093 2921 1172 2955 211.

271 2972 283 2992 ²
310 2972 485 3016 Georgius
519 2977 663 3019 optasse
698 2975 859 3017 videtur,
894 2978 935 3009 ut
969 2975 1192 3009 Octavianus
1225 2973 1270 3008 ad
1305 2983 1418 3017 genus
1451 2971 1598 3006 vivendi
1628 2970 1909 3006 ecclesiasticum

153 3024 437 3069 amplectendum
463 3038 502 3060 se
528 3031 768 3072 compararet;
795 3040 829 3062 v.
857 3039 965 3072 supra
991 3040 1023 3072 p.
1044 3028 1111 3061 113
1138 3030 1174 3061 et
1198 3026 1302 3068 infra,
1328 3037 1421 3060 mon.
1446 3025 1485 3059 it.
1514 3024 1605 3068 (18).

273 3078 286 3097 ³
311 3077 362 3110 De
389 3077 643 3121 Lichtenstein,
671 3080 815 3124 Georgii
841 3081 998 3124 Fuggeri
1024 3079 1137 3114 uxori.
