2044 3335
506 91 600 125 Mon.
631 90 721 125 1062
747 89 825 124 sive
851 89 920 123 litt.
942 88 1032 131 (57).
1075 87 1123 122 M.
1144 85 1347 132 Septembri
1377 85 1478 119 1571.
1792 84 1876 124 713

233 201 539 244 „Praefationein“
569 200 650 235 libri
676 202 760 234 ante
786 212 832 234 m.
861 200 1064 242 Augustum
1091 209 1161 232 non
1197 208 1276 231 esse
1303 206 1473 230 excusam
1499 195 1600 240 patet
1626 205 1671 227 ex
1697 204 1748 234 eo,
1784 192 1877 236 quod

110 256 145 289 in
173 267 214 289 ea
242 255 282 299 (f.
301 256 355 297 db)
385 254 534 289 dicitur:
571 254 721 296 „Paucis
747 253 877 287 abhinc
902 252 1085 286 mensibus
1117 250 1267 285 accidit‘
1298 251 1378 291 eto,
1406 251 1441 282 et
1466 248 1502 282 in
1528 246 1689 290 margine
1716 245 1877 280 additur:

117 308 262 350 „Mense
288 308 388 342 Iunio
416 308 498 342 anni
526 307 629 342 1571.
655 318 763 351 prope
790 304 1098 348 Heidelbergam.“

229 362 268 395 In
295 362 427 406 pagina
453 361 566 395 altera
592 360 669 394 folii
694 359 853 393 titularis
878 358 945 392 hoc
971 358 1014 391 de
1040 356 1174 392 Canisii
1200 356 1291 390 libro
1322 355 1573 399 „Epigramma
1599 353 1644 388 ad
1668 351 1874 387 Lectorem“

110 415 265 460 positum
292 418 348 449 est
376 414 412 458 (a
438 415 605 457 Philippo
632 414 804 447 ilseneelio
830 411 1081 446 universitatis
1106 408 1401 453 ingolstadiensis
1427 408 1627 452 professore
1639 406 1695 451 ‘?):

493 471 588 514 „Quo
613 471 726 506 maior
751 470 881 512 nullus,
909 481 978 514 quo
1004 481 1072 503 non
1098 467 1340 513 praestantior
1366 466 1468 507 alter,

541 525 605 560 Cui
631 536 745 569 neque
772 525 890 569 prisca
917 533 1037 567 parem
1064 521 1185 556 saecla
1211 520 1326 554 tulere
1352 520 1488 554 virum:

490 578 535 612 Et
563 589 668 622 quem
695 577 852 611 veridico
879 575 1040 610 laudauit
1067 574 1232 608 Christus
1260 573 1303 607 ab
1331 584 1399 613 ore,

537 630 732 676 Supposuit
757 641 899 664 sacrum
927 629 984 662 cui
1010 628 1107 662 Deus
1133 627 1209 672 ipse
1237 629 1363 670 caput:

490 685 594 718 Hunc
621 683 755 718 violare
780 685 900 717 tamen
927 681 1060 725 linguis
1086 679 1332 726 petulantibus
1360 679 1502 719 audent,

538 736 605 778 Qui
632 736 745 770 solam.
772 736 879 770 toties
907 735 1093 769 occinuere
1118 733 1235 767 fidem.

490 790 623 824 Verum
650 789 706 824 his
733 789 880 832 egregia
905 789 1039 833 pietate
1067 786 1232 821 Canisius
1259 785 1388 826 obstat,

537 843 739 887 Belliponte
765 854 873 876 manu
901 841 1037 886 praelia
1062 841 1189 874 sancta
1216 850 1356 882 gerens.

489 896 583 938 Ergo
610 900 652 929 vt
677 895 904 940 praestigias,
933 894 1089 934 fraudes,
1116 892 1302 927 mendacia
1328 891 1435 932 noris,

536 949 655 993 thue
682 949 826 982 hamum
855 947 984 991 fugias,
1012 958 1116 991 quem
1143 946 1236 988 tegit
1262 957 1344 979 esca
1370 955 1512 985 nocens,

490 1002 589 1036 Haec
615 1002 822 1036 veneranda
848 1001 904 1046 pio
931 1001 1123 1035 meditator
1147 999 1283 1043 scripta
1309 998 1440 1039 labore,

538 1057 657 1099 Atque
683 1055 880 1089 salutarem
908 1054 1023 1095 volue,
1050 1052 1195 1087 reuolue
1221 1052 1382 1086 librum*

228 1115 266 1149 P.
298 1115 536 1148 fflieodoriens
565 1115 734 1148 Cam‘sc'us
760 1114 794 1149 S.
822 1115 853 1148 J.
880 1116 999 1148 rector
1035 1112 1240 1156 dilinganus
1267 1110 1411 1155 Dilinga
1438 1111 1468 1145 6.
1497 1110 1577 1143 Iulii
1608 1109 1695 1143 1571
1728 1109 1880 1152 Borgiae

109 1167 151 1202 de
178 1167 285 1201 Petro
313 1168 455 1202 Canisio
482 1170 499 1186 '⁷‘
510 1167 675 1212 scripsit:
717 1167 900 1210 „Prodibit
929 1167 1066 1211 primus
1100 1166 1191 1200 liber
1217 1164 1334 1209 operis
1370 1165 1446 1198 eius
1473 1163 1692 1197 Centurialis
1726 1162 1777 1196 ad·
1797 1161 1881 1206 Sep-

108 1221 282 1256 tembrem
308 1220 783 1266 proximum:desideratur
817 1221 894 1255 sola
929 1222 963 1254 in
998 1232 1037 1254 eo
1072 1218 1269 1264 praefati&
1304 1221 1365 1260 (ex
1401 1219 1560 1260 autogr.;
1598 1216 1639 1251 G.
1667 1216 1731 1261 Ep.
1760 1215 1838 1250 coll.
1865 1215 1881 1248 Ι

107 1275 131 1309 f.
151 1275 264 1319 268³).
315 1274 454 1320 Reapse
484 1274 542 1308 hic
568 1274 658 1308 liber
685 1275 843 1308 cernitur
870 1275 906 1308 in
936 1274 1127 1316 „Cataloqo
1154 1283 1275 1306 eorum
1302 1271 1484 1312 librorum,
1519 1271 1580 1314 qui
1606 1272 1688 1315 post
1714 1269 1880 1304 vernales

108 1328 446 1363 Franoofordienses
472 1328 650 1362 nundinas
676 1328 759 1361 anni
779 1328 826 1361 M.
843 1327 884 1361 D.
901 1327 1026 1361 LXXI.
1054 1327 1097 1360 ad
1124 1325 1352 1360 autumnales
1378 1336 1492 1368 vsque
1521 1323 1630 1368 (quod
1658 1334 1723 1366 ego
1750 1322 1877 1366 sciam)

106 1382 143 1416 in
169 1382 285 1416 lucem
312 1381 528 1427 prodierunt.
581 1381 717 1423 Quibus
743 1381 847 1426 pauci
875 1380 1019 1425 quidam
1047 1382 1131 1414 sunt
1165 1379 1278 1413 additi
1314 1390 1383 1412 non
1410 1378 1553 1422 quidem
1579 1377 1674 1417 noui,
1710 1376 1772 1410 sed
1800 1376 1880 1410 hac-

107 1438 213 1469 tenus
248 1435 285 1469 in
320 1435 542 1470 Bibliotheca
568 1434 783 1468 Willeriana
818 1446 888 1468 non
925 1433 1004 1467 visi.
1027 1461 1033 1467 .
1055 1461 1060 1467 .
1082 1460 1089 1467 .
1141 1431 1237 1473 Quos
1272 1431 1382 1466 libros
1418 1443 1463 1464 ex
1498 1430 1642 1464 officina
1668 1429 1881 1464 Willeriana

106 1488 313 1532 Augustae,
347 1488 497 1532 quilibet
531 1488 598 1522 sibi
635 1499 842 1532 comparare
875 1489 1014 1532 potest,
1049 1486 1277 1520 Francofurti
1311 1485 1354 1519 ad
1390 1484 1567 1525 Moenum,
1602 1495 1666 1528 per
1691 1484 1880 1517 Nicolaum

107 1543 226 1584 Basse,
258 1542 368 1576 1571”ι
401 1541 442 1585 (f.
461 1543 489 1575 A
509 1543 575 1585 4³).

234 1595 300 1637 „M.
327 1596 512 1639 Reynerns
537 1595 744 1628 Fabritizcs“
776 1594 810 1628 S.
838 1594 870 1627 J.
899 1593 935 1627 in
962 1592 1135 1627 ÷÷Litteris
1171 1591 1298 1626 annuis
1333 1590 1540 1636 provinciae
1577 1590 1791 1624 Germaniae
1825 1601 1881 1624 su-

111 1648 270 1693 perioris,
297 1648 518 1691 Ingolstadio
537 1649 594 1683 26.
613 1647 834 1692 Septembris
855 1647 941 1681 1571
971 1647 1076 1687 datis,
1104 1646 1146 1680 de
1166 1645 1357 1679 Societatis
1383 1644 1566 1678 academia
1584 1643 1768 1687 dilingana
1793 1643 1882 1677 haec

111 1704 253 1736 narrat:
285 1702 360 1744 „Ex
378 1701 634 1747 Typographia
661 1712 768 1745 quam
790 1700 982 1734 Academia
1007 1699 1075 1734 1100
1100 1699 1177 1733 1000
1203 1699 1383 1744 propriam
1411 1698 1529 1738 habet,
1556 1697 1639 1731 noui
1666 1700 1704 1730 ut
1731 1697 1882 1731 subinde

113 1756 148 1789 in
184 1756 315 1799 uulgus
350 1755 522 1800 prodeant
557 1754 679 1796 libelli,
718 1765 850 1797 magna
886 1754 992 1787 datur
1018 1765 1038 1787 a
1064 1753 1198 1787 nostris
1234 1763 1351 1797 opera,
1388 1752 1517 1796 quibus
1550 1753 1586 1785 et
1619 1750 1883 1785 haereticorum

111 1809 206 1843 uires
225 1809 412 1843 admodum
433 1808 675 1849 debilitantur,
703 1810 739 1841 et
756 1807 1034 1841 orthodoxorum
1052 1807 1244 1849 insigniter
1262 1805 1393 1840 crescit
1418 1805 1507 1839 fides
1526 1815 1567 1839 ac
1586 1805 1701 1849 pietas
1717 1805 1736 1838 ¹.
1779 1804 1883 1838 Jnter

111 1862 200 1896 alios
227 1862 344 1896 editus
371 1864 427 1896 est
452 1873 565 1907 nuper
599 1861 736 1906 primus
766 1861 856 1895 liber
883 1860 923 1894 R.
944 1859 983 1894 P.
1002 1859 1044 1894 D.
1064 1859 1163 1894 Petri
1190 1858 1335 1903 Canisij,
1372 1860 1496 1892 contra
1530 1858 1712 1892 centurias
1738 1857 1883 1900 Magde—

111 1915 354 1958 burgensium,
382 1927 488 1960 quem
507 1916 549 1949 de
568 1914 782 1960 corruptelis
801 1914 900 1948 uerbi
919 1913 985 1947 Dei
1011 1913 1205 1958 inscripsit,
1232 1912 1334 1946 cuius
1361 1912 1441 1946 libri
1465 1911 1622 1946 secunda
1647 1912 1717 1945 iam
1736 1913 1884 1956 paratur

111 1969 242 2004 aeditio
269 1971 504 2014 speraturque
530 1970 657 2012 ingens
684 1969 761 2002 eius
796 1968 891 2012 apud
926 1967 1080 2001 lectores
1106 1967 1248 2001 fructus
1283 1968 1429 2011 propter
1456 1965 1667 2000 deterrimos
1694 1967 1730 1999 et
1761 1964 1883 1999 absur-

111 2023 276 2057 dissimos
312 2022 582 2056 Haereticorum
620 2022 655 2056 in
691 2034 730 2056 eo
765 2021 928 2055 detectos
964 2032 1114 2061 errores,
1151 2022 1187 2054 et
1222 2019 1466 2064 blasphemias
1502 2030 1623 2053 eorum
1658 2018 1740 2064 plus
1775 2029 1883 2062 quam

111 2076 318 2112 sathanicas
345 2076 380 2110 111
408 2088 448 2110 eo
474 2076 696 2121 explicatas“
729 2075 791 2119 (ex
817 2075 1024 2119 archetypo,
1054 2073 1095 2109 G.
1116 2074 1178 2119 Ep.
1199 2073 1313 2108 coll.1
1339 2074 1363 2107 f.
1386 2073 1498 2116 18912).

230 2130 284 2164 Ad
310 2130 417 2164 huius
444 2130 561 2174 operis
587 2129 808 2174 propositum
834 2141 904 2163 non
936 2128 1094 2173 pertinet
1120 2139 1300 2168 enarrare,
1336 2127 1422 2171 quid
1458 2138 1527 2170 qua
1554 2126 1691 2160 ratione
1719 2125 1883 2160 Canisius

108 2184 198 2219 libro
224 2184 285 2218 illo
312 2183 552 2228 praestiterit;
580 2183 613 2216 id
641 2186 677 2217 et
703 2182 843 2227 copiose
871 2185 907 2216 et
933 2183 1034 2216 docte
1061 2182 1229 2226 exposuit
1254 2182 1366 2224 Riess,
1397 2180 1482 2214 Gan.
1511 2180 1711 2214 392—420.

230 2237 313 2271 Vidi
332 2237 412 2270 libri
431 2236 646 2281 exemplum,
666 2236 759 2280 quod
774 2238 897 2270 exstat
910 2235 1091 2270 Monachii
1106 2236 1142 2269 in
1156 2234 1374 2269 bibliotheca
1389 2234 1500 2277 regia,
1521 2233 1676 2276 „Polem.
1692 2233 1761 2267 524
1778 2232 1883 2277 (4⁰)“.

111 2291 191 2325 Alia
218 2291 382 2336 exempla
409 2292 557 2324 exstant
583 2289 713 2324 ibidem
732 2290 767 2323 in
786 2289 1004 2323 bibliotheca
1022 2289 1282 2328 universitatis,
1310 2287 1467 2321 Berolini
1486 2287 1522 2320 in
1540 2287 1755 2321 bibliotheca
1773 2286 1884 2330 regia,

112 2344 352 2379 Salmanticae
379 2344 414 2377 in
441 2343 657 2378 bibliotheca
675 2343 936 2383 universitatis,
965 2342 1160 2377 Cracoviae
1187 2342 1222 2375 in
1248 2341 1466 2376 bibliotheca
1492 2340 1752 2374 universitatis.

230 2398 269 2431 In
295 2397 375 2432 libri
404 2397 578 2442 exemplo,
606 2397 699 2441 quod
729 2397 765 2430 in
791 2396 1009 2431 bibliotheca
1044 2395 1254 2430 monasterii
1290 2394 1477 2429 cuiusdam
1504 2394 1588 2435 vidi,
1625 2394 1711 2427 folio
1745 2393 1883 2427 titulari

110 2452 199 2486 haec
226 2451 400 2496 inscripta
426 2453 527 2485 sunt:
570 2451 694 2492 „Hunc
719 2450 850 2484 librum
876 2450 1059 2484 Johannes
1085 2449 1262 2494 Dreyling
1288 2460 1308 2482 a
1334 2448 1511 2491 Wagrain
1538 2449 1605 2481 etc.
1633 2447 1803 2492 possidet,
1840 2459 1885 2481 ex

111 2505 201 2539 dono
228 2505 342 2549 ipsius
367 2504 514 2545 autoris,
542 2504 742 2548 Reuerendj
771 2503 960 2537 admodum
996 2503 1109 2547 patris
1145 2504 1181 2536 et
1216 2501 1503 2536 consummatiss.
1531 2500 1716 2546 Theologj‚
1752 2501 1883 2546 dominj

111 2558 210 2603 Petrj
238 2557 383 2603 Canisij,
410 2569 430 2591 a
457 2569 525 2602 quo
553 2558 688 2602 pariter
713 2558 854 2601 accepit
879 2557 1080 2590 Marianum
1109 2557 1230 2600 opus.“
1285 2556 1437 2590 Ioannes
1463 2554 1639 2600 Dreyling
1667 2554 1883 2599 (Dreylingii

111 2624 156 2646 ex
183 2611 393 2645 clarioribus
420 2614 523 2645 erant
549 2610 677 2645 Tirolis
703 2610 866 2654 familiis)
896 2611 990 2644 inter
1015 2621 1047 2644 a.
1069 2610 1159 2644 1570
1187 2612 1223 2643 et
1244 2608 1335 2643 1580
1361 2609 1403 2643 de
1434 2608 1603 2651 „consilio
1630 2607 1765 2642 aulicobc
1796 2610 1884 2647 erat,

111 2665 205 2709 quod
232 2665 481 2698 Ferdinandus
508 2665 553 2699 lI.
580 2664 756 2698 archidux
783 2663 985 2708 Oeniponte
1011 2663 1055 2697 ad
1081 2675 1140 2697 res
1167 2665 1290 2706 gestas
1322 2662 1547 2705 „regiminis“
1577 2662 1885 2705 recognoscendas

111 2730 156 2753 ex
183 2718 272 2752 viris
299 2717 531 2752 nobilissimis
558 2720 594 2751 et
620 2717 849 2762 gravissimis
875 2717 1114 2751 constituerat
1142 2716 1257 2759 (Hirn
1283 2715 1305 2750 l.
1334 2728 1363 2750 0.
1391 2716 1405 2749 Ι
1432 2716 1642 2757 468-469;
1670 2716 1703 2749 Il
1730 2716 1827 2759 375).

233 2822 243 2840 ¹
270 2820 404 2854 Ibidem
432 2821 620 2853 Fabritws
651 2819 694 2852 de
727 2818 851 2852 eadem
886 2817 1130 2863 typographia
1165 2817 1339 2852 *sm-ibit:
1381 2816 1501 2862 „Varij
1538 2819 1726 2862 praeterea
1752 2817 1886 2851 Poetae

111 2874 155 2908 ab
182 2874 276 2908 omni
304 2873 546 2907 obscoenitate
573 2872 729 2917 purgati,
756 2872 791 2905 in
819 2871 1029 2906 Scholarum
1056 2871 1209 2915 gratiam
1236 2871 1295 2905 hic
1321 2873 1407 2905 sunt
1432 2871 1588 2905 exousi.“
1644 2870 1690 2905 Et
1716 2871 1752 2905 in
1782 2872 1885 2905 Cata—

110 2929 187 2971 Zoyo
213 2927 503 2968 franeofurtensi,
531 2938 634 2970 quem
660 2926 763 2959 modo
791 2925 875 2966 dixi,
902 2925 937 2959 in
963 2937 1110 2959 numero
1144 2925 1317 2959 librorum
1343 2936 1374 2959 a.
1402 2925 1488 2959 1571
1519 2936 1732 2959 excusorum
1769 2925 1886 2969 posita

111 2983 167 3015 est
196 2980 390 3025 „Syntaxis
416 2980 559 3014 Ioannis
585 2978 767 3024 Holthusij
796 2979 1019 3024 Kempensis,
1055 2978 1219 3013 Rectoris
1254 2978 1405 3023 literarij
1442 2978 1517 3012 ludi
1553 2977 1727 3012 ecclesiae
1764 2977 1886 3012 cathe-

112 3034 221 3068 dralis
248 3034 494 3076 Augustanae,
520 3033 650 3074 facilis,
677 3032 798 3067 breuis
825 3044 866 3067 ac
893 3032 1168 3077 compendiaria.
1219 3031 1398 3075 Dilingae,
1425 3032 1519 3076 apud
1547 3031 1739 3066 Sebaldum
1758 3032 1886 3076 Mayer

112 3087 338 3122 duodecim&
373 3087 413 3131 (f.
432 3087 460 3120 B
479 3087 544 3129 3¹³).
