2044 3335
127 197 129 203 ’
160 197 249 231 1569
406 193 514 227 Mart.
541 192 571 226 1.

160 302 250 337 1569
408 299 515 333 Mart.
540 298 571 332 3.

160 408 251 443 1569
409 406 518 440 Mart.
541 404 574 439 6.

162 568 252 603 1569
410 565 518 599 Mart.
542 564 574 599 8.

162 627 254 662 1569
411 624 521 659 Mart.
538 622 593 657 10.

163 686 253 720 1569
412 684 520 718 Mart.
539 682 592 716 11.

163 798 255 833 1569
424 795 556 830 Martio

166 911 256 945 1569
415 909 523 943 Mart.
542 907 596 942 13.

168 1127 257 1161 1569
416 1123 523 1157 Mart.
541 1121 594 1156 15.

169 1281 260 1316 1569
417 1284 526 1318 Mart.
543 1282 599 1316 17.

170 1389 259 1423 1569
418 1391 526 1424 Mart.
543 1388 599 1424 20.

171 1555 261 1589 1569
305 1597 306 1604 ἵ
418 1557 527 1591 Mart.
542 1555 600 1590 22.

174 1724 264 1759 1569
422 1727 532 1761 Mart.
547 1726 603 1760 24.

175 1837 266 1872 1569
309 1879 311 1890 Ι
424 1841 530 1875 Mart.
547 1839 603 1874 25.

177 1951 267 1986 1569
425 1954 532 1988 Mart.
549 1952 605 1987 27.

179 2120 270 2155 1569
312 2113 314 2150 1
428 2121 534 2155 Mart.
550 2119 606 2154 29.

181 2234 271 2268 1569
313 2218 315 2263 1
429 2233 539 2268 Mart.
555 2233 611 2267 31.

167 2358 277 2400 1569
315 2333 317 2357 ³
365 2354 472 2409 Apr.
497 2356 536 2397 2.
562 2352 671 2408 (35³)

317 2448 319 2471 l

318 2492 319 2523 1

320 2656 323 2748 1

190 2757 280 2792 1569
322 2749 324 2791 1
450 2755 538 2800 Apr.
557 2754 589 2788 3.

192 2870 282 2904 1569
323 2822 324 2846 ¹
454 2870 540 2913 Apr.
559 2868 592 2901 5.

192 2982 284 3017 1569
454 2981 542 3026 Apr.
561 2980 594 3014 7.

326 3039 330 3133 1

679 76 771 112 1568
796 76 881 110 Dec.
901 75 958 109 25.
978 94 1023 99 —-
1045 72 1136 107 1569
1164 71 1250 116 Apr.
1270 71 1302 105 7.
1819 74 1885 99 xm

705 190 743 225 F.
763 190 824 224 III.
845 190 890 223 ad
908 189 942 224 S.
961 186 1134 227 Maur-itii,
1161 197 1224 219 cur
1241 184 1278 218 in
1303 185 1486 229 posterum
1505 181 1548 215 de
1566 181 1732 226 passione
1751 180 1886 216 Christi

766 243 1038 277 contionaturus
1064 240 1122 280 sit,
1155 238 1315 283 explicat
1342 236 1457 280 (524).

707 297 746 331 F.
771 296 816 331 V.
843 295 975 330 ibidem
1003 293 1171 331 ostendit,
1199 290 1334 325 Christi
1360 289 1565 334 passionem
1590 288 1704 322 fuisse
1730 286 1885 322 omnium

767 349 975 394 passionum
1003 346 1259 391 gravissimam
1289 343 1375 388 (524
1402 342 1500 385 529).

708 403 880 437 Dom.11.
914 402 1045 443 Quadr.
1083 399 1214 433 ibidem
1253 397 1296 431 de
1335 395 1524 438 evangelio
1561 395 1631 429 diei
1669 396 1706 428 et
1745 393 1802 437 (ut
1835 393 1887 427 vi-

769 456 888 499 detur)
919 456 962 489 de
990 453 1134 489 Christo
1161 451 1196 486 in
1222 451 1327 485 horto
1346 447 1580 484 Gethsemani
1607 450 1730 482 orante
1756 447 1890 481 contio-

767 512 875 543 natur
903 507 1016 552 (525).

709 563 747 599 F.
771 563 834 597 III.
861 562 994 596 ibidem
1022 560 1065 594 de
1092 559 1236 593 Christo
1262 557 1402 602 prodito
1429 559 1466 590 et
1491 555 1633 589 deserto
1661 554 1748 588 dicit
1775 553 1889 597 (525).

710 623 747 657 F.
766 622 810 657 V.
838 622 970 656 ibidem
998 620 1040 654 de
1068 618 1213 654 Christo
1240 616 1496 661 comprehenso
1523 614 1611 648 dicit
1639 612 1753 657 (525).

710 683 903 716 Plautinus
930 681 1149 723 Antverpiae
1187 688 1313 711 noram
1343 677 1529 709 editionem
1556 670 1768 719 ‚‚Smnmae“
1796 673 1892 706 cani-

770 737 895 770 sianae
920 735 1067 768 absolsit
1096 732 1211 775 (677).

691 796 953 829 'Pr0m'm·2‘alis
977 793 1138 835 synodus
1166 789 1439 832 salisbnrssensis
1467 787 1504 821 C.
1532 786 1778 820 catechismum
1805 795 1894 818 com-

772 849 914 882 mendac
943 846 1060 891 (682).

712 908 814 943 Dom.
842 907 904 941 ΙΙΙ.
933 905 1065 947 Quadr.
1094 903 1132 938 C.
1159 903 1349 945 Augustae
1380 900 1417 934 in
1449 898 1583 943 templo
1610 897 1644 933 S.
1663 897 1825 932 Mauritii
1851 896 1894 930 de

774 960 957 995 daemonis
984 959 1020 992 in
1046 957 1210 991 homines
1235 956 1416 1001 potestate
1442 952 1672 996 obsessisque
1699 951 1762 994 (ex
1788 961 1894 984 evan-

773 1014 868 1058 gelio
894 1012 979 1056 diei)
1007 1014 1043 1045 et
1068 1011 1111 1045 de
1131 1009 1274 1045 Christo
1301 1008 1346 1042 ad
1365 1008 1506 1041 Annam
1525 1005 1771 1050 Caiphamque
1789 1003 1895 1037 ducto

774 1068 861 1102 dicit
892 1067 976 1109 (525
1004 1064 1102 1108 529).

714 1123 752 1158 F.
772 1121 835 1156 IH.
854 1121 986 1155 ibidem
1015 1119 1058 1153 de
1079 1117 1222 1152 Christo
1249 1116 1284 1149 in
1312 1115 1414 1149 domo
1435 1113 1592 1158 Caiphae
1618 1111 1774 1157 plurima
1790 1121 1897 1155 passo

775 1177 812 1209 et
847 1174 889 1208 de
925 1172 1037 1208 variis
1074 1171 1146 1206 illis
1184 1169 1319 1204 Christi
1356 1167 1528 1213 patientis
1566 1163 1893 1211 „processionibus“

777 1229 1006 1263 contionatur
1036 1226 1119 1270 (525
1148 1224 1247 1267 531).

715 1284 753 1318 F.
774 1283 817 1317 V.
844 1282 976 1316 ibidem
1012 1280 1055 1314 de
1082 1279 1192 1313 Iudae
1225 1275 1475 1322 desperatione
1502 1276 1538 1308 et
1564 1274 1607 1307 de
1634 1272 1778 1308 Christo
1804 1270 1899 1316 apud

778 1335 952 1381 Caipham
981 1333 1112 1378 capitis
1138 1332 1308 1365 damnato
1334 1329 1422 1364 dicit
1451 1327 1564 1371 (525).

717 1391 819 1425 Dom.
846 1389 907 1423 IV.
945 1387 1076 1429 Quadr.
1109 1385 1241 1420 ibidem
1277 1384 1320 1417 de
1355 1382 1489 1417 solacio
1524 1392 1569 1416 ex
1606 1379 1794 1423 evangelio
1830 1377 1900 1412 diei

777 1443 950 1489 capiendo
986 1441 1074 1475 dicit
1107 1439 1302 1482 eodemque
1329 1435 1519 1479 evangelio
1545 1434 1588 1469 ad
1616 1432 1901 1468 communionem

776 1496 985 1543 paschalem
1012 1492 1332 1529 commendandam
1358 1491 1473 1524 utitur
1501 1487 1616 1532 (526).

697 1547 757 1593 'R
784 1557 847 1591 ΙΙΙ.
875 1555 1006 1590 ibidem
1043 1554 1086 1588 de
1124 1552 1259 1587 Christi
1295 1549 1467 1596 patientis
1507 1545 1836 1592 „processionibus“
1867 1546 1904 1578 et

779 1610 938 1645 maxime
977 1609 1019 1642 de
1059 1608 1184 1641 eodem
1223 1606 1266 1640 ad
1306 1604 1466 1638 Pilatum
1503 1601 1756 1645 Herodemque
1795 1599 1902 1633 ducto

782 1664 869 1699 dicit
897 1663 983 1706 (526
1010 1661 1109 1705 532).

683 1724 685 1726 ’
721 1725 760 1760 F.
781 1724 823 1759 V.
850 1723 984 1757 ibidem
1011 1721 1054 1755 de
1083 1719 1217 1754 Christi
1245 1719 1280 1752 iu
1307 1717 1474 1763 passione
1504 1713 1688 1758 ⁷,silentio“
1718 1715 1755 1747 et
1781 1712 1824 1747 de
1850 1712 1906 1745 Iu-

784 1777 883 1812 daeis
911 1776 987 1810 eius
1013 1777 1164 1808 mortem
1192 1771 1461 1818 postulantibus
1487 1769 1575 1803 dicit
1602 1767 1717 1811 (526).

723 1837 790 1873 Die
817 1833 1113 1871 Annuntiationis
1144 1833 1181 1867 Β.
1200 1833 1249 1866 M.
1268 1831 1312 1865 V.
1331 1830 1462 1864 ibidem
1489 1829 1532 1862 de
1557 1827 1648 1862 Filio
1670 1827 1737 1861 Dei
1763 1825 1906 1860 homine

783 1892 881 1925 facto
909 1892 945 1923 et
972 1889 1015 1923 de
1042 1887 1179 1922 Mariae
1206 1885 1374 1920 laudibus
1400 1884 1487 1917 dicit
1514 1881 1629 1925 (526).

725 1951 826 1986 Dom.
847 1948 1031 1984 Passionis
1060 1946 1190 1981 ibidem
1218 1945 1260 1979 de
1288 1942 1479 1986 evangelio
1506 1941 1575 1975 diei
1598 1952 1640 1974 ac
1657 1939 1796 1974 ratione
1814 1937 1908 1972 sacri

785 2003 960 2048 temporis
980 2001 1209 2036 contionatur
1227 2001 1264 2033 et
1282 1996 1545 2032 confessionem
1569 1995 1798 2040 peccatorum
1817 2003 1910 2026 com-

787 2057 934 2092 mendat
962 2054 1077 2099 (526).

725 2118 765 2152 F.
793 2118 855 2152 III.
883 2116 1013 2150 ibidem
1051 2114 1094 2148 de
1125 2112 1268 2147 Christo
1302 2109 1488 2154 flagellato
1523 2111 1559 2142 et
1593 2106 1707 2152 spinis
1742 2106 1911 2140 coronato

788 2171 877 2205 dicit
905 2169 990 2213 (526
1018 2168 1118 2211 532).

729 2232 767 2266 F.
785 2222 831 2265 V.
858 2229 991 2263 ibidem
1018 2227 1060 2261 de
1090 2226 1233 2260 Christo
1259 2223 1402 2258 Iudaeis
1429 2223 1573 2256 ostenso
1602 2220 1734 2264 („Ecce
1765 2216 1910 2261 homo“)

790 2286 826 2318 et
852 2284 895 2317 de
922 2282 1053 2316 ultima
1079 2280 1188 2314 Pilati
1216 2278 1396 2313 sententia
1422 2275 1651 2310 contionatur
1679 2272 1795 2316 (526).

731 2353 790 2404 C.‚
835 2354 885 2394 ut
930 2348 1233 2392 Centuriarum
1278 2342 1534 2387 refutationi
1583 2356 1639 2383 ex
1687 2340 1729 2383 S.
1762 2338 1828 2380 Pii
1859 2337 1913 2381 V.

791 2416 1004 2459 mandatu
1043 2427 1207 2456 vacare
1250 2415 1294 2454 et
1331 2421 1640 2462 nonnunquam
1674 2403 1918 2448 contionari

791 2482 944 2538 possit,
979 2495 1057 2535 per
1087 2479 1128 2522 S.
1149 2477 1431 2520 Franciscum
1454 2473 1659 2527 Borgiam
1692 2469 1918 2526 praeposi-

793 2551 886 2591 tum
933 2545 1183 2600 generalem
1229 2542 1371 2585 officio
1415 2537 1697 2595 provincialis
1745 2535 1917 2579 omnino

794 2614 1030 2662 liberatur,
1081 2610 1127 2653 P.
1171 2608 1356 2651 Hoffaeo
1403 2606 1448 2648 in
1495 2605 1588 2647 eius
1631 2604 1774 2646 locum
1819 2601 1920 2643 sub-

796 2678 952 2721 stituto
987 2675 1123 2729 (293).

737 2748 1067 2784 D0m.Pa1ma1-um
1093 2746 1130 2780 in
1156 2744 1292 2789 templo
1320 2743 1354 2778 S.
1375 2741 1537 2776 Mam-itii
1564 2752 1609 2774 ex
1636 2737 1825 2782 evangelio
1852 2735 1923 2771 diei

798 2802 923 2837 fideles
948 2801 992 2835 ad
1021 2799 1307 2834 communionem
1333 2795 1542 2841 paschalem
1572 2792 1730 2827 instituit
1759 2790 1873 2835 (526).

738 2864 778 2898 F.
804 2862 867 2896 ΙΙΙ.
895 2861 1027 2895 ibidem
1064 2860 1106 2894 de
1134 2858 1277 2893 Christo
1313 2858 1349 2891 in
1384 2857 1543 2890 montem
1574 2852 1763 2888 Calvariae
1795 2851 1923 2885 educto

801 2919 838 2950 et
864 2916 907 2950 de
935 2915 1013 2948 eius
1039 2913 1208 2958 passione
1236 2909 1522 2946 commiseranda
1553 2906 1639 2941 dicit
1667 2905 1781 2950 (526).

741 2977 779 3011 F.
798 2976 842 3011 V.
863 2975 1004 3008 Coenae
1024 2971 1167 3007 Domini
1194 2971 1326 3005 ibidem
1349 2969 1392 3003 de
1410 2966 1634 3014 praestantia
1652 2975 1778 3000 sacrae
1796 2961 1925 2998 eucha-

802 3028 927 3063 ristiae
964 3030 1000 3061 et
1036 3027 1079 3060 de
1106 3025 1231 3059 eadem
1257 3024 1323 3058 sub
1349 3034 1421 3057 una
1447 3021 1567 3067 specie
1592 3019 1767 3054 sumenda
1793 3016 1926 3051 contio-

802 3085 911 3117 natur
940 3080 1054 3124 (526).
