2044 3335
632 114 746 148 Roma
771 115 873 149 initio
900 126 946 150 m.
966 114 1174 149 Decembris
1196 114 1296 148 1568.
1762 117 1846 157 233

78 234 308 279 Germania
340 234 407 276 uel
442 234 592 276 Italia:
638 234 751 287 quod
784 233 819 275 si
852 234 1074 277 uideretur
1106 247 1203 275 eum
1236 247 1321 275 non
1354 246 1481 287 posse
1513 232 1667 284 iuuari,
1703 232 1847 275 dimit-

74 300 253 343 tendum
286 313 394 349 esse,
429 299 623 341 suauiter
654 302 802 341 tamen
837 302 880 342 et
913 302 1112 342 amanter
1144 313 1239 340 cum
1274 298 1346 340 illo
1383 298 1598 351 agendum
1630 312 1738 347 esse,
1773 298 1849 340 sed

78 368 122 408 et
154 365 284 406 clare.

193 429 310 471 XIII.
344 429 452 479 Quid
477 429 528 470 de
561 428 761 482 ingressu
786 428 1169 471 Serenissimarum
1192 428 1459 481 Reginarum
1483 428 1525 470 in
1549 428 1818 481 Collegium?
1834 431 1848 455 1

76 495 126 538 R.
151 497 240 536 est:
273 494 448 536 Patrem
473 493 893 548 Viceprouincialem
927 508 1023 536 esse
1056 493 1373 536 admonendum
1408 493 1460 535 de
1493 507 1542 535 eo
1570 493 1846 535 moderando.

193 559 332 602 XIIII.
367 558 434 600 An
461 559 504 601 P.
530 558 726 600 Canisius
759 573 855 600 cum
888 559 1059 601 nomine
1083 561 1267 609 tantum,
1303 572 1357 600 an
1381 559 1511 600 etiam
1540 573 1634 600 cum
1660 557 1849 600 auctori-

74 627 169 667 tate
209 623 504 675 ProuinciaHs,
548 624 605 666 sit
646 623 689 665 in
724 624 1000 666 Germaniam
1042 623 1372 666 remittendus-2.
1436 624 1487 666 R.
1523 626 1608 666 est:
1653 624 1760 665 Eum
1805 626 1850 665 et

73 704 121 732 re
153 691 198 732 et
229 688 401 731 nomine
435 689 751 731 Prouincialem
785 689 940 740 redire,
975 689 1102 732 sicuti
1136 692 1180 731 et
1212 688 1294 731 fuit
1326 688 1557 739 hactenus;
1601 692 1645 731 et
1678 689 1848 741 quidem

76 769 154 809 per
194 754 368 807 aliquod
409 755 542 796 breue
584 756 770 809 tempus
815 754 915 796 dum
958 754 1203 807 executionj
1245 754 1510 796 mandantur
1542 768 1652 807 quae
1684 754 1849 796 Romae

74 823 176 863 sunt
220 820 471 870 constituta,
515 820 738 862 exercebit
778 819 871 873 ipse
914 819 1251 862 Gubernationis
1292 833 1460 870 munus,
1503 834 1580 874 per
1622 820 1667 862 P.
1701 822 1849 861 tamen

75 884 514 939 Viceprouincialem:
554 887 707 939 postea
739 898 786 926 se
818 884 999 939 recipiet
1031 885 1085 927 ad
1119 885 1407 934 scribendum,
1451 887 1495 927 et
1528 885 1700 926 omnino
1734 898 1849 925 com-

73 950 220 993 mittet
251 950 616 1005 Viceprouincialj
660 950 1082 993 administrationem
1125 950 1396 992 Prouincias.
1462 950 1507 992 Si
1551 949 1651 1003 quid
1700 952 1847 991 tamen

72 1015 117 1057 in
157 1030 204 1057 re
243 1016 390 1069 aliqua
431 1015 555 1069 grauj
594 1015 676 1069 ipsi
717 1015 918 1058 uideatur
960 1015 1132 1058 omnino
1173 1016 1267 1057 fieri
1301 1015 1471 1066 debere,
1515 1015 1679 1070 poterit
1712 1014 1849 1056 eidem

72 1081 310 1134 iniungere,
354 1081 423 1122 uel
457 1081 638 1123 Romam
672 1080 708 1122 si
741 1080 960 1123 uidebitur
991 1081 1195 1131 scribere,
1239 1080 1351 1123 sicut
1383 1083 1428 1122 et
1460 1079 1850 1135 Viceprouincialis

75 1160 170 1188 eum
204 1146 247 1188 in
279 1145 524 1188 huiusmodi
557 1145 764 1199 grauibus
797 1146 925 1187 rebus
959 1146 1120 1200 poterit
1153 1146 1391 1188 consulere.

192 1211 286 1254 XV.
333 1211 440 1261 Quid
479 1211 532 1253 de
577 1211 859 1254 clandestinis
904 1211 1213 1265 matrimonijs‚
1261 1225 1356 1253 cum
1404 1211 1627 1253 decretum
1673 1210 1848 1265 Concilij

73 1276 338 1330 publicatum
384 1291 469 1318 non
514 1276 571 1319 sit
611 1276 900 1330 Jngolstadij‚
945 1276 1215 1320 authoritate
1257 1276 1463 1330 ordinarij
1479 1278 1507 1327 3,
1557 1276 1633 1318 sed
1677 1278 1850 1319 tantum

75 1341 327 1396 Principis4.
390 1342 663 1396 Responsum
707 1346 797 1384 est:
841 1342 954 1395 quod
997 1342 1219 1385 decretum
1253 1342 1358 1384 illud
1392 1341 1479 1383 uim
1513 1341 1684 1394 quidem
1727 1355 1850 1383 suam

73 1407 225 1457 habet,
275 1407 446 1450 etiamsi
494 1421 579 1449 non
628 1407 686 1450 sit
732 1407 1000 1461 publicatum
1055 1407 1323 1450 authoritate
1374 1407 1633 1461 Ordinarij5,
1688 1421 1714 1449 a
1767 1421 1849 1460 quo

73 1474 218 1515 tamen
262 1472 317 1514 ad
359 1473 589 1523 cautelam,
632 1475 782 1527 posset
824 1486 1060 1515 consensus
1103 1472 1266 1515 curari:
1312 1473 1368 1515 Et
1410 1473 1491 1515 hoc
1532 1472 1849 1526 Ingolstadium

74 1537 347 1580 scribendum
382 1540 462 1581 est.

193 1603 261 1645 Ex
294 1603 595 1646 commissione
628 1604 675 1646 P.
710 1603 955 1658 Praepositi

1212 1670 1407 1712 vloannes
1440 1669 1492 1711 de
1527 1668 1727 1711 Polanco.

194 1773 291 1807 Inter
317 1773 406 1808 haec
423 1785 597 1819 responsa
614 1773 752 1807 nullum
773 1776 837 1815 est,
858 1773 951 1817 quod
970 1773 1087 1816 magis
1106 1774 1233 1807 mirum
1254 1773 1368 1807 videri
1388 1772 1513 1818 possit,
1533 1784 1640 1816 quam
1664 1771 1850 1811 ultimum;

73 1826 141 1860 hoc
176 1827 269 1861 enim
304 1827 456 1861 edicitur
491 1827 676 1861 decretum
710 1827 860 1861 Concilii
888 1826 1101 1867 Tridentini,
1137 1839 1207 1871 quo
1242 1827 1471 1861 matrimonia
1509 1825 1734 1860 clandestina
1771 1824 1850 1858 sive

74 1879 179 1914 aliter
215 1892 323 1925 quam
361 1883 554 1926 praesente
589 1880 745 1926 parocho
782 1883 818 1915 et
853 1881 992 1915 duobus
1027 1881 1193 1915 tribusve
1229 1881 1385 1915 testibus
1413 1882 1598 1914 contracta
1634 1880 1737 1913 irrita
1771 1890 1850 1913 esse

72 1934 250 1975 iubentur,
280 1934 374 1977 „uim
401 1946 504 1968 suam
529 1934 673 1975 habere,
702 1934 843 1968 etiamsi
870 1946 940 1968 non
967 1934 1016 1968 sit
1042 1934 1264 1980 publicatum
1292 1934 1513 1968 authoritate
1533 1933 1751 1978 Ordinarij“‚
1787 1932 1849 1966 sed

80 1990 242 2028 „tantum
267 1987 483 2032 Principis“.
535 1987 661 2023 Refert
697 1988 840 2032 quidem
878 1989 1052 2031 Aeyfidrzm
1087 1989 1213 2022 Μανία
1244 1989 1363 2021 6131ιίίὶ
1395 1987 1428 2022 S.
1456 1988 1488 2022 J.
1519 1987 1556 2030 (†
1585 1986 1705 2029 1748),
1745 1997 1851 2030 quem

74 2041 291 2076 Benedictus
316 2041 413 2076 XIV.
441 2041 484 2076 ob
510 2041 599 2076 iuris
626 2041 789 2076 canonici
816 2041 983 2086 peritiam
1010 2042 1132 2086 magni
1160 2041 1320 2075 faciebat
1355 2043 1391 2075 et
1417 2041 1460 2075 ad
1489 2052 1578 2086 opus
1610 2040 1680 2083 ⁷,De
1708 2039 1851 2084 Synodo

73 2094 304 2130 dioecesana“
336 2095 594 2129 conficiendum
621 2095 835 2129 adhibebat:
868 2095 923 2137 „S.
952 2095 1195 2139 Congregatio
1215 2094 1366 2129 Concilii
1395 2122 1402 2130 .
1419 2121 1450 2129 ..
1478 2094 1628 2128 Senatui
1648 2093 1851 2128 Coloniensi

73 2148 285 2188 sciscitanti,
313 2160 358 2182 an
385 2148 497 2183 menti
512 2148 712 2183 Tridentini
740 2150 877 2183 factum
905 2151 1003 2183 esset
1029 2150 1120 2183 satis
1146 2161 1211 2194 per
1237 2148 1383 2183 Decreti
1410 2147 1691 2193 publicationem
1718 2159 1787 2181 non
1815 2146 1850 2180 in

78 2201 236 2236 Ecclesia
262 2202 476 2243 Parocliiali,
503 2202 564 2237 sed
592 2214 680 2237 voce
709 2202 902 2237 Praeconis
930 2203 964 2236 in
984 2202 1112 2237 Platea
1132 2202 1314 2238 Civitatis.
1341 2201 1546 2247 respondit:
1574 2201 1846 2243 ‚affi1·mative‘.“

73 2256 128 2298 Ita
162 2256 290 2290 testari
325 2255 545 2290 cardinalem
572 2256 769 2290 Robertum
796 2256 1055 2290 Bellarminum
1087 2257 1123 2299 (†
1152 2256 1259 2299 1621)
1298 2256 1333 2290 in
1364 2255 1696 2298 „annotationibus“
1737 2254 1851 2299 ipsius

198 2398 207 2417 ¹
232 2397 450 2440 Magdalena
477 2402 513 2431 et
530 2397 668 2432 Helena
687 2397 834 2441 reginae
861 2410 881 2432 a
900 2398 934 2432 S.
953 2399 1017 2432 Pio
1031 2398 1076 2432 V.
1103 2398 1318 2433 facultatem
1345 2398 1632 2443 impetraverant
1659 2396 1851 2440 collegium

74 2450 363 2495 oenipontanum,
400 2451 697 2495 quotiescumque
732 2452 822 2496 ipsis
856 2451 977 2486 visum
1015 2454 1122 2494 esset,
1162 2452 1407 2495 ingrediendi;
1448 2463 1520 2495 qua
1554 2450 1732 2485 facultate
1770 2461 1850 2484 cum

74 2504 300 2548 frequentius
325 2507 524 2546 uterentur,
561 2505 732 2539 Hoffaeus
758 2505 1077 2550 viceprovincialis
1113 2517 1193 2540 cum
1223 2505 1366 2540 Canisio
1402 2517 1465 2550 per
1491 2505 1634 2539 litteras
1659 2515 1850 2547 conquere-

75 2558 200 2600 batur3
226 2570 260 2592 v.
287 2569 397 2603 supra
423 2570 455 2602 p.
478 2558 560 2592 215.

194 2618 207 2638 ²
233 2617 273 2652 P.
300 2619 439 2651 Paulus
459 2619 632 2661 Hoffaeus
650 2617 969 2663 viceprovincialis
995 2618 1038 2652 ad
1066 2618 1235 2661 Borgiam
1256 2619 1423 2661 Augusta
1453 2619 1505 2651 17.
1525 2617 1735 2651 Decembris
1762 2617 1852 2651 1568

74 2671 238 2716 scripsit:
278 2671 414 2713 „Audio
440 2671 480 2705 P.
509 2671 692 2706 Oanisium
719 2671 846 2713 redire,
882 2675 1026 2717 tempus
1062 2675 1118 2706 est
1144 2674 1185 2705 vt
1210 2671 1250 2706 P.
1270 2671 1313 2706 V.
1351 2682 1397 2705 ex
1431 2672 1549 2706 animo
1585 2671 1768 2705 obsecrem
1796 2681 1852 2704 me

74 2725 119 2759 ab
145 2725 213 2758 hac
232 2725 455 2768 gubernandi
483 2736 569 2759 cura
595 2724 744 2759 liberet:
772 2727 834 2759 aut
861 2725 891 2759 si
918 2725 952 2760 id
981 2725 1058 2760 fieri
1084 2725 1152 2759 hoc
1171 2728 1331 2769 tempore
1357 2736 1428 2759 non
1453 2726 1575 2769 potest
1600 2723 1727 2758 saltem
1756 2723 1853 2757 clare

74 2778 276 2823 perscribat
302 2779 387 2822 quid
414 2790 523 2822 agere
550 2779 709 2819 debeam,
737 2779 821 2823 quid
850 2790 958 2822 agere
984 2779 1062 2813 sine
1089 2779 1128 2813 P.
1149 2778 1294 2813 Canisio
1320 2790 1391 2813 non
1417 2778 1572 2823 possim“
1602 2777 1663 2821 (ex
1690 2779 1851 2820 autogr.;

75 2832 117 2867 G.
143 2831 209 2877 Ep.
237 2831 285 2865 IX
312 2832 337 2866 f.
368 2833 480 2875 14021).

196 2891 209 2911 ³
237 2891 386 2925 Martini
421 2903 442 2926 a
479 2891 727 2936 Schaumberg
762 2892 922 2937 episcopi
959 2891 1206 2937 eystettensiS.
1258 2891 1297 2925 In
1325 2890 1522 2926 *Historia
1557 2890 1699 2934 collegii
1735 2889 1852 2933 lngo]-

75 2943 268 2978 stadiensis
303 2944 337 2978 S.
365 2945 398 2979 J.
431 2945 636 2979 affirmatur
674 2945 709 2979 in
746 2945 900 2980 dioecesi
937 2946 1153 2990 eystettensi
1188 2944 1387 2979 Concilium
1415 2945 1665 2979 Tridentinum
1701 2955 1731 2978 a.
1762 2944 1853 2978 1575

75 2998 229 3032 nondum
256 2997 370 3032 fuisse
395 2998 664 3043 promulgatum
692 2999 794 3043 (cod.
822 3001 970 3043 eystett.
994 2999 1108 3040 „Hist.
1129 2998 1208 3034 coll.
1228 2999 1326 3043 Ing.“
1350 2998 1399 3043 [v.
1423 2999 1509 3034 Can.
1530 2998 1563 3032 ΙΙ
1583 2997 1632 3042 LI]
1660 3009 1693 3042 p.
1713 2998 1758 3032 23
1777 2997 1851 3040 24).

195 3059 208 3077 ‘¹
234 3056 374 3091 Alberti
390 3057 432 3092 V.
460 3058 639 3093 Bavariae
665 3058 778 3093 ducis.

195 3116 208 3136 ⁵
234 3116 325 3150 Vide
352 3128 443 3160 quae
470 3117 513 3151 de
539 3117 607 3152 hoc
632 3129 804 3163 responso
832 3117 898 3152 sub
924 3117 1023 3162 ipsas
1049 3117 1115 3152 has
1142 3117 1291 3153 Polanci
1316 3117 1460 3153 litteras
1486 3118 1661 3153 dicentur.
