2044 3335
152 101 235 142 278
328 99 428 134 1629.
458 99 621 134 Canisius
648 100 681 135 S.
700 100 890 134 Francisco
918 99 1080 143 Borgiae.
1131 101 1300 145 Augusta
1318 101 1424 137 Vind.
1447 103 1500 137 19.
1518 102 1626 137 Mart.
1647 103 1748 138 1569.

268 217 484 271 Scriptum
529 221 596 260 est
636 218 878 269 Florentia,
924 217 1163 260 rediturum
1208 219 1263 261 ad
1305 233 1384 261 nos
1428 219 1549 261 breui
1591 220 1637 262 P.
1671 220 1914 262 Joannem1

150 280 379 333 Saxonem,
414 285 458 324 et
481 282 712 336 Oeniponti
743 283 937 325 futurum
959 282 1132 326 iterum.
1176 283 1274 325 Non
1298 284 1593 326 desideramus
1624 284 1745 326 illum
1766 285 1911 336 Pater,

149 346 224 387 sed
266 347 489 389 obtrusum
531 347 645 389 ferre
687 361 904 400 cogemur,
948 347 1115 390 vtinam
1156 361 1261 390 uero
1303 363 1398 390 cum
1440 349 1554 390 illius
1586 349 1743 400 fructu,
1786 363 1912 402 quem

148 410 322 452 nimium
356 411 553 453 nouimus
587 426 636 454 eo
669 412 711 453 in
744 412 838 454 loco
872 426 957 454 non
989 426 1085 454 esse
1107 413 1360 465 sanandum,
1393 413 1474 455 nisi
1497 428 1523 455 a
1545 414 1636 456 Deo
1658 414 1911 456 miraculum

147 476 264 518 fiat2.
328 477 540 528 Jngratus
582 477 665 519 erit
706 477 865 519 nostris
906 477 1022 518 illius
1062 477 1240 528 reditus,
1283 481 1328 521 et
1367 478 1449 532 ipsi
1490 478 1631 529 ualde,
1673 481 1721 521 ut
1752 481 1912 528 metuo,

147 540 427 594 periculosus.
490 542 628 584 Multo
670 555 783 583 nunc
825 544 893 584 est
933 541 1101 595 gratior
1141 542 1189 586 P.
1221 542 1439 585 Antonius
1455 544 1483 595 3,
1530 557 1659 597 quam
1700 543 1774 586 ille
1814 544 1911 595 fuit,

147 604 223 646 sed
265 604 316 646 de
356 605 437 647 hoc
480 619 649 659 quoque
693 606 765 648 diu
805 607 1031 649 retinendo
1073 606 1288 650 timemus
1351 608 1515 650 Verum
1555 609 1635 650 has
1677 622 1826 651 cruces
1858 622 1913 651 ex

146 671 273 722 parte
306 670 654 712 contionatorum
687 674 838 713 nostra
868 671 1065 725 inprimis
1097 671 1328 725 prouintia,
1362 674 1412 714 vt
1434 673 1552 715 nulla
1578 672 1780 715 fortassis
1812 673 1911 724 alia,

148 734 318 787 cogitur
350 734 550 788 experiri.
613 735 734 777 Nulli
766 738 868 778 sunt
898 736 1171 779 molestiores
1204 737 1509 791 superioribus,
1553 751 1681 790 quam
1714 737 1761 780 P.
1795 738 1912 780 Mar-

146 798 304 849 tinus4‚
359 799 406 842 P.
440 799 715 841 Schorichius
767 815 879 842 nunc
924 801 1147 843 Lanzutae
1195 801 1469 844 contionator
1521 804 1565 844 et
1612 801 1912 844 Confessarius

147 862 358 918 Principis
371 865 399 915 5,
435 865 481 907 P.
505 864 734 908 Antonius
785 866 868 908 Sed
900 866 1125 920 probanda
1147 871 1214 909 est
1239 866 1319 908 hoc
1341 867 1467 909 modo
1500 866 1714 921 patientia
1745 867 1912 921 superi-

147 941 282 980 orum,
328 932 372 971 et
403 929 585 971 ferenda
617 929 806 972 fortasse
847 945 949 985 pars
981 931 1127 984 aliqua
1159 931 1249 973 eius
1290 931 1618 983 maledictionis,
1661 946 1771 985 quae
1804 932 1912 974 Ger-

146 993 317 1035 maniae
348 998 524 1037 nostrae
565 995 844 1048 peculiariter
874 995 1040 1038 inflicta
1072 996 1257 1047 videtur,
1300 999 1349 1039 ut
1380 997 1516 1039 nubes
1549 997 1692 1039 desint
1724 997 1779 1039 ad
1811 1010 1912 1039 con-

145 1058 372 1101 ficiendam
413 1059 617 1113 plumam,
661 1074 772 1112 quae
813 1063 976 1103 terram
1019 1061 1184 1103 aridam
1228 1064 1272 1104 et
1304 1062 1496 1103 sterilem
1529 1062 1707 1103 humore
1739 1061 1911 1115 gratiae

145 1121 311 1166 imbuat
353 1126 484 1177 atque
516 1124 792 1178 perfundatss.
857 1125 902 1168 Si
933 1129 1082 1168 tamen
1114 1126 1261 1169 veniet
1291 1126 1565 1180 Merquitius,
1608 1141 1692 1168 non
1735 1126 1912 1169 habebit

145 1187 192 1229 P.
228 1188 388 1230 Paulus
419 1203 597 1231 necesse
630 1190 791 1232 diutius
824 1191 1078 1234 contionari.

261 1253 329 1295 Ne
362 1254 590 1308 promittat
627 1269 788 1308 quaeso
823 1255 870 1299 P.
904 1256 953 1299 Τ.
986 1256 1114 1298 facile
1146 1256 1393 1307 Archiduci‚
1435 1259 1484 1299 ut
1515 1259 1692 1310 praeter
1724 1256 1909 1298 aulicum

144 1317 502 1370 contionatorem‚
537 1320 670 1362 etiam
701 1320 1018 1374 parrochialem
1053 1321 1156 1363 dare
1180 1335 1400 1374 cogamur.
1453 1321 1553 1364 Jam
1576 1324 1679 1364 ante
1711 1321 1911 1376 promisit

142 1382 277 1433 nobis,
320 1397 367 1425 se
409 1387 680 1435 curaturum,
723 1388 772 1427 vt
812 1389 912 1439 post
952 1386 1116 1440 pascha
1157 1389 1364 1428 externus
1406 1386 1562 1439 aliquis
1604 1387 1656 1429 D.
1690 1386 1825 1428 Paulo
1867 1386 1910 1429 in

144 1447 352 1490 cathedra
393 1450 610 1500 succedat,
651 1450 780 1503 idque
818 1450 946 1492 facile
978 1466 1057 1493 nos
1090 1452 1321 1494 effecturos
1354 1452 1534 1502 confido,
1577 1451 1614 1492 si
1645 1451 1748 1492 nihil
1783 1451 1910 1493 isthic

141 1512 184 1553 in
217 1514 481 1556 contrarium
504 1518 740 1558 statuatur.
794 1516 1044 1570 Expectant
1065 1516 1294 1570 Reginae7
1325 1530 1448 1558 suum
1482 1530 1652 1569 quoque
1687 1516 1910 1558 contiona-

142 1579 281 1619 torem
304 1579 444 1621 Halae
477 1579 738 1633 peculiarem
762 1594 785 1622 e
807 1581 983 1625 nostris.
1036 1581 1159 1635 Rogo
1185 1583 1324 1636 pater,
1358 1595 1412 1623 ne
1444 1581 1687 1623 huiusmodi
1710 1581 1911 1623 oneribus

142 1642 404 1696 prouintiam
448 1645 626 1698 grauari
673 1645 990 1700 permittamus.
1056 1647 1197 1689 Vnum
1244 1646 1280 1688 si
1329 1646 1520 1696 dederis,
1575 1646 1766 1689 retinent
1813 1660 1909 1688 eum

144 1708 372 1759 mordicus,
416 1712 461 1751 et
500 1710 598 1752 ilico
638 1711 981 1765 praescribuntss.
1046 1711 1224 1754 Vtinam
1267 1725 1364 1753 cum
1405 1711 1603 1753 foeminis
1645 1711 1750 1753 nihil
1787 1711 1910 1753 nobis

143 1772 304 1827 negotij
350 1774 478 1825 foret,
523 1775 605 1817 nisi
650 1776 882 1819 dumtaxat
923 1776 968 1818 in
1013 1776 1283 1819 confessione
1328 1778 1373 1818 et
1413 1779 1785 1819 sacramentorum
1831 1776 1907 1818 ad·-

144 1837 474 1882 ministratione.

264 1903 424 1958 Scripsi
455 1905 694 1947 Louanium
726 1905 838 1960 [etc.,
873 1912 918 1948 ut
949 1921 1081 1962 supra
1113 1922 1153 1961 p.
1177 1906 1304 1960 275J.

262 1967 522 2012 Misereatur
554 1971 671 2012 Deus
702 1971 760 2014 M.
784 1971 970 2013 Simonis
1001 1971 1251 2013 Leodiensis
1284 1985 1368 2013 non
1401 1971 1465 2013 ita
1496 1985 1632 2026 nuper
1663 1971 1778 2014 inter
1809 1985 1910 2013 suos

147 2032 286 2083 occisi,
321 2048 448 2087 quem
480 2035 594 2078 uotis
626 2036 968 2078 liberaueramus
982 2038 1011 2079 9.
1069 2036 1298 2079 Jiifelicius
1330 2036 1470 2078 adhuc
1503 2037 1576 2089 agi
1608 2036 1781 2079 uidetur
1812 2050 1909 2078 cum

146 2195 424 2232 moderationem
451 2198 630 2240 adhiberi;
671 2202 707 2233 et
733 2227 740 2234 .
761 2227 795 2234 ..
823 2201 1045 2243 rogaverunt
1070 2197 1111 2233 R.
1139 2197 1179 2232 P.
1208 2197 1419 2232 Generalem
1448 2197 1709 2243 Praepositum,
1746 2199 1782 2231 et
1815 2197 1907 2231 serio

146 2251 496 2293 commendaverunt,
523 2255 564 2286 ut
589 2252 708 2297 potius
734 2252 935 2298 applicaret
960 2252 1118 2286 animum
1144 2251 1188 2286 ad
1209 2252 1408 2286 roboranda
1435 2254 1471 2285 et
1496 2252 1541 2285 ad
1566 2250 1823 2296 perfectionem
1849 2250 1908 2284 ad-

146 2302 306 2337 ducenda
333 2303 493 2349 Collegia
519 2306 590 2340 iam
616 2306 784 2347 admissa,
820 2317 929 2349 quam
954 2305 999 2339 ad
1025 2316 1119 2339 nova
1146 2304 1386 2345 admittenda;
1424 2306 1470 2344 et,
1505 2305 1536 2338 si
1563 2315 1654 2348 quae
1687 2303 1908 2337 admittenda

147 2355 370 2391 existimaret
395 2370 440 2392 ex
467 2359 522 2399 iis,
557 2370 649 2403 quae
675 2360 897 2399 offerrentur,
925 2358 1099 2393 eiusmodi
1126 2360 1258 2400 essent,
1291 2360 1328 2392 et
1354 2358 1406 2392 eis
1431 2358 1467 2391 in
1493 2357 1600 2392 locis“
1631 2359 1719 2391 etc.:
1754 2356 1858 2391 Decr.
1886 2356 1907 2390 S

147 2411 226 2452 post
252 2410 295 2445 el.
325 2410 547 2454 (Institutum
574 2411 609 2447 S.
626 2413 658 2447 J.
678 2412 711 2446 Π
740 2411 956 2455 195—196).

267 2466 277 2482 ¹
303 2463 552 2508 Me1·quitium;
581 2477 615 2499 v.
641 2477 752 2511 supra
776 2477 809 2510 p.
830 2465 874 2500 83
903 2465 966 2499 161
998 2465 1076 2499 167.
1199 2465 1213 2484 ²
1240 2464 1293 2499 Cf.
1319 2463 1389 2498 Nm
1416 2464 1471 2505 26,
1501 2464 1562 2504 10;
1592 2464 1608 2497 1
1637 2463 1694 2506 Rg
1722 2462 1775 2503 14,
1804 2462 1858 2497 15.

264 2517 277 2536 ³
302 2516 482 2552 Kleselius
508 2519 732 2553 contionator
757 2518 896 2552 aulicus
921 2517 1137 2552 Ferdinandi
1163 2517 1208 2552 ΙΙ.
1236 2516 1449 2552 archiducis.

266 2571 278 2589 ‘¹
305 2570 344 2603 In
371 2570 571 2615 *Catalogo
598 2572 740 2615 collegii
766 2571 991 2605 monacensis
1017 2570 1118 2605 initio
1145 2582 1176 2605 a.
1198 2572 1287 2605 1569
1314 2583 1335 2605 a
1361 2571 1401 2604 P.
1426 2570 1614 2604 Domim‘co
1641 2570 1809 2612 Menyino
1833 2580 1908 2603 rec-

147 2622 223 2654 tore
258 2623 391 2667 scripto
427 2624 639 2666 affirmatur,
678 2625 718 2659 P.
746 2625 942 2658 Mai-tinum
978 2624 1253 2658 Stevordianum
1288 2624 1324 2657 in
1358 2623 1491 2667 templo
1527 2622 1561 2656 S.
1588 2621 1688 2656 Petri
1724 2622 1908 2656 contiones

149 2672 279 2708 habere
306 2675 409 2718 (GSC
436 2678 480 2711 66
506 2678 531 2711 f.
558 2689 627 2711 non
654 2677 746 2720 sign.
774 2680 856 2722 post
881 2678 905 2712 f.
934 2677 1032 2721 384).

269 2728 281 2746 ⁵
308 2728 500 2764 Guilielmi.
645 2731 658 2750 6
685 2730 739 2765 Cf.
765 2730 813 2765 Dt
840 2731 895 2772 32,
922 2731 962 2771 2;
997 2730 1017 2764 3
1044 2730 1101 2773 Rg
1126 2730 1158 2772 8,
1185 2730 1248 2770 35;
1276 2729 1312 2763 Is
1338 2730 1370 2771 5,
1396 2729 1435 2769 6;
1463 2728 1519 2762 Ier
1545 2728 1576 2769 3,
1604 2727 1624 2762 3
1652 2730 1719 2762 etc.

268 2781 279 2799 7
306 2780 519 2824 Magdalena
546 2785 582 2816 et
607 2783 756 2818 Helena.

268 2833 280 2852 ⁸
305 2833 345 2866 Id
372 2837 427 2867 est
454 2835 537 2877 (nisi
564 2835 704 2880 sallom:
741 2836 900 2870 Titulnm
935 2836 1013 2870 sive
1045 2836 1102 2870 ius
1128 2847 1208 2869 eum
1234 2834 1388 2869 habendi
1414 2833 1673 2878 praetendunt;
1709 2833 1754 2867 cf.
1781 2832 1907 2867 Totius

149 2884 356 2919 Latinitatis
382 2886 547 2929 Lexicon,
588 2889 640 2923 ed.
669 2889 711 2923 ab
739 2891 822 2933 Aey.
849 2891 1064 2933 Fora-ellium
1104 2889 1240 2922 emend.
1268 2899 1288 2921 a
1315 2889 1382 2921 Ios.
1409 2888 1631 2928 Furlanetw,
1669 2886 1731 2928 III,
1763 2885 1908 2920 Patavii

267 2991 280 3010 ³
306 2990 535 3034 Significatur
553 2993 671 3027 Simon
691 2995 879 3029 Damerius
906 2995 981 3029 sive
999 2995 1187 3028 Demerius
1215 2993 1339 3038 (supra
1366 3004 1400 3037 p.
1419 2992 1463 3026 27
1491 2992 1565 3036 29).
1605 2993 1804 3026 Sacchimcs
1831 2991 1908 3035 (qui

150 3055 230 3077 eum
264 3043 380 3078 minus
406 3048 503 3078 recte
529 3047 687 3090 appellat
717 3048 917 3089 ⁷,Simonem
944 3047 1164 3091 Emrium“):
1207 3046 1317 3090 „Cum
1351 3045 1386 3079 iu
1423 3044 1638 3079 Societatem
1672 3045 1821 3090 ipsam“‚
1857 3044 1906 3078 in-

151 3096 237 3140 quit,
276 3096 473 3139 „calamum
508 3099 685 3141 stringere
721 3100 834 3134 multa
867 3101 1039 3135 minitans
1074 3100 1273 3142 statuisset,
1311 3099 1454 3143 iamque
1493 3098 1681 3143 epistolam
1720 3099 1908 3132 exarasset
