2044 3335
141 101 242 136 1647.
264 99 349 134 Can.
363 98 487 133 Thom.
504 98 618 133 Gallo.
649 98 750 133 1648.
770 97 856 133 Gan.
875 98 923 132 M.
940 99 1023 131 Ant.
1037 96 1192 131 Amulio.
1222 96 1324 131 1649.
1343 95 1468 130 Thom.
1485 94 1612 130 Gallus
1632 94 1716 129 Can.
1772 98 1855 138 301

92 213 242 251 1647.
343 213 561 250 CANISIUS
588 212 650 248 P.
679 212 970 249 THOMAE
997 211 1226 248 GALLO
1257 210 1310 247 S.
1331 211 1386 247 J.

759 267 927 310 Augusta
946 266 1214 300 Vindelicorum
1242 265 1336 299 inter
1363 266 1397 300 9.
1418 267 1454 299 et
1482 265 1535 300 15.
1555 264 1692 309 Aprilis
1713 264 1815 298 1569.

210 339 265 372 Ex
291 338 447 383 epistula
473 337 517 371 ad
544 336 724 380 Borgiam,
751 337 794 371 de
821 349 891 381 qua
918 337 1023 379 infra,
1050 348 1103 381 ep.
1130 348 1165 370 n.
1186 336 1289 377 1650,
1316 338 1353 369 et
1379 347 1425 370 ex
1451 334 1687 380 autographo,
1724 334 1767 368 de
1794 345 1863 378 quo

93 393 196 434 infra,
224 403 276 436 ep.
296 403 330 425 n.
351 392 453 425 1649.

213 463 382 496 Canisiets
418 464 472 495 16.
500 462 642 505 Aprilis
677 463 771 494 1569
809 462 965 503 Boryiae
997 461 1203 504 praeposito
1239 460 1399 502 yenerali
1436 461 1484 492 ad
1522 460 1638 502 ipsius
1676 458 1863 501 epistulam

91 518 149 550 20.
179 516 307 549 Martii
332 527 396 558 per
422 515 618 548 Polancam
645 515 693 547 aa
718 526 753 547 se
779 515 902 547 datam
928 515 1164 557 respondens:
1192 511 1336 556 „Misi“‚
1363 514 1492 556 inquit,
1522 513 1592 556 „acl
1618 513 1663 545 D.
1694 512 1865 545 Thomam

96 569 239 602 Gallam
268 580 320 611 ea,
349 580 440 612 quae
464 570 609 611 scripsit
635 568 675 601 P.
708 569 744 600 T.
775 569 947 601 nimirum
973 572 1011 600 ut
1037 568 1238 600 Lauretum
1265 567 1306 599 ob
1332 577 1460 599 causas
1486 567 1587 609 dicas,
1626 570 1688 598 aut
1714 566 1865 598 Romam

90 633 226 665 qaoque
251 622 292 655 ob
318 626 478 655 votorum
495 622 704 654 solutionem
717 622 983 664 proficiscatur,
1008 622 1040 653 si
1058 621 1147 653 nolit
1166 621 1336 653 Viennam
1356 617 1480 651 adz're“
1503 621 1552 659 (v.
1571 630 1610 651 su
1614 629 1685 662 pra
1705 631 1743 661 p.
1762 618 1864 656 280).

95 676 223 709 Gallus
249 680 365 708 caraem
387 675 534 709 Cam'sz'o
553 675 756 717 Fridberya
778 678 831 708 16.
852 675 995 718 Aprilis
1015 676 1106 708 1569
1131 674 1295 716 scripsit:
1322 673 1474 715 „Accepi
1500 674 1622 705 literas
1648 673 1686 705 V.
1711 670 1775 705 R.“
1805 675 1864 704 etc.

92 796 247 834 1648.
348 798 566 833 CANISIUS
594 798 767 833 cardinali
794 796 1031 833 MARCO
1060 794 1367 832 ANTONIO
1396 793 1661 831 AMULIO
1699 794 1865 839 episcopo

282 852 433 886 reatino.
906 853 1073 894 Augusta
1091 850 1361 885 Vindelicorum
1389 849 1455 883 sub
1484 850 1538 883 16.
1558 847 1695 893 Aprilis
1715 848 1817 882 1569.

212 916 267 951 Ex
294 916 449 961 epistula
474 916 519 950 ad
545 916 727 960 Borgiam,
754 917 797 950 de
824 928 895 960 qua
922 916 1027 957 infra,
1054 927 1108 960 ep.
1127 927 1161 950 n.
1183 915 1285 949 1650.

212 983 376 1015 Excusat
401 993 447 1026 se,
474 983 568 1026 quod
593 983 630 1014 in.
663 983 852 1015 Helvetz'am
882 982 1003 1015 Socios
1028 992 1099 1015 non
1125 983 1252 1014 mittat.

213 1055 414 1096 Canisius
445 1056 640 1110 Augusta
672 1056 987 1096 Vindelicoram
1022 1056 1089 1096 16.
1113 1054 1280 1108 Aprilis
1314 1054 1429 1094 1569
1462 1054 1523 1093 ita
1557 1052 1614 1092 acl
1647 1052 1691 1093 S.
1725 1050 1864 1091 Fran-

90 1120 245 1161 ciscum
278 1120 482 1176 Boryiam
521 1121 808 1174 praepositum
849 1121 1086 1174 yeneralem
1119 1120 1287 1173 scripsit
1319 1119 1370 1159 de
1403 1117 1606 1159 Helvetiis
1639 1117 1865 1168 catholicis,

91 1186 163 1239 qui
203 1187 480 1226 seminarium
522 1187 607 1227 sive
639 1186 958 1240 Rupertivillac7
1001 1186 1086 1226 sive
1119 1184 1337 1237 Fr'ibzcryi,
1380 1184 1465 1224 sive
1496 1183 1719 1224 Lacernae
1760 1180 1865 1232 (sive

91 1250 338 1302 Lucarni?)
372 1252 549 1292 condere
593 1256 627 1292 et
660 1252 880 1293 Societatis
921 1250 1160 1291 hominibus
1193 1249 1423 1303 replendum
1457 1249 1629 1289 tradere
1660 1247 1864 1299 volebant,

92 1319 128 1356 et
169 1316 219 1356 de
260 1316 479 1357 cardinali
512 1316 662 1358 Marco
694 1316 878 1357 Antonio
913 1316 1096 1367 Amulio,
1140 1316 1214 1369 qui
1254 1328 1397 1355 eorum
1438 1319 1585 1368 royata
1630 1313 1765 1354 Roma
1807 1313 1865 1353 acl

92 1380 313 1422 Canisium
351 1383 592 1435 scripserat,
638 1386 681 1422 ut
722 1382 812 1423 elas
845 1382 908 1422 rei
936 1382 1082 1434 ¹qratia
1115 1381 1439 1422 contionatorem
1474 1380 1655 1433 aliquem
1687 1380 1733 1419 in
1766 1378 1866 1419 Hel-

90 1446 241 1486 vetiam
289 1448 465 1488 mitteret
513 1445 568 1497 (v.
602 1461 736 1500 supra
772 1461 818 1500 p.
846 1446 979 1492 238).·
1030 1446 1257 1498 „Adiunxi
1304 1446 1453 1486 literas
1500 1445 1683 1485 Domino
1734 1443 1864 1484 Carol.

90 1512 262 1552 Amulio
295 1526 321 1552 a
353 1526 417 1553 me
439 1513 633 1567 scriptas,
667 1526 774 1566 quae
798 1513 836 1552 si
862 1511 1088 1566 placebunt
1111 1511 1159 1553 P.
1191 1511 1234 1552 T.
1260 1511 1505 1565 obsiynatae
1536 1511 1600 1550 illi
1632 1510 1868 1550 tradantur

89 1577 193 1618 licet.
261 1577 378 1618 Certe
410 1582 454 1618 ut
486 1592 608 1632 saepe
649 1577 859 1627 indicaui,
899 1578 997 1631 plus
1030 1577 1141 1617 idem
1176 1576 1428 1617 Cardinalis
1460 1590 1486 1616 a
1520 1575 1639 1616 uobis
1670 1575 1866 1630 postulat,

91 1655 218 1696 quam
262 1643 468 1698 exiquitas
509 1648 655 1684 nostra
695 1642 812 1696 ferat
852 1643 928 1684 hoc
968 1647 1162 1695 tempore.
1236 1642 1367 1695 Spero
1413 1642 1581 1683 interim
1628 1654 1704 1681 izos
1749 1640 1867 1694 apud

90 1707 268 1748 eundem
313 1712 552 1749 excusatum
595 1708 667 1761 iri,
707 1708 961 1762 praesertim
1005 1722 1095 1748 cum
1130 1707 1318 1761 Heluetij
1357 1721 1441 1747 ‘non
1481 1707 1585 1747 satis
1620 1707 1664 1747 m
1697 1706 1770 1746 hoc
1803 1706 1866 1746 in-

90 1774 233 1814 stituto
273 1773 435 1814 scholae
477 1775 702 1815 conuenire
744 1774 957 1825 dicantur,
1005 1773 1206 1827 quicquid
1248 1773 1330 1813 sibi
1370 1772 1571 1826 nobisque
1615 1771 1867 1812 Cardinalis

90 1852 211 1893 prom
219 1839 323 1881 ittat.
334 1838 351 1856 “

211 1919 263 1953 De
290 1919 356 1953 hoc
382 1920 526 1963 negotio
554 1920 598 1954 cf.
626 1920 736 1954 etiam
765 1918 1146 1962 „Nuntiaturberichte
1173 1930 1239 1953 aus
1266 1919 1329 1952 der
1355 1917 1516 1952 Schweiz
1542 1917 1613 1952 seit
1639 1917 1718 1951 dem
1744 1916 1867 1950 Concil

92 1984 162 2006 von
189 1972 348 2007 Trient“.
402 1974 432 2008 1.
458 1972 676 2016 Abteilung:
714 1973 779 2007 Die
814 1973 1011 2007 Nuntiatur
1046 1985 1116 2007 von
1153 1972 1333 2006 Giovanni
1367 1972 1567 2005 Francesco
1599 1970 1815 2005 Bonhomini
1842 1970 1867 2010 I,

93 2025 213 2060 bearb.
241 2038 310 2060 von
338 2028 402 2060 Fr.
431 2028 580 2070 Steffens
605 2039 639 2061 u.
666 2027 796 2061 Heinr.
824 2028 1040 2070 Ree'nlzardt,
1069 2026 1262 2060 Solothurn
1294 2026 1396 2066 1906,
1423 2026 1466 2059 21
1495 2025 1649 2059 26—27.

94 2148 248 2186 1649.
347 2149 408 2186 P.
438 2149 722 2187 THOMAS
750 2149 1021 2187 GALLUS
1050 2150 1103 2187 S.
1124 2149 1178 2186 J.
1209 2150 1411 2185 CANISIO.

1253 2204 1451 2248 Fridberga
1479 2205 1533 2238 16.
1554 2203 1692 2248 Aprilis
1721 2203 1822 2237 1569.

215 2269 270 2303 Ex
309 2269 533 2314 autographo
564 2269 635 2313 (20;
669 2270 708 2312 ¹s2
736 2269 807 2314 p.);
849 2269 1015 2304 Canisius
1054 2270 1089 2303 in
1129 2269 1244 2303 altera
1283 2269 1417 2314 pagina
1456 2280 1522 2302 sua
1560 2280 1668 2302 manu
1707 2268 1870 2313 scripsit:

101 2324 141 2365 „†
167 2322 348 2367 Scriptum
375 2323 461 2357 Doc.
481 2322 639 2357 Thomae
668 2323 764 2357 Galli
791 2323 835 2357 ad
862 2323 903 2357 P.
924 2323 1107 2357 Canisium
1135 2322 1432 2357 P1·0uintialem“.
1473 2322 1515 2356 G.
1535 2322 1599 2366 Ep.
1620 2322 1651 2356 X
1678 2322 1702 2356 f.
1723 2322 1802 2356 350.

217 2394 320 2427 Nolle
344 2405 379 2427 se
404 2395 456 2428 vel
481 2395 520 2427 in
546 2394 693 2427 Italiam
716 2394 901 2437 proficisci
927 2395 976 2427 vel
1002 2395 1116 2427 detrito
1135 2395 1287 2428 Romam
1312 2394 1477 2427 scribere.
1513 2395 1582 2426 Aes
1608 2394 1766 2426 alienam
1792 2405 1813 2425 a
1839 2404 1874 2426 se

96 2448 275 2481 contrahi.
313 2449 366 2491 Se,
393 2450 425 2481 si
451 2449 539 2481 cotis
564 2459 636 2480 non
661 2448 830 2491 solvatur,
860 2448 1017 2491 „publice
1041 2446 1358 2490 protestaturemfl.

310 2527 337 2577 †
370 2526 463 2567 Pax
497 2525 655 2568 Christi
688 2528 769 2568 etc.
804 2525 1058 2567 Reuerende
1091 2525 1132 2566 in
1167 2525 1338 2567 Christo
1373 2524 1518 2567 Pater.

216 2602 379 2656 Accepi
419 2602 572 2645 literas
605 2602 657 2644 V.
681 2602 732 2644 R.
797 2602 933 2643 Miror
965 2615 1070 2643 sane
1113 2605 1157 2644 et
1188 2602 1419 2656 plusquam
1461 2601 1606 2651 miror,
1650 2615 1732 2654 quo
1773 2615 1872 2643 nam

96 2667 240 2710 animo
272 2671 427 2722 petant
442 2668 468 2717 1,
511 2670 560 2710 ut
600 2667 644 2708 in
677 2666 857 2710 Jtaliam
899 2667 1055 2709 iterum
1099 2681 1167 2708 me
1209 2667 1445 2717 conferam,
1490 2681 1585 2708 cum
1628 2666 1703 2708 uix
1741 2680 1874 2709 sanus

96 2733 196 2775 inde
227 2733 495 2776 recesserim.
560 2732 689 2774 Aliud
723 2746 802 2774 nec
834 2732 877 2773 in
912 2732 1192 2782 conscientia,
1227 2746 1306 2774 nec
1338 2732 1425 2773 ullo
1458 2732 1551 2773 iure
1583 2732 1731 2774 facere
1764 2746 1874 2785 queo

96 2801 174 2841 aut
207 2799 356 2849 debeo,
399 2812 527 2851 quam
569 2801 617 2841 ut
650 2812 730 2851 ego
769 2797 942 2839 illorum
976 2797 1161 2851 amplius
1194 2812 1278 2839 non
1313 2811 1458 2839 curem
1492 2798 1656 2849 literas,
1697 2798 1772 2839 sed
1805 2812 1874 2840 me

98 2867 333 2918 purgatum
373 2864 549 2905 reddam
592 2863 766 2918 publica
809 2862 1142 2917 protestatione,
1185 2877 1271 2904 non
1312 2863 1400 2904 scio
1442 2877 1521 2905 nec
1561 2863 1734 2905 inuenio
1774 2863 1875 2916 quid

99 2930 282 2971 ulterius
312 2929 484 2970 illorum
518 2929 662 2982 gratia
694 2929 840 2970 facere
874 2928 1088 2979 deberem,
1124 2942 1327 2982 cuperem
1359 2930 1508 2970 tamen
1541 2930 1651 2971 scire
1674 2943 1729 2970 ex
1753 2929 1804 2971 V.
1822 2929 1872 2972 R.

224 3048 230 3066 ¹
259 3045 337 3087 Qua
362 3046 500 3080 ratione
527 3045 561 3080 S.
586 3046 800 3080 Franciscus
829 3045 980 3088 Borgias
1006 3045 1234 3090 praepositus
1261 3045 1440 3089 generalis
1476 3045 1512 3079 id
1539 3057 1559 3080 a
1586 3046 1690 3081 Gallo
1716 3047 1872 3091 petierit,

100 3111 134 3134 v.
154 3111 263 3145 supra
289 3112 322 3144 p.
342 3100 421 3134 280.
