2044 3335
698 97 865 140 Elvanga
892 97 924 131 5.
945 95 1081 141 Aprilis
1102 95 1204 129 1568.
1763 95 1842 135 181

69 217 223 270 grauia
249 216 403 270 scripsi
427 218 530 257 ante
552 228 724 256 menses
747 214 928 267 aliquot,
964 228 1059 255 cum
1084 226 1109 254 a
1131 210 1513 254 Reuerendissimo
1538 209 1849 264 Argentinensi

69 282 242 324 domurn
276 281 544 335 redijssem1.
609 280 836 321 Hactenus
869 278 1057 321 obtineri
1089 292 1175 319 non
1210 276 1366 330 potuit,
1400 278 1450 318 ut
1482 275 1719 317 Concilium
1753 274 1849 315 Tri-

69 347 293 389 dentinum
327 347 380 388 ab
414 345 689 387 Electoribus
712 343 1091 398 Archiepiscopis2
1125 344 1170 385 et
1202 341 1298 394 alijs
1334 340 1565 394 ordinarijs
1597 340 1641 382 in
1665 339 1850 394 Synodis

70 412 387 466 publicaretur:
431 410 512 451 nisi
554 424 639 451 uno
675 412 718 451 et
753 409 893 451 altero
927 407 1131 450 fortassis
1164 408 1364 460 excepto,
1407 407 1456 447 ut
1489 407 1763 459 Augustano,
1807 406 1851 446 et

71 475 436 519 Constantiensi3.
501 474 610 524 Quid
644 473 926 516 Constantiae
967 473 1026 515 sit
1067 487 1092 514 a
1133 470 1384 514 Canonicisa
1425 471 1722 524 impetratum,
1765 483 1851 511 non

70 541 178 584 satis
210 541 324 583 noui.
369 541 598 593 Augustae
631 539 803 592 quidem
827 538 893 580 usi
917 542 1018 580 sunt
1041 536 1362 592 protestatione
1385 538 1538 578 contra
1561 534 1850 584 Ordinarium‚

70 621 124 648 ne
165 606 292 661 primi
333 606 567 647 uideantur
604 605 647 645 in
680 603 940 658 recipiendis
973 602 1150 655 Concilij
1185 601 1428 643 Tridentini
1471 601 1658 643 decretis
1700 600 1752 642 de
1783 613 1852 641 re-

70 671 334 714 formatione
346 672 375 714 4.

191 736 442 790 Negligitur
484 735 694 789 optimum
737 734 987 776 institutum
1021 733 1073 774 de
1107 731 1353 785 seminarijs
1387 730 1619 784 erigendis,
1663 730 1778 783 quod
1809 729 1853 770 in

74 801 309 844 Germania
350 800 522 854 quidem
565 800 620 842 ad
662 799 1007 841 conseruandam
1042 800 1087 840 et
1119 797 1460 851 promouendam
1493 796 1750 849 religionem
1785 794 1855 836 uel

72 867 262 909 maxime
295 864 590 908 necessarium
623 864 752 906 foret.
802 864 980 906 Vellent
1012 862 1215 917 Episcopi
1251 862 1439 915 quidam,
1473 863 1522 903 ut
1554 860 1854 914 Augustanus,

73 931 418 986 Eychstetensis,
463 933 507 973 et
547 930 675 984 pauci
710 929 782 982 alij
817 928 1016 971 scholasb
1049 931 1094 970 et
1126 927 1364 969 seminaria
1395 926 1648 975 instituere3
1691 925 1768 966 sed
1801 925 1856 966 ab

73 997 282 1051 Ecclesijs
326 996 415 1038 suis
457 995 790 1038 Cathedralibus
834 994 1132 1048 impediuntur
1173 992 1327 1045 magis,
1375 1006 1504 1045 quam
1548 991 1855 1033 adiuuantur5.

73 1064 256 1106 Jnterea
287 1075 391 1104 uero
424 1075 593 1103 summa
627 1063 695 1102 est
726 1060 769 1101 in
803 1060 932 1110 clero,
966 1058 1160 1112 ipsisque
1185 1057 1437 1112 pastoribus
1460 1071 1607 1099 rerum
1631 1069 1855 1098 sacrarum

72 1128 344 1181 ignorantia:
380 1127 432 1168 de
465 1125 659 1168 censuris
692 1124 1016 1167 Ecclesiasticis
1049 1124 1168 1165 nulla
1197 1123 1291 1165 fere
1322 1122 1510 1165 habetur
1533 1122 1667 1164 ratio:
1704 1121 1857 1162 Poeni-

195 1222 223 1249 a)
244 1220 383 1251 Sequitur
403 1217 454 1251 sit,
473 1219 564 1243 omitt.
651 1217 681 1249 b)
703 1218 843 1249 Sequitur
863 1216 992 1249 erigere,
1012 1217 1102 1242 omitt.

200 1328 209 1347 ¹
236 1327 301 1361 Die
328 1327 384 1362 23.
411 1326 493 1360 Iulii
522 1326 632 1365 1567;
662 1324 855 1370 epistulam
883 1337 917 1358 V.
940 1325 1027 1359 Can.
1047 1323 1080 1357 V
1099 1324 1300 1358 513*519.

197 1382 209 1402 2
235 1381 434 1415 Praeerant
451 1379 710 1414 archidioecesi
730 1378 926 1412 coloniensi
945 1377 1154 1412 Salentinus
1181 1377 1225 1411 ab
1244 1376 1422 1420 Isenburg
1447 1375 1570 1420 (paulo
1589 1377 1673 1409 ante
1693 1373 1860 1417 electus),

78 1436 312 1479 moguntinae
337 1434 467 1468 Daniel
492 1432 647 1468 Brendel
674 1433 718 1466 ab
746 1432 944 1475 Homburg,
972 1430 1165 1465 trevirensi
1194 1430 1345 1464 Iacobus
1372 1430 1416 1463 ab
1444 1429 1534 1463 Eltz.

197 1489 210 1509 ³
235 1487 288 1522 De
323 1487 472 1533 synodis
508 1486 732 1521 dioecesanis
768 1497 789 1519 a
825 1485 1068 1519 cardinalibus
1103 1483 1237 1518 Ottone
1264 1483 1468 1517 Truchsess
1505 1485 1541 1516 et
1576 1483 1699 1516 Marco
1733 1481 1861 1516 Sittico

76 1542 245 1585 Dilingae
271 1544 307 1575 et
333 1540 568 1575 Constantiae
594 1551 626 1575 a.
648 1539 737 1573 1567
766 1538 902 1572 habitis
933 1550 966 1572 v.
994 1549 1105 1583 supra
1131 1549 1164 1583 p.
1185 1537 1243 1571 38.
1296 1537 1447 1570 Praeter
1472 1536 1538 1570 hos
1566 1535 1756 1570 concilium
1783 1546 1860 1580 pro-

76 1595 331 1639 mulgaverant
357 1606 388 1629 a.
406 1594 496 1629 1565
523 1592 786 1638 archiepiscopi
813 1591 1086 1625 Maximilianus
1113 1603 1133 1625 a
1152 1591 1282 1633 Bergis
1309 1590 1574 1624 cameracensis
1601 1592 1637 1623 et
1654 1589 1860 1623 Fridericus

77 1648 300 1684 Schenckius
339 1660 359 1682 a
393 1646 650 1682 Tautenburch
688 1646 960 1680 ultrajectensis
1002 1645 1036 1678 in
1077 1644 1226 1690 synodis
1268 1643 1554 1689 provincialibus
1595 1642 1780 1677 Cameraci
1824 1645 1861 1675 et

75 1703 234 1737 Traiecti
269 1702 404 1736 habitis
443 1703 478 1735 et
515 1700 710 1735 cardinalis
746 1699 952 1733 Stanislaus
987 1698 1123 1732 Hosius
1163 1698 1354 1743 episcopus
1393 1697 1608 1731 varmiensis
1647 1697 1683 1730 in
1722 1695 1859 1740 synodo

76 1756 288 1790 dioecesana
315 1755 553 1798 Heilsbergae
579 1753 705 1788 habita
733 1753 975 1797 (Hartzhez'm,
1004 1752 1164 1786 Concilia
1191 1751 1408 1786 Germaniae
1434 1751 1502 1784 VlI
1529 1750 1706 1784 57-148,
1756 1750 1860 1783 Εἰσῆ-

77 1811 181 1854 horn,
208 1809 343 1844 Hosius
369 1809 402 1842 ΙΙ
432 1808 650 1851 168-172).
693 1807 750 1841 Ab
777 1806 929 1841 Erasmo
957 1818 1099 1850 quoque
1125 1817 1146 1839 a
1172 1805 1347 1848 Liniburg
1374 1804 1542 1849 episcopo
1569 1803 1860 1847 argentoratensi

76 1864 171 1897 idem
198 1863 387 1898 concilium
415 1862 536 1906 aliqua
562 1862 702 1896 ratione
728 1861 997 1905 promulgatum
1024 1871 1104 1893 esse
1131 1859 1296 1899 videtur;
1325 1871 1359 1893 v.
1392 1860 1478 1892 Can.
1498 1858 1531 1892 V
1551 1858 1632 1892 520.

197 1918 210 1937 4
237 1917 277 1950 In
303 1917 441 1962 synodo
468 1916 653 1959 dilingana
688 1915 720 1949 d.
751 1914 805 1948 18.
832 1914 925 1948 [unii
955 1914 1044 1948 1567
1077 1913 1357 1956 christophorus
1383 1924 1405 1945 (ι
1432 1913 1613 1956 Freybery
1639 1909 1859 1945 cathedralis

78 1970 227 2016 capituli
266 1970 459 2014 augustani
498 1970 657 2004 decanus
696 1971 732 2002 et
768 1969 1001 2012 Wolfyanyus
1037 1968 1203 2001 Andreas
1238 1967 1350 1999 Rhem
1389 1966 1550 2000 eiusdem
1590 1964 1786 1999 canonicus
1824 1966 1860 1997 et

81 2024 305 2067 „cellarius“‚
341 2035 431 2068 quos
465 2023 663 2068 capitulum
699 2025 952 2067 procuratores
978 2021 1128 2055 miserat
1164 2020 1208 2054 ad
1240 2020 1436 2065 synodum,
1472 2018 1747 2062 &sollemniter
1782 2029 1860 2062 pro-

78 2079 202 2112 testati
230 2078 358 2112 sunt“:
385 2077 460 2111 Sibi
487 2089 508 2110 a
534 2076 693 2121 capitulo
720 2075 771 2109 ita
799 2075 1010 2109 mandatum
1037 2085 1136 2108 esse:
1168 2073 1226 2116 „Si
1338 2084 1467 2107 sensus
1494 2072 1592 2107 illius
1618 2071 1861 2106 Professionis

80 2135 116 2166 et
142 2131 335 2166 iuramenti
362 2142 519 2175 eousque
546 2129 806 2164 extenderetur
832 2131 868 2163 et
894 2128 1174 2172 intelligeretur,
1201 2130 1242 2161 ut
1267 2139 1331 2172 per
1350 2127 1499 2161 eandem
1519 2126 1638 2160 omnia
1665 2127 1700 2159 et
1717 2123 1861 2168 singula

78 2186 193 2230 ipsius
216 2185 418 2219 Tridentini
445 2184 594 2229 Concilij
623 2184 777 2218 Decreta
805 2182 1083 2217 constitutiones
1110 2184 1148 2215 et
1173 2181 1416 2215 ordinationes
1444 2192 1515 2214 vna
1541 2180 1652 2224 recipi
1679 2178 1860 2223 acceptari

79 2243 114 2273 et
140 2239 342 2273 iuramento
369 2238 543 2272 affirmari
570 2238 742 2272 deberent
768 2237 818 2271 Vt
845 2236 995 2270 eandem
1022 2235 1282 2281 professionem
1311 2234 1426 2278 quoad
1463 2234 1558 2268 hunc
1584 2244 1731 2267 sensum
1757 2231 1862 2265 aliter

78 2296 115 2327 et
149 2293 219 2327 alio
253 2292 358 2326 modo
385 2303 508 2325 eorum
534 2291 677 2325 nomine
703 2290 917 2324 Juramento
952 2301 1022 2323 non
1049 2288 1317 2323 affirmaremus
1345 2287 1422 2321 Nisi
1449 2290 1629 2331 quatenus
1656 2285 1858 2320 huiusmodi

78 2347 314 2381 decreta
341 2345 554 2391 priuilegijs,
595 2344 756 2385 statutis,
796 2343 1098 2388 exemptionibus,
1138 2341 1426 2376 ordinationibus
1466 2344 1502 2375 et
1540 2339 1861 2374 consuetudinibus

77 2400 240 2434 honestis
276 2401 312 2433 et
336 2399 579 2433 laudabilibus
606 2398 782 2432 ecclesiae
809 2399 846 2431 et
873 2396 1030 2442 Capituli
1058 2395 1264 2439 Augustani
1297 2397 1331 2429 et
1358 2394 1497 2429 iuribus
1524 2394 1681 2427 omnium
1709 2403 1860 2437 quorum

77 2455 230 2488 interest
264 2455 328 2488 aut
354 2452 622 2498 quomodolibet
658 2452 835 2485 interesse
861 2451 995 2496 poterit
1021 2450 1173 2484 illibatis
1209 2452 1246 2482 et
1272 2449 1386 2483 saluis
1412 2448 1491 2482 fieri
1517 2450 1650 2492 posset,
1687 2446 1861 2490 Quodque

79 2507 337 2542 Sanctissimus
363 2507 538 2541 Dominus
564 2507 687 2540 noster
714 2505 887 2538 Pontifex
912 2504 1097 2538 Maximus
1137 2514 1180 2537 ac
1206 2502 1488 2536 Jllustrissimus
1516 2501 1690 2546 Princeps
1717 2500 1862 2534 Elector

79 2561 254 2595 Dominus
281 2560 586 2605 Archiepiscopus
613 2559 850 2603 Moguntinus
877 2557 1181 2602 Metropolitanus
1214 2559 1336 2590 noster
1363 2567 1427 2590 suo
1454 2557 1615 2600 tempore
1643 2555 1862 2599 exposcente

80 2616 130 2649 ita
156 2614 384 2656 necessitate,
420 2613 645 2648 sufficienter
680 2616 715 2646 et
743 2612 848 2657 plene
884 2612 927 2645 de
954 2611 999 2657 ijs
1026 2611 1192 2645 omnibus
1227 2610 1425 2651 informari,
1461 2620 1622 2653 suaeque
1648 2607 1862 2642 Sanctitatis

80 2669 276 2703 declaratio
311 2670 348 2702 et
383 2667 580 2702 moderatio
615 2667 770 2711 desuper
804 2665 991 2699 humiliter
1027 2665 1100 2710 peti
1136 2667 1172 2698 et
1207 2663 1394 2708 impetrari
1430 2663 1558 2707 queat“
1600 2662 1661 2705 (ex
1688 2663 1862 2696 Actorum

80 2723 209 2767 synodi
235 2722 442 2767 apographo
469 2721 592 2755 eodeni
619 2721 694 2754 fere
722 2723 883 2764 tempore
909 2719 1044 2763 scripto
1072 2721 1108 2752 et
1133 2730 1154 2751 a
1180 2717 1319 2751 duobus
1345 2716 1497 2751 notariis
1523 2716 1739 2761 subscripto,
1767 2715 1862 2759 quod

82 2778 205 2810 exstat
230 2776 420 2819 Augustae
435 2775 706 2809 Vindelicorum
732 2773 768 2807 in
796 2773 945 2807 archivo
973 2773 1094 2807 curiae
1122 2771 1348 2816 episcopaliS‚
1375 2771 1478 2805 Fasc.
1503 2769 1863 2814 „Di'ocesan-Synode

81 2842 114 2864 v.
141 2829 325 2872 Dillingen
355 2829 466 2863 1567“
495 2841 530 2863 n.
556 2830 588 2870 4,
615 2828 640 2862 f.
671 2826 875 2871 15¹¹—16³).

200 2884 214 2903 ⁵
241 2883 292 2917 De
319 2883 476 2928 capitulo
503 2884 707 2926 augustano
733 2893 768 2915 v.
799 2882 887 2915 Can.
915 2880 965 2913 IV
985 2880 1073 2920 930;
1100 2878 1133 2913 V
1153 2880 1171 2913 7
1199 2878 1340 2913 46—47
1369 2878 1449 2919 607,
1478 2881 1514 2912 et
1539 2877 1697 2911 maxime
1725 2876 1863 2920 Specht,

80 2936 188 2971 Univ.
207 2936 291 2970 Dill.
311 2937 463 2971 62—66.
507 2935 688 2970 Martinus
716 2946 736 2968 a
763 2934 1011 2976 Schaumberg
1038 2932 1231 2977 episcopus
1258 2931 1496 2977 eystettensis
1523 2943 1555 2965 a.
1577 2930 1668 2965 1564
1687 2929 1864 2974 Eystadii,

81 2992 121 3024 ut
156 2989 297 3024 concilii
332 2989 520 3023 tridentini
554 2989 698 3023 decreto
733 2988 976 3028 satisfaceret,
1012 2986 1245 3020 seminarium
1283 2985 1495 3020 clericorum
1531 2984 1610 3019 sive
1641 2983 1862 3027 „Collegium

80 3043 390 3077 Willibaldinunr‘
421 3043 629 3077 condiderat
658 3042 710 3086 (J.
736 3043 777 3076 G.
799 3042 958 3084 Suttner,
986 3039 1206 3075 Geschichte
1233 3039 1296 3074 des
1322 3037 1586 3074 bischoflichen
1613 3037 1797 3072 Seminars
1827 3036 1861 3070 in

80 3096 274 3138 Eichst'att,
301 3096 482 3130 Eichstatt
511 3097 612 3137 1859,
642 3097 715 3139 13).
