2044 3335
133 93 217 134 312
646 89 747 123 1656,
775 87 939 122 Canisius
966 86 999 121 S.
1020 87 1210 121 Francisco
1236 87 1400 131 Borgiae.

252 208 486 249 Praeterea
528 206 596 259 egi
637 204 805 259 gratias
846 204 1044 258 principi,
1088 204 1199 258 quod
1245 204 1499 246 confirmare
1540 203 1728 246 uoluerit
1763 203 1901 247 literis

136 273 448 316 authoritatem
472 285 580 321 eam,
615 284 726 323 quae
748 269 1041 324 superioribus
1063 269 1225 312 nostris
1257 270 1313 312 ad
1335 283 1436 311 suos
1458 269 1500 310 in
1524 268 1713 310 Bauaria
1745 269 1901 322 guber-

133 338 298 380 nandos
340 337 476 378 libera
517 349 612 377 esse
655 336 795 385 debet,
838 334 1097 388 praesertim
1129 334 1244 376 circa
1285 347 1568 389 personarum
1600 333 1899 384 mutationem,

136 417 229 444 cum
253 401 315 444 ita
338 415 409 443 res
431 401 638 455 postulat.
684 399 924 454 Respondit
946 402 1106 450 autem,
1141 399 1254 452 quod
1288 399 1342 441 ad
1371 398 1656 441 mutationem
1680 398 1902 441 contiona-

135 470 279 510 torum
313 469 357 507 et
378 465 698 520 professoruma
720 467 905 519 spectat,
939 464 1020 506 1100
1043 464 1359 506 incommodum
1383 463 1605 514 accedere,
1639 465 1687 505 ut
1710 463 1781 516 qui
1802 463 1903 505 noui

134 531 384 581 succedunt,
419 544 503 572 non
536 544 672 583 aeque
705 544 755 572 ac
787 529 966 584 priores,
1008 530 1224 583 placeant,
1269 543 1365 571 cum
1397 528 1484 570 sint
1515 529 1656 570 minus
1688 527 1904 582 perspecti

135 599 267 649 atque
301 595 611 638 commendati:
645 609 723 636 nec
755 595 963 636 minorem
998 594 1169 647 quidem
1201 595 1414 636 rationem
1450 608 1475 635 a
1506 594 1629 636 nobis
1661 593 1902 635 habendam

135 675 230 704 esse
271 661 487 715 gymnasi]
529 660 692 702 ueteris
725 659 1107 713 Jngolstadiensis,
1151 673 1280 712 quam
1322 659 1497 701 scholae
1532 658 1808 712 DilingensiS,
1852 657 1905 699 de

136 726 257 768 cuius
289 726 618 768 conseruatione
645 740 730 766 non
762 725 889 779 pauci
913 725 1175 767 dubitarent.
1221 724 1515 766 Concludebat
1539 724 1722 773 demum,
1756 736 1802 764 se
1823 722 1905 764 hoc

137 791 396 841 desiderare,
430 794 478 833 ut
500 805 584 832 non
606 790 688 831 nisi
712 804 757 831 se
788 789 1072 844 praemonito,
1106 791 1215 831 fiant
1237 789 1503 832 mutationes
1525 789 1568 830 in
1590 787 1906 831 transferendis

136 856 297 899 nostris
330 870 436 909 quos
468 856 600 898 habet
632 856 833 905 Bauaria,
870 855 1241 897 contionatoribus
1273 857 1405 907 atque
1437 853 1771 908 professoribus.
1820 853 1905 894 Re-

137 921 290 976 spondi
323 935 417 974 ego,
452 935 519 962 me
552 920 814 975 scripturum
848 920 900 962 de
933 920 1025 962 eius
1048 920 1274 962 voluntate
1307 920 1360 961 ad
1395 919 1440 962 P.
1466 919 1515 962 Τ.
1540 933 1651 972 quae
1684 918 1770 960 iam
1802 920 1906 960 ante

138 986 323 1040 scripsit,
365 985 631 1028 mutationes
671 985 796 1026 huius
829 985 944 1027 modi
976 999 1061 1026 non
1093 984 1236 1036 facile,
1279 998 1418 1038 neque
1460 984 1552 1026 sine
1595 984 1751 1033 causis,
1795 996 1906 1036 quae

138 1054 402 1094 momentum
435 1051 639 1100 habeant,
683 1050 854 1093 futuras
887 1051 1024 1093 essel.
1089 1051 1271 1092 Demum
1303 1049 1418 1092 inter
1449 1049 1537 1092 alia
1568 1048 1765 1103 praedixi
1797 1048 1904 1099 fore,

138 1119 187 1158 vt
220 1116 322 1158 Doc.
357 1116 517 1158 Paulus
558 1115 720 1157 rediret
762 1115 816 1157 ad
857 1115 1217 1168 gubernationem
1259 1114 1521 1169 prouintiae,
1565 1127 1633 1155 me
1675 1113 1730 1155 ad
1770 1112 1907 1166 scrip-

140 1181 301 1224 tionem
335 1180 532 1223 reuocari
565 1181 789 1223 Pontificis
821 1180 1102 1223 authoritate.

258 1246 385 1288 Nunc
418 1246 473 1288 ad
496 1246 542 1288 P.
562 1246 799 1288 Martinum
831 1246 974 1296 redeo,
1009 1245 1077 1287 cui
1110 1245 1281 1287 omnino
1315 1244 1513 1295 dissuasi,
1552 1258 1606 1286 ne
1638 1242 1906 1297 Herbipolim

140 1314 323 1366 peteret,
358 1325 453 1352 cum
487 1310 663 1353 Colonia
695 1313 811 1353 esset
843 1310 906 1352 1111
939 1311 1180 1364 designata.
1229 1310 1441 1351 Videbam
1475 1309 1587 1350 enim
1621 1307 1905 1350 Franconiam

141 1377 194 1419 ad
236 1376 453 1418 sanandos
496 1376 640 1418 Patris
680 1375 807 1417 huius
846 1376 1020 1418 morbos
1062 1376 1226 1425 obesse,
1268 1375 1567 1427 intelligebam
1608 1388 1693 1416 non
1735 1373 1909 1427 placere

140 1442 259 1484 illum
283 1441 502 1493 Rectori2,
535 1441 880 1495 praeuidebamb,
915 1440 1086 1483 etiamsi
1110 1440 1273 1483 uellent
1305 1439 1455 1490 nostri,
1491 1454 1545 1481 ex
1578 1453 1628 1481 00
1660 1439 1780 1480 11111111
1813 1438 1909 1479 1000

141 1507 334 1550 3111011011
373 1521 459 1549 11011
499 1520 639 1560 posse,
681 1506 764 1548 nisi
796 1520 892 1548 cum
924 1506 1141 1560 Episcopi,
1184 1505 1294 1547 Cleri
1338 1508 1382 1547 et
1414 1505 1561 1559 populi
1594 1504 1781 1557 quadam
1813 1517 1908 1557 per-

140 1572 402 1615 turbatione.
466 1572 547 1613 Hic
579 1571 682 1613 mihi
712 1571 900 1626 primum
932 1572 1069 1613 bonus
1101 1571 1240 1613 frater
1272 1570 1399 1612 ualde
1432 1569 1720 1613 contradixit:
1756 1567 1910 1610 deinde

142 1638 306 1688 annuit,
341 1637 417 1679 sed
439 1636 513 1687 ita,
548 1639 597 1679 vt
620 1639 824 1679 constans
856 1637 899 1678 in
932 1637 1013 1678 hac
1035 1639 1211 1678 maneat
1243 1635 1473 1685 sententia,
1508 1649 1554 1677 se
1577 1634 1796 1677 Coloniam
1828 1646 1909 1675 1100

142 1717 282 1757 posse,
324 1716 404 1744 nec
446 1702 558 1743 uelle
598 1702 816 1756 progredi.
881 1702 1040 1744 Plenus
1073 1704 1140 1744 est
1172 1700 1495 1755 suspitionibus,
1539 1714 1693 1754 parum
1734 1697 1910 1740 honoris

142 1768 241 1809 hinc
273 1767 354 1809 sibi
386 1781 674 1817 accessurum,
718 1767 831 1820 quod
863 1767 926 1809 ita
957 1767 1264 1817 transferatur,
1299 1780 1346 1807 re
1378 1765 1515 1807 ueluti
1546 1765 1659 1806 male
1691 1767 1831 1817 gesta,
1866 1766 1910 1806 et

146 1832 219 1887 qui
250 1833 417 1875 retrudi
459 1832 615 1874 debeat
647 1832 690 1873 in
727 1832 970 1886 pistrinum,
1016 1835 1060 1874 et
1093 1835 1320 1886 suspectus
1353 1844 1448 1873 esse
1479 1830 1618 1885 possit
1648 1829 1908 1884 plaerisque.

145 1897 355 1951 Quicquid
379 1899 524 1940 autem
548 1897 901 1951 promitteremus
924 1900 967 1940 et
990 1897 1334 1946 admoneremus,
1367 1896 1473 1937 nihil
1501 1895 1613 1937 effici
1645 1894 1800 1949 potuit,
1834 1893 1910 1935 sed

146 1962 356 2005 conclusit
387 1962 577 2013 tandem,
612 1976 658 2003 se
679 1962 723 2003 in
745 1963 908 2004 Vrbem
932 1976 1026 2004 esse
1049 1962 1323 2016 scripturum,
1359 1964 1404 2004 et
1425 1960 1689 2014 Jngolstadij
1723 1959 1909 2013 quidem,

145 2028 217 2069 ubi
248 2041 361 2069 nunc
391 2027 556 2077 haeret,
598 2028 644 2069 P.
679 2027 727 2069 T.
761 2041 1016 2081 responsum
1059 2029 1406 2081 expectaturum.
1470 2025 1683 2068 ι1111011011
1714 2025 1780 2066 his
1813 2038 1911 2066 con-

145 2092 253 2147 311113
275 2093 436 2135 Rector
457 2092 823 2145 Jngolstadiensis
837 2093 852 2118 3
882 2094 926 2134 et
948 2091 1220 2145 Dilinganus,
1255 2091 1328 2144 qui
1350 2094 1522 2141 norunt,
1556 2090 1729 2144 quantis
1751 2088 1912 2131 labori-

146 2158 225 2200 bus
266 2157 369 2199 mihi
411 2156 656 2199 constiterit
697 2171 793 2199 cum
834 2157 915 2198 hoc
955 2157 1093 2200 fratre
1135 2170 1266 2210 agere
1298 2156 1513 2210 Monachij
1558 2159 1602 2198 et
1633 2154 1911 2209 Jngolstadij.

267 2240 294 2265 a)
317 2239 484 2270 Sequuntur
504 2246 546 2263 ru.
568 2238 620 2270 qui
640 2238 713 2264 sunt
732 2237 929 2270 Jngolstadij,
949 2239 1037 2263 oblitt.
1112 2237 1142 2270 b)
1164 2239 1302 2270 Sequitur
1321 2238 1416 2269 illum,
1436 2238 1525 2263 oblitt.

148 2336 323 2379 quotquot
340 2334 552 2368 Landishuti
570 2333 775 2375 consiliarii,
802 2336 998 2375 senatores,
1026 2333 1124 2368 cives
1151 2334 1194 2367 de
1220 2333 1290 2367 fide
1315 2333 1475 2377 suspecti
1493 2334 1624 2373 essent,
1652 2343 1715 2376 per
1740 2330 1911 2364 decanum

149 2390 184 2422 et
203 2387 451 2423 Schorichium
477 2387 804 2430 interrogarentur3
834 2388 927 2431 quod
954 2398 1033 2420 cum
1060 2398 1081 2420 a
1099 2386 1271 2431 paschate
1297 2398 1361 2431 per
1384 2386 1517 2420 multos
1543 2385 1619 2419 dies
1645 2385 1779 2418 factum
1806 2384 1913 2422 03301,

150 2444 371 2486 compertum
397 2443 453 2475 est
478 2440 568 2474 alios
595 2439 851 2474 eucharistiam
878 2440 944 2474 sub
970 2442 1123 2483 utraque
1150 2440 1269 2485 specie
1295 2451 1437 2474 sumere
1457 2438 1558 2479 velle,
1586 2437 1674 2472 alios
1698 2439 1842 2480 tempus
1868 2435 1913 2469 ad

151 2494 419 2528 deliberandum
446 2496 577 2538 petere,
606 2493 696 2527 alios
723 2493 830 2527 malle
855 2493 1022 2527 exsulare
1048 2504 1155 2536 quam
1182 2494 1275 2527 inter
1298 2494 1445 2527 missam
1465 2490 1746 2526 communionem
1772 2500 1914 2523 sumere

151 2547 209 2580 vel
236 2559 349 2591 papae
376 2547 561 2581 oboedire:
593 2546 785 2588 „Vedendo
803 2546 966 2580 adunche
992 2546 1017 2580 il
1035 2546 1203 2591 Principe
1229 2546 1263 2580 la
1282 2545 1442 2580 dificulta
1469 2545 1511 2578 de
1536 2544 1571 2578 la
1590 2555 1683 2584 0033,
1710 2543 1759 2576 1111
1785 2541 1914 2576 111311ᾶο

151 2599 185 2633 31
212 2599 419 2644 improuisto
455 2612 475 2633 a
501 2599 690 2633 Monachio
725 2599 761 2632 al
793 2610 857 2633 suo
884 2599 1033 2642 signore
1059 2599 1175 2633 Padre
1211 2611 1276 2633 con
1302 2610 1373 2632 vna
1399 2598 1532 2641 luonga
1557 2596 1734 2630 relacione
1768 2595 1804 2629 la
1830 2594 1914 2638 qual

153 2652 197 2686 ho
225 2652 312 2686 letto
331 2652 365 2686 al
384 2652 500 2686 Padre
516 2652 669 2693 canisio,
697 2655 733 2686 et
759 2652 793 2686 al
819 2664 883 2686 3110
909 2652 1064 2693 fratello,
1091 2652 1315 2697 imperocche
1341 2651 1364 2685 l’
1380 2663 1460 2692 vno,
1487 2653 1524 2684 et
1549 2650 1570 2683 l’
1587 2649 1677 2683 altro
1705 2660 1765 2682 era
1791 2648 1915 2682 alhora

153 2705 187 2737 in
215 2705 434 2739 Monachi0.“
489 2705 570 2739 Dux
597 2705 723 2739 deinde
750 2705 1031 2739 Landishutanis
1057 2705 1263 2750 praecipere
1289 2704 1429 2744 statuit,
1460 2706 1501 2737 ut
1526 2702 1690 2747 quisquis
1716 2701 1915 2736 catholicus

154 2768 232 2791 esse
257 2757 378 2799 nollet,
405 2760 442 2791 et
466 2758 553 2792 urbe
580 2760 615 2792 et
640 2760 738 2792 terra
765 2758 966 2792 excederet.
1003 2758 1160 2792 Eandem
1186 2758 1418 2792 severitatem
1444 2755 1721 2791 Monacensibus
1747 2754 1915 2788 adhibere

153 2811 293 2844 statuit.
345 2810 399 2843 Ad
435 2822 540 2853 quam
577 2822 656 2844 cum
683 2811 880 2846 Schorichii
915 2823 1059 2856 operam
1094 2811 1161 2845 sibi
1198 2811 1475 2856 depoposcisset,
1511 2809 1541 2843 is
1576 2820 1654 2843 eam
1689 2807 1916 2849 detrectavit,

154 2863 248 2906 quod
286 2862 465 2896 Monachii
503 2863 666 2897 doctores
704 2864 907 2907 theologiae
945 2867 1087 2909 praesto
1127 2867 1264 2905 essent,
1303 2865 1344 2896 ut
1380 2863 1530 2897 Ioannes
1568 2873 1588 2896 a
1614 2862 1700 2903 Via,
1739 2860 1916 2904 Georgius

156 2915 381 2955 Lautherius,
409 2916 513 2949 Ionas
533 2915 714 2960 [Adlerus]
733 2919 800 2951 etc.
829 2917 867 2960 (l.
887 2929 917 2951 c.
944 2918 969 2952 f.
989 2916 1239 2960 19111—1932).
1281 2915 1463 2950 Monachii
1488 2915 1577 2949 haec
1604 2914 1765 2959 quaestio
1792 2913 1915 2948 habita

155 2971 211 3002 est
236 2978 257 3001 a
283 2968 338 3002 27.
366 2968 456 3000 Iunii
483 2968 526 3001 ad
554 2969 584 3003 6.
616 2969 769 3012 Augusti
798 2970 888 3004 1569
916 2970 1073 3012 (Re'ezler
1099 2970 1122 3004 l.
1142 2981 1172 3004 0.
1190 2970 1241 3004 IV
1261 2969 1358 3013 547).

278 3021 288 3040 ¹
315 3020 369 3053 Cf.
395 3031 503 3064 supra
529 3032 561 3064 p.
584 3022 660 3055 123.
806 3023 819 3042 ’Ζ
846 3023 884 3057 Ρ.
914 3022 1066 3066 Georgio
1095 3023 1220 3057 Bader.

276 3074 288 3093 ³
315 3072 353 3106 P.
381 3072 559 3106 Martinus
586 3072 837 3109 Leubenstain.
