2044 3335
155 93 240 134 574
541 92 636 126 Mon.
665 92 733 127 950
758 92 836 126 sive
863 93 901 126 it.
922 92 989 136 (3).
1032 92 1130 127 Inter
1157 94 1188 128 5.
1209 96 1244 127 et
1270 95 1301 128 9.
1320 93 1407 128 Maii
1434 95 1536 130 1568.

153 214 348 256 vedendo
382 225 466 254 non
498 208 664 264 poterci
697 209 876 261 negarlo
909 209 951 251 al
984 209 1360 252 Reuerendissimo
1394 214 1438 253 et
1476 212 1612 254 anche
1645 212 1916 267 experimen-

152 279 285 322 tando
309 278 386 320 che
418 277 448 319 il
470 274 612 317 Padre
644 287 728 315 non
752 273 896 327 potria
917 275 1291 318 commodamente
1323 275 1433 317 finir'
1452 277 1480 317 l’
1500 291 1631 331 opera
1663 291 1743 319 sua
1765 280 1917 320 contra

155 343 380 386 Centurias
412 341 527 383 nella
558 337 788 380 Prouincia
820 353 897 392 per
928 339 1052 382 molti
1084 340 1257 394 rispetti
1288 340 1505 383 venimmo
1543 342 1647 384 tutti
1688 342 1731 383 in
1764 344 1917 394 questa

154 407 385 456 sententia,
420 406 497 448 che
521 405 562 446 al
586 403 963 446 Reuerendissimo
986 418 1071 446 non
1093 404 1211 446 fosse
1233 408 1396 457 negata
1428 407 1572 459 quella
1604 421 1682 449 sua
1707 406 1917 461 petitione

154 471 471 521 honestissima,
507 473 550 512 et
583 469 620 511 ci
652 469 936 523 persuademo
971 469 1048 511 che
1081 470 1219 511 anche
1251 484 1328 524 per
1360 471 1472 513 altre
1505 485 1634 513 cause
1660 472 1713 514 V.
1737 472 1783 514 P.
1817 473 1917 513 sara

153 536 480 580 contentissima
513 535 589 577 che
622 534 651 576 il
679 534 724 576 P.
750 533 919 575 Canisio
952 535 1079 576 viene
1112 537 1259 576 auant'
1279 535 1309 576 il
1340 538 1486 590 tempo
1502 539 1529 586 1,
1564 536 1745 578 essendo
1777 536 1820 577 in
1853 536 1917 578 cio

153 602 315 644 seruito
348 602 482 644 molto
524 600 566 642 al
598 599 977 641 Reuerendissimo
1010 602 1055 641 et
1095 600 1232 641 anche
1265 602 1290 641 a
1322 599 1390 642 far
1422 615 1653 655 progresso
1687 601 1759 655 piu
1791 601 1918 643 facile

152 667 194 708 in
219 667 317 720 quel
349 667 457 708 libro
480 668 631 708 contra
653 665 693 706 le
716 664 931 707 Centurie.
975 665 1034 707 Et
1057 665 1184 706 credo
1207 665 1279 718 gia
1301 665 1466 707 hauera
1487 666 1627 708 inteso
1650 667 1703 709 V.
1727 667 1773 709 P.
1797 680 1917 708 come

152 732 182 774 il
215 732 262 775 P.
287 731 456 774 Canisio
489 731 535 772 fu
568 730 701 772 eletto
734 729 777 770 in
810 729 1153 772 Procuratorem.
1208 730 1296 771 Pur
1327 730 1364 771 si
1395 730 1578 772 hauemo
1610 731 1842 773 manchato
1874 731 1916 772 in

155 800 322 850 questo,
356 798 399 839 la
430 795 629 849 maggior
661 795 786 848 colpa
819 797 920 836 sara
951 795 1050 844 mia,
1086 798 1130 837 et
1162 809 1240 849 per
1272 794 1336 837 cio
1369 795 1580 838 domando
1613 796 1802 850 perdono
1835 799 1917 839 etc,

156 862 273 905 Tutt'
292 862 322 904 il
354 863 470 905 resto
502 860 729 903 intendera
754 859 807 902 V.
835 860 881 903 P.
916 860 986 901 dal
1017 860 1068 903 R.
1096 860 1142 902 P.
1170 860 1353 903 Oanisio.

280 932 401 974 „Anno
427 930 663 965 MDLXVIII.
689 929 732 965 V.
760 930 844 964 Idus
870 930 996 968 Maias,
1030 929 1229 964 Cardinalis
1256 930 1404 964 Romam
1431 930 1629 971 discedens,
1656 930 1749 965 domi
1775 932 1919 964 nostrae

157 985 304 1020 Sacrum
331 985 440 1025 audit,
476 984 710 1028 omnibusque
745 984 829 1018 data
863 983 1120 1025 benedictione,
1157 986 1194 1017 et
1226 983 1332 1018 flexis
1366 984 1402 1018 in
1436 987 1533 1018 terra
1562 984 1713 1027 genibus
1739 983 1919 1018 valedicit.

157 1038 276 1073 Donat
310 1037 620 1083 Typograpffiam,
657 1048 763 1081 quam
800 1048 820 1071 a
847 1036 998 1071 Sebaldo
1024 1036 1152 1081 Mayer
1187 1037 1256 1071 800
1281 1037 1425 1071 florenis
1461 1039 1614 1077 emerat,
1649 1037 1682 1071 S.
1711 1037 1919 1082 Hieronymi

157 1091 326 1136 Collegio,
354 1094 390 1126 et
407 1091 632 1132 Academiae,
660 1091 767 1134 idque
786 1089 947 1124 confecto
964 1090 1203 1124 instrumento
1216 1090 1238 1124 ².
1274 1089 1391 1124 Donat
1408 1093 1530 1125 nostro
1549 1090 1708 1134 Collegio
1729 1091 1781 1124 13.
1801 1090 1920 1135 capita

155 1145 347 1188 Virginum
385 1145 428 1178 de
467 1144 645 1179 Societate
685 1143 717 1178 S.
755 1143 930 1185 Vrsulae,
970 1145 1006 1177 et
1042 1143 1202 1177 tabulam
1240 1155 1407 1187 magnam
1445 1143 1645 1178 inauratam
1684 1144 1826 1189 plenam
1867 1156 1920 1178 re—

154 1198 379 1242 liquiarum.⁴‘
433 1198 531 1231 Haec
561 1208 627 1239 „ex
654 1197 843 1231 *Historia
875 1198 1119 1242 manuscripta
1146 1196 1295 1242 Collegij
1323 1197 1514 1231 Societatis
1539 1198 1627 1231 Jesv
1653 1197 1839 1240 Dilingae¹‘
1869 1209 1920 1231 re·

155 1252 320 1286 feruntur
346 1263 366 1286 a
392 1251 431 1285 P.
458 1253 594 1285 Ioanne
624 1252 782 1285 Gamans
808 1250 841 1284 S.
862 1251 895 1284 J.
922 1250 1189 1293 (1606—1684)
1217 1250 1253 1284 in
1281 1251 1364 1285 Cod.
1397 1251 1458 1292 „Gn
1479 1251 1542 1285 67⁴⁴
1575 1251 1613 1292 (f.
1637 1250 1748 1295 147³),
1775 1250 1835 1294 qui
1861 1262 1919 1284 ex-

155 1308 229 1339 stat
255 1305 291 1339 in
317 1304 532 1340 bibliotheca
559 1304 723 1339 abbatiae
742 1304 1005 1347 tongerloensis
1024 1302 1065 1337 Ο.
1086 1303 1226 1338 Praem.
1262 1303 1477 1348 (Tongerloo
1504 1305 1539 1338 in
1558 1304 1711 1348 Belgio).
1738 1304 1792 1338 Cf.
1812 1304 1919 1338 etiam

157 1359 293 1403 Specht,
321 1359 427 1393 Univ.
446 1357 528 1392 Dill.
549 1359 605 1392 66.
641 1357 730 1392 Cum
749 1357 930 1392 Canisium
951 1358 1020 1391 iam
1049 1357 1186 1401 aliquot
1204 1357 1386 1392 mensibus
1413 1359 1495 1391 ante
1513 1357 1679 1400 Dilingae
1705 1357 1920 1391 domicilium

156 1412 350 1447 collocasse
386 1414 528 1446 constet
556 1411 605 1454 (v.
632 1423 741 1456 supra
777 1423 809 1456 p.
836 1411 932 1454 510),
968 1411 1074 1445 valde
1109 1411 1293 1455 probabile
1328 1413 1393 1451 est,
1428 1411 1545 1456 ipsum
1582 1422 1722 1455 quoque
1754 1411 1807 1445 11.
1834 1410 1921 1444 Μ311

157 1465 302 1508 Dilinga
329 1465 446 1499 abisse
460 1465 482 1499 3.
533 1464 713 1499 Monachii
748 1465 784 1498 in
817 1463 964 1498 archivo
998 1464 1100 1508 regni
1136 1464 1296 1498 bavarici
1330 1466 1479 1498 exstant
1505 1463 1705 1498 Cardinalis
1736 1464 1923 1498 Truchsess

156 1518 327 1553 ÷÷litterae
350 1517 597 1563 autographae
616 1517 814 1563 Oeniponte
834 1518 890 1552 24.
909 1517 995 1551 Maii
1018 1518 1106 1552 1568
1133 1517 1177 1551 ad
1195 1517 1383 1551 Alb-ertum
1400 1516 1444 1551 V.
1463 1517 1640 1551 Bavariae
1666 1517 1791 1551 ducem
1817 1517 1923 1551 datae

158 1571 257 1615 (cod.
300 1572 456 1615 „Augsb
493 1571 641 1605 Hochst.
670 1571 714 1606 II.
751 1571 817 1613 Cs5
844 1583 876 1605 11.
915 1572 977 1606 91“
1017 1571 1042 1605 f.
1070 1571 1166 1613 343).
1219 1570 1384 1605 Canisius
1420 1582 1464 1604 ex
1498 1570 1736 1615 oenipontano
1771 1570 1920 1614 collegio

158 1637 279 1660 secum
299 1626 447 1659 Romam
474 1625 624 1659 abduxit
648 1624 690 1659 P.
710 1624 876 1658 Ioannem
903 1624 1135 1668 Merquitium
1165 1622 1214 1667 (v.
1242 1635 1350 1668 supra
1376 1635 1409 1668 p.
1431 1624 1494 1658 161
1524 1624 1620 1667 208).
1672 1624 1795 1658 Mense
1820 1623 1920 1657 Iunio

161 1680 260 1722 (ante
280 1679 333 1714 12.
353 1678 459 1722 Iunii)
481 1690 562 1712 cum
580 1678 753 1712 cardinali
771 1680 955 1712 Anconam
974 1677 1089 1718 venit;
1117 1678 1175 1712 ubi
1195 1689 1275 1712 cum
1294 1678 1330 1711 in
1348 1677 1501 1711 ecclesia
1519 1677 1716 1711 cathedrali
1733 1677 1769 1710 in
1787 1688 1826 1711 se
1844 1677 1919 1722 ipse

157 1732 363 1776 inquireret.
389 1731 564 1775 singulari
591 1731 724 1765 lumine
752 1731 872 1765 divino
899 1731 1102 1765 illustratus
1129 1733 1184 1765 est
1197 1734 1219 1772 ⁴,
1247 1742 1316 1775 quo
1342 1742 1467 1764 verum
1493 1731 1706 1774 firmumque
1732 1729 1919 1773 religiosae

157 1786 253 1819 vitae
285 1785 555 1819 fundamentum
593 1785 624 1819 ei
658 1784 764 1828 longe
799 1784 932 1818 clarius
965 1784 1244 1825 monstrabatur,
1280 1795 1386 1828 quam
1421 1795 1577 1827 unquam
1613 1786 1695 1817 ante
1721 1785 1799 1817 erat
1823 1795 1918 1817 mon-

156 1841 328 1873 stratum:
356 1838 626 1872 fundamentum
651 1840 771 1872 autem
790 1840 868 1871 erat
892 1848 979 1871 suae
997 1837 1160 1877 vilitatis,
1187 1836 1329 1871 divinae
1353 1836 1576 1871 celsitudinis
1601 1836 1727 1870 intima
1746 1836 1918 1878 cogniti03

158 1892 214 1926 cui
241 1891 389 1925 consilia
414 1891 582 1935 factaque
609 1891 726 1925 omnia
752 1891 933 1935 imponere
951 1902 1043 1924 novo
1069 1890 1344 1934 firmissimoque
1364 1890 1506 1924 decreto
1524 1890 1720 1924 constituit.
1759 1889 1918 1923 Illustra—

157 1944 290 1979 tionem
317 1944 482 1979 Canisius
508 1944 584 1989 ipse
610 1945 645 1978 in
675 1943 988 1987 „Confessionum“
1018 1943 1108 1978 libro
1134 1944 1258 1988 primo,
1285 1943 1350 1977 sub
1376 1954 1407 1977 a.
1430 1944 1519 1977 1570
1546 1943 1751 1987 composito,
1778 1943 1919 1987 copiose

158 2000 194 2032 et
220 2009 299 2032 cum
327 1997 522 2041 gratissimi
549 1998 656 2031 animi
683 2009 791 2031 sensu
818 1997 1025 2042 descripsit;
1052 1997 1163 2031 verba
1188 1996 1248 2031 1110
1264 2008 1333 2030 non
1359 2008 1459 2041 pono,
1487 1997 1571 2040 quia
1597 1996 1714 2040 posita
1738 1995 1810 2029 iam
1835 1997 1920 2030 sunt

163 2052 250 2085 Can.
276 2051 293 2084 Ι
318 2050 469 2085 29—31.

279 2104 495 2137 Sacc-henas:
521 2103 696 2144 Canisius,
722 2103 848 2147 inquit,
880 2104 935 2145 „in
960 2103 1083 2137 vrbem
1110 2103 1179 2136 iter
1205 2102 1376 2147 corripuit
1401 2102 1445 2136 ab
1480 2102 1556 2146 ipso
1583 2102 1712 2136 ductus
1739 2101 1918 2136 Cardinali

158 2157 308 2198 Othone,
336 2160 377 2191 vt
402 2156 508 2190 simul
535 2168 614 2191 cum
641 2157 815 2190 Pontifice
842 2157 998 2190 maximo
1034 2156 1207 2200 quaedam
1235 2156 1277 2189 de
1305 2154 1497 2190 Germania
1531 2155 1687 2189 iuuanda
1721 2157 1912 2189 tractaret“

158 2211 259 2253 (Can.
287 2210 504 2252 256—257).
555 2209 632 2244 Hoc
658 2211 689 2244 ei
716 2210 903 2244 consilium
930 2210 1042 2243 fuisse
1067 2209 1174 2243 facile
1204 2211 1323 2253 potest
1348 2209 1463 2249 credi;
1500 2211 1607 2253 atque
1634 2208 1755 2253 aliqua
1780 2209 1917 2242 ratione

154 2264 247 2298 idem
273 2263 497 2306 significatur
523 2263 558 2297 in
585 2263 723 2297 Hoffaei
749 2263 892 2304 litteris,
919 2274 1008 2307 quas
1034 2262 1154 2308 posui:
1183 2261 1240 2296 hic
1267 2262 1359 2296 enim
1387 2262 1473 2296 dicit
1499 2262 1585 2303 fore,
1619 2265 1659 2296 ut
1683 2261 1859 2303 Canisius,
1886 2262 1915 2295 si

156 2320 238 2352 ante
263 2319 405 2362 tempus
432 2316 699 2360 congregationi
727 2320 995 2361 procuratorum
1015 2316 1250 2350 constitutum
1269 2315 1418 2349 Romam
1445 2315 1578 2353 veniat.
1605 2314 1778 2349 cardinali
1802 2314 1915 2349 utilis—

159 2435 220 2477 ,V.
241 2434 283 2468 R.
309 2437 412 2478 potra
438 2445 521 2468 usar
547 2445 610 2478 per
636 2433 829 2468 consultori
855 2433 932 2467 suoi
958 2433 983 2467 Ii
1009 2433 1042 2467 4.
1070 2432 1134 2467 che
1159 2433 1312 2474 nomina,
1339 2432 1478 2466 scilicet
1503 2432 1543 2467 P.
1569 2432 1702 2476 Lanoy.
1744 2431 1784 2466 P.
1803 2431 1914 2466 Theo-

156 2489 274 2522 dorico
311 2487 492 2530 [Canisio].
544 2487 582 2521 P.
611 2487 760 2527 Pisano,
797 2489 831 2521 et
867 2487 906 2520 P.
932 2486 1118 2521 Dominico
1156 2485 1373 2530 [Mengino]“
1406 2485 1466 2529 (ex
1500 2497 1623 2530 apogr.
1650 2485 1759 2520 eiusd.
1786 2487 1916 2530 temp.;

157 2541 275 2576 Germ.
303 2542 347 2575 67
374 2541 397 2574 f.
420 2541 529 2584 179³).

278 2595 287 2614 ¹
312 2593 464 2637 Borgias
482 2595 725 2638 praeceperat,
752 2595 802 2634 ut,
829 2593 889 2637 qui
908 2595 1156 2637 procuratores
1174 2591 1437 2637 provinciarum
1456 2591 1605 2625 Romam
1622 2591 1765 2625 venturi
1784 2593 1913 2626 essent.

157 2659 201 2681 m.
229 2646 428 2691 Septembri
453 2647 637 2686 venirent;
664 2658 698 2680 v,
717 2657 826 2690 supra
852 2658 885 2691 p.
907 2645 984 2680 188.

275 2700 288 2720 ‘-'
318 2700 638 2741 „Instrumentum“
670 2699 736 2734 hoc
762 2700 838 2744 ipso
874 2698 934 2733 illo
961 2699 992 2733 d.
1024 2700 1078 2733 11.
1098 2698 1184 2733 Maii
1213 2697 1303 2732 1568
1331 2698 1452 2732 datum
1479 2700 1552 2738 est;
1580 2709 1614 2731 v.
1642 2697 1778 2741 Specht,
1806 2696 1911 2732 Univ.

158 2752 238 2787 Dill.
267 2754 321 2787 66.

277 2806 289 2825 ³
315 2804 480 2839 Ottonem
499 2805 605 2850 paulo
632 2808 713 2850 post
731 2805 884 2839 medium
903 2816 947 2839 m.
963 2805 1098 2839 Maium
1117 2805 1266 2839 Romam
1292 2804 1491 2849 profectum
1519 2815 1597 2838 esse
1619 2803 1865 2847 (Landsberga
1876 2804 1909 2846 5³)

157 2857 281 2891 scribit
312 2859 427 2901 Goetz,
458 2859 622 2902 Beitrage
648 2859 744 2893 398¹.

276 2912 287 2929 ⁴
315 2910 365 2949 ld,
392 2922 470 2944 cum
497 2910 661 2945 Canisius
696 2922 816 2945 coram
842 2910 1070 2945 sanctissimo
1097 2910 1327 2945 Sacramento
1361 2911 1489 2950 oraret,
1523 2909 1658 2944 factum
1686 2921 1763 2943 esse
1789 2909 1913 2943 scribit

163 2964 252 2996 Oddi
282 2962 318 3001 (l.
338 2974 366 2996 c.
386 2963 490 3005 200);
518 2975 582 2997 nec
608 2976 692 2997 vero
720 2964 884 2998 Canisius
910 2964 976 2998 hoc
1002 2964 1102 2998 dixit.
1147 2963 1299 2997 Oddium
1325 2962 1485 2996 nonnihil
1511 2962 1750 3007 amplificasse
1775 2962 1834 2996 vel
1852 2974 1910 2995 ex-

159 3025 304 3048 ornasse
328 3018 412 3058 puto
438 3015 472 3048 id
500 3016 591 3058 quod
617 3016 760 3061 scripsit
778 3018 962 3060 Doriyny:
991 3017 1038 3058 „ll
1065 3016 1288 3055 recherchoit
1314 3027 1403 3050 avec
1420 3016 1498 3049 soin
1516 3016 1649 3049 devant
1668 3015 1767 3056 Dieu,
1794 3014 1912 3058 quelle

159 3067 245 3101 etoit
271 3067 305 3100 la
332 3067 410 3100 voie
436 3067 469 3100 la
496 3068 575 3111 plus
601 3070 701 3102 sure‘
733 3072 799 3102 etc.
829 3069 867 3112 (l.
894 3081 923 3103 0.
949 3069 1048 3112 440).
1099 3069 1252 3103 Oddium
1287 3071 1432 3103 secutus
1462 3071 1517 3102 est
1543 3069 1657 3102 Boero
1686 3068 1786 3112 (Can.
1813 3067 1909 3110 332).
