2044 3335
166 82 249 123 138
675 79 777 114 1541.
805 78 971 113 Canisius
998 78 1031 113 S.
1051 78 1243 113 Francisco
1269 79 1434 123 Borgiae.

284 199 465 232 Adversus
495 197 761 231 Centuriatores
785 199 989 240 scripturus
1016 197 1053 231 S.
1080 197 1140 230 Pii
1165 197 1436 231 benedictionem
1463 202 1493 230 et
1519 198 1555 231 S.
1575 197 1767 231 Francisci
1783 198 1938 241 Boryiae

160 263 281 294 preces
312 253 411 294 petit.
461 251 668 284 Potestatem
708 261 846 294 qnoque
879 251 964 293 petit
1001 250 1111 283 libros
1146 251 1291 284 emendi.
1343 251 1555 284 Provinciae
1590 251 1938 284 administrationem

165 305 311 338 libenter
337 304 529 346 transferet
554 304 594 336 in
614 305 793 346 optimum
819 304 858 337 P.
886 304 1090 345 Hoffaemn.
1129 303 1342 337 Catechismz‘
1365 304 1522 337 Romani
1548 304 1670 337 ret-sio.
1708 304 1937 338 Zoannettus.

165 358 205 391 P.
234 358 445 400 Swaqerhoes.
499 357 675 390 Sacerdos
698 367 903 399 oei-manns,
931 358 994 399 qni
1019 357 1170 390 Romam
1196 357 1290 390 mitti
1315 362 1430 400 queat,
1463 368 1534 390 non
1559 358 1734 399 suppetit;
1765 358 1939 390 avocandi

163 416 246 444 smel
273 423 315 444 (κε
340 412 435 444 aulis
453 411 676 452 confessarii.
713 410 752 443 P.
772 410 959 443 Kteselius.
988 410 1027 443 P.
1051 410 1236 453 Merqnitii
1253 411 1402 452 difficile
1426 411 1618 452 inyeninm.
1658 410 1728 443 PP.
1752 410 1940 444 Torrensis

165 468 195 497 et
213 465 341 497 Pisani
357 464 491 497 laudes.
523 463 705 505 Confessio
724 464 1006 506 Anyastiniana.
1043 464 1262 496 VacationcS.
1289 463 1441 497 Fratres
1457 465 1533 496 sine
1550 463 1699 496 restibus
1715 464 1938 506 sepelientur.

166 517 205 550 P.
229 518 313 550 Gall
333 528 527 560 perperam
554 518 720 559 queritur
746 517 787 549 de
806 521 939 550 rectore
956 517 1118 559 aliisque.
1158 517 1222 550 Fr.
1244 517 1350 549 Vicus
1375 527 1453 549 cum
1471 516 1724 549 oboedientiam
1742 518 1940 550 recusando

165 571 383 612 Dilinqanos
406 570 598 613 perturbet,
626 570 809 612 Augustae,
834 570 1045 613 versabitur,
1072 570 1192 613 quoad
1217 570 1372 613 Βονρίαε
1397 571 1438 603 de
1464 580 1501 602 eo
1526 571 1701 602 statuerit.

380 640 554 683 Jhesus.
618 640 713 682 Pax
745 640 903 683 Christi
937 639 1168 682 admodum
1201 639 1456 681 Reuerende
1489 640 1634 683 Pater.

286 711 464 761 Quando
506 711 570 754 ita
610 711 752 753 uisum
795 714 863 754 est
904 710 1102 753 Pontifici
1140 710 1334 753 Maximo
1376 713 1421 753 et
1462 711 1509 753 P.
1544 710 1745 761 Vestrae,
1787 710 1941 764 quibus

166 790 337 819 omnem
381 778 426 818 et
468 776 774 827 reuerentiam,
825 778 869 818 et
914 775 1204 818 obedientiam
1248 775 1397 826 debeo,
1442 778 1491 817 ut
1530 775 1574 817 in
1617 790 1746 830 opere
1779 774 1943 818 difficili

167 841 470 884 Centuriarum
503 841 686 895 posthac
728 855 869 883 meam
903 855 1079 896 operam
1121 843 1322 894 ponam1,
1366 841 1551 895 supplex
1583 840 1626 882 in
1659 840 1809 894 primis
1840 843 1942 895 peto

167 907 222 949 ad
264 906 344 948 hoc
384 906 633 949 institutum
664 907 750 949 rite
781 906 1072 960 incipiendum
1106 909 1151 948 et
1182 906 1529 960 prosequendum
1563 906 1605 949 S.
1637 906 1689 947 D.
1723 905 1778 948 N.
1812 905 1943 948 bene-

168 971 402 1014 dictionem
426 974 471 1014 et
493 971 680 1025 gratiam
705 972 985 1025 singularem,
1018 985 1103 1024 qua
1127 972 1408 1013 confirmatus
1431 985 1511 1025 ego
1534 985 1626 1012 rem
1647 972 1739 1013 tam
1762 971 1943 1013 arduam

168 1039 213 1079 et
244 1036 352 1078 meis
384 1037 575 1079 humeris
597 1037 794 1091 inparem
817 1036 1014 1078 foelicius
1042 1036 1236 1089 aggredi,
1271 1039 1315 1079 et
1337 1036 1403 1078 his
1425 1036 1548 1078 bonis
1572 1035 1830 1079 Sanctitatis
1852 1035 1944 1078 eius

166 1101 295 1144 Votis
327 1102 585 1144 satisfacere
617 1102 793 1156 possim.
838 1101 1004 1144 Deinde
1027 1101 1073 1144 P.
1098 1101 1285 1144 Vestrae
1317 1115 1469 1155 preces
1502 1115 1581 1155 pro
1609 1116 1679 1143 me
1700 1100 1944 1156 peculiares

167 1166 210 1208 in
243 1167 356 1208 hunc
388 1167 529 1221 ipsum
560 1168 691 1209 finem
722 1167 868 1208 offerri
890 1166 1074 1209 Domino
1098 1166 1222 1221 cupio
1247 1170 1291 1209 et
1323 1169 1425 1221 peto
1457 1166 1752 1210 uehementer.
1795 1166 1945 1208 Liceat

168 1232 298 1274 etiam
332 1232 436 1274 mihi
469 1238 669 1285 quaeso³,
710 1246 766 1274 ex
806 1231 1027 1286 pecunijsb
1059 1231 1304 1286 prouintiae
1345 1234 1546 1274 nostraec
1588 1245 1662 1274 eos
1695 1245 1839 1273 emere
1872 1242 1945 1273 co-

169 1297 300 1347 dices,
335 1297 408 1350 qui
440 1297 496 1339 ad
521 1297 632 1339 hanc
654 1297 998 1340 lucubrationem
1021 1296 1273 1339 historicam
1296 1311 1382 1339 non
1404 1297 1543 1351 pauci,
1578 1311 1718 1350 neque
1740 1297 1946 1350 uulgares

169 1362 403 1416 necessarij
444 1362 537 1404 fore
577 1362 794 1405 uidentur.
859 1363 954 1416 Ego
988 1361 1222 1416 diligenter
1253 1361 1428 1405 interim
1461 1362 1504 1403 id
1536 1362 1792 1412 obseruabo,
1833 1361 1947 1415 quod

170 1428 366 1482 postulat
395 1428 440 1470 P.
465 1428 641 1478 Vestra,
674 1431 724 1470 ut
756 1427 934 1481 negotia
969 1427 1225 1469 Prouinciae
1257 1427 1362 1469 mihi
1395 1427 1512 1469 cordi
1545 1441 1642 1469 esse
1673 1440 1759 1469 non
1792 1426 1944 1476 sinam,

169 1493 246 1534 sed
278 1493 478 1535 retentod
509 1493 601 1534 solo
634 1493 807 1535 nomine
840 1493 895 1534 ad
935 1496 1121 1547 tempus,
1165 1506 1324 1534 nouum
1357 1492 1704 1534 Prouincialem2
1736 1491 1947 1534 Hectores

172 1572 323 1600 omnes
354 1557 573 1611 integrum
597 1557 678 1599 sibi
700 1558 1007 1601 uendicabunt.
1052 1557 1174 1607 Quod
1197 1560 1245 1599 ut
1268 1557 1354 1600 cito
1376 1558 1453 1600 fiat
1475 1572 1589 1599 nunc
1611 1556 1666 1599 ad
1688 1557 1739 1599 D.
1764 1557 1947 1599 Paulum

173 1623 403 1665 Hoffaeum
442 1637 642 1678 propero,
686 1624 1021 1665 confirmaturus
1056 1622 1243 1665 libenter
1275 1623 1340 1665 illi
1372 1623 1418 1666 P.
1452 1623 1640 1665 Vestrae
1672 1621 1947 1672 sententiam,

173 1691 218 1730 et
249 1688 331 1730 hoc
363 1690 504 1731 totum
537 1702 706 1739 munus,
750 1689 865 1742 quod
908 1702 989 1741 ego
1022 1691 1090 1730 tot
1123 1687 1247 1730 annis
1279 1702 1364 1729 non
1397 1687 1489 1729 sine
1521 1687 1724 1730 molestia
1754 1700 1949 1728 meorum

174 1753 477 1807 Superiorume
509 1753 712 1807 indignus
744 1754 874 1808 plane
906 1753 1000 1804 tuli,
1034 1753 1078 1795 in
1100 1753 1221 1795 illum
1254 1753 1412 1795 bonum
1435 1755 1481 1795 et
1509 1752 1751 1807 sapientem
1773 1752 1949 1794 Patrem

171 1819 311 1873 primo
345 1832 515 1872 quoque
540 1821 738 1873 tempore
760 1818 1016 1861 reiecturus.
1061 1817 1272 1871 Quicquid
1300 1821 1446 1861 autem
1470 1818 1584 1872 apud
1605 1818 1726 1860 illum
1749 1817 1947 1868 effecero,

173 1884 296 1926 breui
335 1883 521 1925 scribam
563 1883 605 1924 in
641 1884 825 1926 Vrbem:
860 1884 941 1926 hoc
974 1898 1106 1925 unum
1141 1897 1253 1925 1111110
1287 1883 1464 1934 addens,
1508 1883 1622 1936 quod
1653 1882 1844 1924 nondum
1874 1881 1948 1924 ille

171 1949 358 1992 uerterit
381 1948 636 1991 Germanice
668 1949 826 1990 librum
851 1952 1055 2002 quartum
1079 1948 1340 1991 Catechismi
1362 1947 1578 1998 Romanis,
1612 1962 1692 1990 nec
1720 1947 1949 1989 absoluere

174 2014 345 2068 quidem
379 2013 517 2068 possit
550 2016 653 2057 ante
686 2013 846 2056 Christi
871 2014 1079 2056 Natalem
1113 2016 1214 2056 autg
1245 2013 1563 2068 Epiphaniam3
1594 2013 1647 2055 ob
1679 2012 1946 2066 frequentes,

175 2093 286 2132 quae
325 2079 496 2121 interea
536 2079 600 2121 illi
638 2079 866 2121 habendae
907 2082 1022 2130 sunt,
1064 2079 1108 2121 in
1148 2079 1342 2133 templo4
1374 2078 1616 2130 conciones,
1660 2092 1754 2120 cum
1789 2077 1846 2120 sit
1879 2091 1949 2119 or-

174 2144 368 2187 dinarius
400 2144 616 2198 Monachij
651 2144 954 2187 Concionator.

292 2209 414 2260 Quod
447 2210 502 2252 ad
525 2209 758 2252 editionem
783 2209 888 2251 dicti
910 2208 1171 2252 Catechismi
1195 2208 1368 2260 attinet,
1402 2209 1548 2263 placet
1569 2206 1947 2250 Reuerendissimo

173 2275 418 2318 Cardinali5
459 2277 508 2317 ut
540 2275 591 2318 D.
628 2274 750 2317 Pauli
783 2274 940 2325 uersio,
984 2288 1094 2327 quae
1136 2278 1315 2328 propter
1356 2274 1619 2327 elegantiam
1653 2286 1823 2326 quoque
1855 2285 1948 2314 ser-

172 2340 312 2382 monis
344 2340 562 2391 laudatur,
596 2340 640 2381 in
672 2341 812 2383 lucem
836 2341 967 2382 exeat
989 2353 1085 2381 cum
1108 2339 1335 2393 priuilegio
1359 2342 1404 2382 et
1426 2338 1706 2382 authoritate.
1750 2337 1950 2380 Addetur

172 2405 306 2458 igitur
338 2405 457 2460 operi
491 2405 605 2458 quod
636 2405 722 2447 iam
756 2405 834 2447 sub
866 2405 1015 2459 praelo
1049 2407 1129 2455 est,
1162 2403 1379 2459 praefatio
1412 2407 1457 2446 et
1489 2403 1806 2446 commendatio
1833 2402 1948 2444 eius-

175 2470 270 2512 dem
305 2471 546 2513 Cardinalis
579 2470 744 2524 scripta
775 2469 948 2512 nomine
962 2470 989 2512 ⁶.

295 2545 323 2576 a)
345 2546 380 2570 In
394 2546 474 2570 arch.
488 2546 622 2577 sequitur
636 2545 711 2575 Siue,
725 2546 816 2570 oblitt.
873 2544 903 2575 b)
925 2545 959 2569 In
980 2545 1060 2570 arch.
1074 2545 1118 2570 ita
1138 2548 1299 2570 correctam
1319 2548 1361 2569 est
1381 2553 1417 2570 ea·
1436 2543 1571 2577 pecunia.
1632 2543 1659 2574 c)
1679 2544 1726 2568 Ita
1742 2544 1770 2568 C.
1784 2550 1838 2566 sna
1859 2549 1947 2566 manu

175 2587 303 2610 correxit
320 2594 355 2611 ex
376 2586 501 2612 nostris.
558 2585 588 2613 d)
610 2588 666 2612 Hic
678 2585 741 2611 mih
755 2594 849 2618 supra
864 2594 980 2611 versum
993 2586 1146 2617 scriptum,
1166 2586 1270 2611 deinde
1291 2589 1388 2611 autem
1408 2586 1606 2610 oblitteratum
1626 2587 1677 2609 est.
1733 2584 1759 2615 e)
1781 2585 1948 2614 Sequuntur

174 2635 217 2652 vv.
238 2627 272 2652 ut
292 2634 402 2653 uereor
422 2635 505 2658 sane,
525 2629 616 2653 oblitt.
679 2627 707 2659 f)
728 2628 867 2659 Sequitur
887 2627 948 2660 qui,
968 2628 1059 2652 oblitt.
1125 2628 1155 2659 g)
1180 2628 1226 2652 Ita
1246 2630 1277 2659 (a
1299 2628 1338 2657 C„
1358 2630 1389 2651 nt
1409 2627 1538 2656 videtur)
1558 2628 1718 2651 correctum
1738 2628 1780 2650 est
1799 2632 1835 2649 ea:
1855 2623 1912 2649 uel.

301 2699 310 2718 ¹
337 2698 427 2732 Vide
453 2710 563 2743 supra
589 2711 623 2743 p.
645 2700 723 2733 118.

296 2750 309 2771 ²
336 2751 376 2785 P.
403 2751 557 2785 Paulum
583 2752 791 2794 Hoffaeum,
828 2763 934 2796 quem
961 2751 1113 2795 Borgias
1148 2751 1192 2785 ad
1227 2762 1293 2786 sex
1318 2751 1505 2784 minimum
1531 2760 1674 2783 menses
1703 2748 1948 2793 „viceprovin-

176 2803 322 2837 cialem“
354 2804 568 2838 Germaniae
594 2805 791 2850 superioris
818 2805 1057 2839 constituerat
1092 2806 1128 2838 et
1155 2804 1290 2838 Canisii
1324 2804 1401 2838 loco
1427 2805 1541 2837 totam
1573 2802 1795 2847 provinciam
1821 2812 1947 2845 regere

176 2856 349 2896 iusserat;
377 2868 411 2890 V.
438 2868 548 2901 supra
574 2869 608 2902 p.
631 2858 815 2893 118—119
846 2858 924 2892 124.

296 2910 308 2929 ³
335 2911 429 2943 Ante
455 2909 512 2944 25.
539 2910 749 2945 Decembris
778 2911 867 2946 1567
896 2911 954 2946 vel
982 2912 1013 2946 6.
1041 2910 1199 2945 Ianuarii
1227 2910 1329 2945 1568.

295 2965 307 2982 ⁴
334 2962 372 2995 ln
400 2963 534 3007 templo
560 2963 801 2998 Eremitarum
828 2964 863 2999 S.
889 2964 1105 3007 Augustini;
1132 2975 1167 2998 v.
1195 2974 1304 3008 supra
1330 2974 1364 3007 p.
1385 2962 1479 2996 119¹.

297 3017 309 3034 ⁵
335 3014 459 3049 Ottoni
485 3015 696 3050 Truchsess.

296 3069 308 3085 ‘³
334 3067 388 3102 De
414 3067 482 3102 hac
509 3068 663 3102 editione
689 3068 855 3112 Dilingae
882 3081 912 3104 a.
943 3070 1033 3104 1568
1060 3069 1212 3113 vulgata
1237 3081 1273 3104 v.
1299 3068 1404 3110 infra,
1434 3079 1527 3103 mon.
1553 3067 1622 3102 litt.
1643 3066 1735 3110 (12).
