2044 3335
684 85 847 119 Exeunte
874 96 920 120 m.
940 85 1105 129 Augusto
1134 85 1236 120 1567.
1751 87 1835 126 535

72 210 183 254 patet.
233 210 348 242 Boero
382 209 418 241 in
452 208 529 242 vita
554 207 588 242 S.
616 207 786 242 Stanislai
815 207 876 251 (cf.
903 219 937 252 p.
965 207 1120 250 72—82)
1157 206 1332 251 epistulae
1365 218 1410 241 ne
1441 206 1657 241 mentionem
1694 206 1838 250 quidem

71 262 168 304 fecit,
194 262 272 296 sive
299 261 391 305 quod
418 272 496 295 eam
522 261 653 294 falsam
679 260 843 302 habebat,
870 261 948 295 sive
974 260 1068 304 quod
1095 271 1173 294 eam
1199 271 1271 294 non
1297 261 1457 295 noverat.

194 315 444 359 Hayioyraphi
468 315 704 348 Bollandiani
729 325 759 349 a.
790 314 880 348 1894
906 315 1132 352 censuerunt,
1158 325 1234 347 rem
1259 313 1415 347 nondum
1451 315 1592 347 tantum
1618 311 1840 347 maturitatis

73 369 221 413 cepisse,
248 370 288 402 ut
313 367 448 412 aliquid
475 367 564 402 certi
590 367 730 401 definiri
755 369 878 412 posset
905 367 1097 410 (Analecta
1121 365 1357 400 Bollandiana
1384 366 1469 400 XIII
1498 367 1594 410 190).

195 434 385 476 Certiora
407 439 516 487 suut,
550 448 657 489 quae
677 435 817 488 posuit
840 433 1097 474 Franciscus
1120 433 1353 474 Saceliiuus
1376 433 1594 474 Societatis
1616 433 1841 474 historicus

73 500 399 541 laudatissimus
432 498 506 552 (cf.
541 513 675 553 supra
713 513 755 553 p.
790 498 862 550 41)
897 500 942 539 iu
984 499 1070 538 vita
1111 498 1321 540 stanislai
1357 498 1545 552 primum
1586 497 1842 551 Inqolstadz‘i

73 566 242 619 vulyata
276 579 388 606 auno
423 566 556 618 1609,
599 564 826 606 interiectis
859 565 970 604 iuter
1010 562 1109 604 libri
1153 563 1372 603 editionem
1416 567 1451 603 et
1493 563 1704 605 Stauislai
1740 577 1841 617 per-

76 631 376 683 eqriuatiouem
408 630 696 684 yermauieam
729 642 812 669 uon
841 629 940 682 plus
972 641 1096 681 quam
1129 627 1187 667 42
1220 628 1360 670 anuis.
1424 627 1492 668 Ita
1525 628 1758 670 Saeehiuus
1793 627 1843 668 de

75 695 316 737 Siauislao:
347 695 529 735 Demum
563 693 616 735 ab
649 693 780 745 longa
811 691 1163 745 peregrinatione
1204 704 1354 745 sospes
1397 691 1452 732 ad
1485 691 1700 733 Canisium
1742 705 1842 745 per-

75 759 207 802 uenit.
264 758 349 801 Vbi
379 758 452 800 ille
485 758 552 799 vir
583 757 770 811 sapiens,
804 770 855 798 ac
897 759 1088 807 sanctus,
1133 755 1476 809 Germaniaeque
1510 756 1745 809 Apostolus
1787 770 1843 798 ex

75 824 224 866 ordine
257 837 431 866 causam
454 822 551 864 viae
575 822 792 876 cognouit,
825 820 1019 873 viditque
1043 820 1255 870 ardorem,
1289 834 1340 863 ac
1372 820 1713 871 submissionem,
1749 821 1843 873 qui—

75 889 154 930 bus
192 888 453 942 Peregrinus
493 902 570 942 pro
612 886 888 941 impetranda
930 885 1148 928 Societate
1190 886 1411 937 certabat,
1455 886 1738 928 vehementer
1777 885 1843 926 in-

75 954 230 1004 dolem,
255 956 299 996 et
320 953 594 996 vocationem
616 951 840 1006 probauit:
863 953 1173 1006 praeterquam
1196 950 1310 1003 quod
1327 954 1371 993 et
1393 953 1563 993 tantum
1583 950 1842 993 exhaustum

75 1019 283 1070 laborum,
319 1021 362 1061 et
395 1017 585 1059 emicans
616 1017 660 1058 in
682 1017 806 1059 vultu
838 1016 992 1071 pietas,
1028 1019 1072 1058 et
1095 1015 1229 1057 verba
1261 1016 1405 1057 nescio
1429 1016 1530 1069 quid
1554 1015 1671 1057 vltra
1694 1029 1843 1066 annos,

75 1086 120 1126 et
152 1084 384 1125 humanam
416 1081 756 1124 imbecillitatem
780 1081 1006 1136 spirantia,
1040 1081 1168 1123 fidem
1190 1080 1417 1135 perspicue
1446 1081 1679 1129 faciebant,
1714 1081 1845 1123 sortis

75 1149 166 1191 eius
198 1148 518 1190 adolescentem
542 1148 595 1189 ab
619 1149 772 1189 sancto
795 1147 959 1201 Spiritu
992 1146 1076 1199 agi.
1121 1146 1275 1199 Itaque
1297 1147 1454 1188 bonam
1482 1148 1677 1189 ostentat
1709 1160 1843 1201 spem.

73 1213 253 1256 Interim
285 1216 447 1264 tamen,
481 1212 572 1254 siue
594 1215 644 1254 vt
676 1211 861 1266 amplius
895 1212 947 1254 de
970 1211 1134 1254 virtute
1157 1211 1248 1253 eius
1270 1211 1507 1265 periculum
1540 1211 1719 1262 faceret,
1753 1211 1844 1253 siue

75 1283 125 1323 vt
166 1279 486 1333 specularetur,
533 1292 634 1319 num
680 1277 780 1330 quid
823 1276 1052 1331 propinqui
1097 1279 1345 1328 mouerent,
1387 1276 1603 1331 tantisper
1643 1276 1845 1331 Dilingae

74 1344 258 1386 humiles
275 1344 408 1397 vulgo
430 1344 601 1385 labores
624 1342 858 1396 suscipere,
885 1345 929 1385 et
953 1341 1129 1384 seruilia
1151 1344 1345 1385 tractare
1363 1356 1507 1396 opera,
1541 1342 1846 1384 Conuictorum

75 1410 118 1451 in
152 1409 330 1451 aedibus
362 1409 493 1451 iubet.

195 1479 361 1514 Breviter
392 1478 482 1513 haec
507 1477 661 1523 repetita
696 1479 781 1511 sunt
816 1477 860 1512 ab
896 1477 1019 1511 eodem
1047 1477 1221 1511 Sacc-hino
1256 1477 1292 1511 in
1322 1477 1523 1520 „Historiae
1551 1476 1740 1511 Societatis
1766 1477 1847 1511 Iesu

76 1533 184 1567 Parte
218 1533 361 1574 tert1a“,
397 1532 531 1566 Romae
567 1542 597 1566 a.
628 1531 718 1566 1649
744 1530 858 1566 edita:
899 1529 1071 1573 „Demum
1107 1530 1151 1565 ab
1186 1530 1294 1574 longa
1328 1530 1616 1575 peregrinatione
1651 1542 1777 1575 sospes
1803 1530 1848 1564 ad

77 1586 260 1621 Canisium
287 1587 475 1630 Augustae
500 1596 570 1619 non
606 1585 801 1626 inuentum,
831 1584 1015 1628 Dilingam
1051 1583 1225 1630 peruenit.
1276 1583 1518 1618 Vehementer
1542 1583 1679 1629 placuit
1705 1583 1849 1619 Canisio

74 1639 232 1674 indoles“
262 1641 329 1673 etc.
359 1638 397 1683 (l.
416 1639 448 1681 4,
474 1651 509 1672 11.
527 1638 602 1682 59).

193 1692 232 1727 P.
260 1693 462 1726 Matthaeus
488 1693 655 1726 Raderus
680 1690 715 1724 in
748 1691 864 1736 prima
890 1690 952 1725 illa
978 1690 1086 1725 Vitae
1123 1690 1329 1725 canisianae
1356 1690 1656 1724 *adumbratione
1691 1690 1769 1725 sive
1795 1701 1848 1724 re-

74 1746 251 1788 censione,
288 1757 394 1790 quam
429 1746 614 1790 Augustae
649 1744 918 1779 Vindelicorum
954 1755 986 1778 a.
1016 1744 1104 1779 1611
1142 1743 1317 1778 absolvit:
1361 1743 1517 1786 „Viuit“,
1555 1743 1682 1788 inquit,
1726 1743 1849 1786 „hodie

74 1800 259 1834 nobiscum
286 1801 473 1843 Augustae
500 1799 650 1833 Iacobus
676 1798 862 1832 Fontanus
888 1797 963 1832 suis
989 1797 1297 1832 lucubrationibus
1323 1799 1398 1831 toto
1424 1797 1634 1831 notissimus
1660 1796 1755 1837 orbe,
1788 1796 1849 1841 qui

74 1852 294 1888 Stanislaum
329 1852 496 1896 Dilingae
531 1852 651 1886 nouit“
693 1850 761 1895 (De
787 1851 873 1885 Vita
908 1851 1008 1885 Petri
1044 1851 1177 1886 Canisii
1210 1863 1243 1896 p.
1270 1851 1327 1885 43.
1378 1851 1522 1891 Romae,
1558 1851 1595 1884 in
1633 1849 1850 1885 bibliotheca

78 1906 254 1950 „Vittorio
287 1906 555 1947 Emmanuele“,
591 1905 679 1940 Mss.
707 1904 845 1940 Gesuit.
874 1904 959 1939 Cod.
989 1905 1110 1947 1355).
1160 1904 1200 1939 In
1232 1904 1363 1938 Raderi
1400 1906 1519 1938 autem
1546 1903 1632 1938 Vita
1667 1903 1851 1938 canisiana

74 1961 173 2006 typis
209 1961 393 2005 exscripta
418 1959 508 1994 haec
533 1961 618 1993 sunt
644 1959 788 1993 omissa.
839 1958 892 1993 De
915 1958 1078 1992 Pontano
1105 1958 1150 1992 cf.
1182 1958 1268 1992 Cau.
1287 1957 1320 1992 V
1346 1957 1545 1993 298-299.
1588 1957 1629 1991 In
1655 1958 1851 2001 *Cataloyo

75 2014 258 2057 dilingano
285 2013 340 2048 31.
360 2013 569 2048 Decembris
598 2013 687 2047 1566
715 2012 918 2057 conscripto
947 2011 1132 2046 Pontanus
1159 2011 1253 2045 inter
1279 2010 1471 2046 Societatis
1498 2010 1732 2046 scholasticos
1759 2022 1850 2044 com-

74 2069 179 2112 paret
207 2066 310 2110 (GSC
337 2067 380 2101 66
407 2067 431 2101 f.
450 2065 701 2110 4022—4041‘).
755 2065 895 2109 Lapsus
923 2066 980 2099 est
1005 2077 1091 2099 vero
1118 2066 1326 2109 Ubaldinus,
1353 2076 1433 2099 cum
1460 2064 1651 2099 scriberet:
1682 2064 1853 2107 „loannes

75 2120 236 2154 Peletius
262 2131 331 2154 non
358 2120 511 2163 exiguae
537 2119 572 2154 in
599 2119 778 2154 Societate
804 2118 886 2153 Iesu
913 2118 1141 2153 auctoritatis
1167 2118 1223 2152 vir
1243 2145 1250 2152 .
1270 2145 1278 2152 .
1298 2145 1305 2153 .
1325 2129 1417 2152 anno
1446 2118 1537 2153 1606
1563 2117 1669 2152 fidem
1704 2117 1851 2158 fecerat,

75 2186 114 2209 se
141 2174 285 2207 beatum
313 2173 531 2208 Stanislaum
558 2173 654 2207 omni
681 2172 817 2206 auxilio
843 2172 1056 2206 destitutum
1083 2174 1120 2206 et
1151 2172 1229 2206 sine
1254 2171 1411 2205 nummis
1438 2171 1619 2215 Dilingam
1647 2170 1851 2205 venientem

74 2227 240 2262 novisse“
272 2226 465 2270 (Analecta
482 2225 719 2260 Bollandiana
744 2225 795 2259 XI
820 2225 1040 2269 440—441).
1083 2226 1161 2260 Hoc
1188 2225 1282 2259 enim
1308 2229 1469 2270 tempore
1495 2225 1648 2258 Ioannes
1674 2223 1851 2269 Pelecyus

75 2282 153 2316 sive
180 2280 292 2325 Beyel
318 2280 491 2314 ulmensis
517 2279 651 2314 Romae
677 2279 714 2313 in
748 2279 910 2314 tirocinio
938 2279 1129 2314 Societatis
1156 2279 1372 2313 versabatur
1382 2292 1389 2319 ;
1424 2278 1518 2323 quod
1553 2278 1739 2321 ingressus
1774 2277 1852 2311 erat

76 2335 108 2370 3.
142 2334 228 2368 Maii
267 2335 356 2368 1567
394 2333 556 2378 (Miehel,
593 2332 692 2367 Stan.
719 2333 818 2376 286).
870 2333 951 2378 Ipse
985 2333 1148 2377 Peleeyus
1185 2334 1311 2377 postea
1348 2332 1385 2366 in
1418 2331 1553 2366 ÷÷Libro
1588 2331 1851 2377 professionum

76 2387 219 2431 collegii
246 2386 420 2431 dilingani
446 2387 597 2428 notavit,
623 2397 662 2420 se
689 2385 880 2420 Societatis
906 2388 992 2420 vota
1017 2386 1172 2431 primum
1198 2397 1425 2431 nuncupasse
1451 2385 1483 2420 8.
1512 2384 1733 2430 Septembris
1760 2384 1849 2418 1567

75 2441 210 2475 Romae
250 2441 365 2486 „apud
401 2440 434 2474 S.
473 2439 696 2473 Andraeam“
738 2438 787 2483 (v.
824 2450 935 2484 supra
969 2451 1003 2484 p.
1039 2439 1152 2483 209⁴).
1214 2439 1313 2473 Idem
1348 2440 1512 2472 notatum
1549 2441 1604 2472 est
1639 2438 1674 2471 in
1709 2438 1851 2471 ÷÷Libro

76 2494 340 2540 professionum
367 2493 509 2536 collegii
535 2492 831 2536 ingolstadiensis
859 2492 962 2537 (Cod.
980 2493 1050 2527 270
1072 2492 1310 2527 bibliothecae
1337 2491 1587 2526 universitatis
1613 2490 1850 2531 monacensis,

75 2548 211 2592 f.34³).
261 2547 429 2582 Fortasse
467 2546 646 2580 Ubaldino
683 2545 875 2589 legendum
914 2546 983 2579 fuit
1022 2545 1206 2589 „Dilinga“
1248 2557 1312 2590 pro
1352 2544 1597 2589 „Dilingam“;
1634 2555 1852 2589 quamquam

76 2614 120 2636 ne
146 2601 213 2635 hoc
239 2601 382 2646 quidem
409 2600 513 2646 plene
539 2600 626 2634 mihi
653 2599 842 2634 satisfacit.
886 2599 1105 2642 Corrigenda
1131 2601 1229 2633 certe
1254 2600 1350 2640 sunt,
1377 2610 1468 2642 quae
1495 2598 1570 2632 dixi
1595 2609 1706 2643 supra
1724 2610 1758 2643 p.
1778 2597 1852 2632 64¹.

195 2655 250 2689 Ex
276 2654 478 2696 iuvenibus,
505 2653 566 2698 qui
584 2665 614 2687 a.
637 2653 726 2688 1567
747 2653 781 2686 in
800 2652 951 2696 collegio
971 2652 1154 2696 dilingano
1172 2652 1304 2686 litteris
1321 2652 1525 2692 studebant,
1554 2652 1632 2693 duo,
1660 2651 1851 2686 Eduardus

76 2708 196 2743 Thorn
233 2710 269 2743 et
293 2708 487 2742 Balthasar
513 2708 638 2751 Zuger,
666 2707 741 2741 fere
767 2706 856 2751 ipsis
881 2706 980 2740 hisce
999 2705 1124 2740 diebus
1150 2717 1219 2740 non
1247 2705 1362 2740 solum
1389 2717 1409 2739 a
1436 2705 1624 2747 Societate,
1651 2705 1715 2739 sed
1742 2705 1852 2739 etiam

78 2762 123 2796 ab
161 2761 314 2796 ecclesia
350 2761 528 2796 catholica
555 2760 765 2795 defecerunt
793 2759 842 2803 (v.
869 2771 979 2804 supra
996 2771 1031 2804 p.
1058 2759 1101 2794 29
1129 2758 1203 2802 61).
1256 2758 1512 2793 Vehementem
1538 2761 1660 2793 tamen
1687 2758 1855 2800 dolorem,

76 2827 146 2859 quo
165 2815 299 2850 Canisii
324 2814 520 2860 praepositi
545 2812 778 2859 provincialis
804 2813 944 2847 animus
971 2825 1034 2857 per
1059 2812 1223 2847 homines
1248 2811 1329 2847 illos
1355 2812 1593 2854 afficiebatur,
1622 2812 1744 2846 divina
1770 2823 1848 2856 pro-

76 2868 236 2902 videntia
263 2867 485 2912 aliquantum
512 2869 714 2912 temperare
740 2865 873 2906 voluit;
902 2866 1026 2900 eodem
1051 2866 1126 2900 fere
1152 2868 1313 2911 tempore
1345 2866 1381 2900 in
1408 2865 1599 2909 collegium
1626 2865 1851 2909 dilinganum

77 2922 188 2963 venit,
214 2921 368 2966 indeque
394 2932 457 2966 per
476 2920 659 2956 Ganisium
678 2919 828 2954 Romam
845 2919 978 2954 missus
997 2919 1169 2954 Societati
1195 2931 1323 2953 nomen
1347 2919 1446 2954 dedit
1471 2919 1622 2962 iuvenis,
1650 2920 1711 2964 qui
1737 2919 1853 2953 instar

78 2974 311 3020 plurimorum
346 2974 490 3009 futurus
527 2976 640 3015 esset;
679 2973 893 3015 Stanislaus,
932 2973 1020 3015 dico,
1048 2972 1200 3013 Kostka,
1236 2972 1309 3017 qui,
1345 2985 1425 3007 cum
1453 2985 1483 3007 a.
1504 2973 1595 3007 1568
1622 2972 1852 3018 purissimam

77 3029 192 3062 vitam
229 3027 458 3062 sanctissima
495 3030 610 3062 morte
646 3026 889 3067 cumulasset,
925 3038 957 3061 a.
987 3026 1077 3061 1602
1110 3038 1130 3060 a
1169 3025 1353 3061 Clemente
1379 3026 1477 3061 VIII.
1517 3026 1692 3069 „Beatus‘
1723 3026 1852 3066 dictus,

78 3093 109 3116 a.
132 3081 221 3115 1726
248 3092 269 3115 a
295 3080 488 3116 Benedicto
515 3081 612 3116 XIII.
639 3081 675 3114 in
702 3079 915 3114 Sanctorum
941 3079 1061 3114 album
1088 3079 1225 3114 relatus
1252 3082 1319 3115 est.
