2044 3335
739 97 905 141 Augusta
931 98 962 131 7.
982 96 1063 131 Iulii
1092 96 1192 131 1569.
1763 97 1845 137 341

88 213 243 256 (Mar-tin
274 214 396 247 Crusli
431 212 684 247 Schwabische
712 212 902 254 Chronick,
929 213 1046 247 iibers.
1074 224 1144 246 von
1172 213 1207 246 J.
1228 213 1263 246 J.
1284 212 1414 254 Moser,
1440 210 1659 244 Franckfurt
1688 210 1788 251 1733,
1816 210 1849 243 ΙΙ

83 267 163 302 440.
215 268 263 300 Μ.
291 268 501 310 Erzberyer,
528 266 594 300 Die
621 266 908 300 Sakularisation
935 267 971 300 in
991 265 1275 307 Wiirttemberg,
1303 265 1488 307 Stuttgart·
1516 263 1618 305 1902,
1646 263 1743 306 340).

204 337 465 370 Adulescentem
493 337 534 368 de
559 337 649 369 vitae
674 337 814 369 aulicae
834 338 1008 379 periculis
1033 340 1146 369 monet
1182 340 1211 368 et
1237 336 1285 367 ad
1310 336 1496 378 reliyionis
1522 335 1756 368 constantiam
1794 345 1849 366 eoc—

84 390 262 423 hortatur.
294 391 495 432 Georyium,
535 390 609 422 eins
639 393 792 432 patrem,
832 394 944 433 νομαί,
986 394 1021 422 ιιι
1057 389 1270 432 imperatori
1304 389 1493 421 catholicos
1528 388 1749 429 commendet,
1789 388 1851 430 qui

85 443 208 477 Ulmae·
234 446 358 476 contra
387 444 442 476 ius
466 444 592 486 fasque
617 453 638 474 α
667 443 887 476 Lutheranis
914 445 1176 486 opprimantur.

297 530 391 572 Pax
423 529 579 572 Christi
611 529 707 571 Iesu
740 530 862 571 nobis
896 532 1075 572 aeterna

513 594 700 636 Chariss:
734 595 916 637 Domine
948 594 1258 637 Maximiliane.

204 666 410 709 Gratulor
449 665 528 708 tibi
565 666 732 707 felicem
777 679 830 707 ex
865 666 993 708 Italia
1033 665 1217 708 reditum
1261 665 1314 706 ad
1357 678 1434 706 nos
1476 666 1520 706 et
1558 664 1765 716 majorem
1808 663 1850 704 in

84 731 255 773 modum
289 734 405 785 peto,
447 733 496 773 ut
528 745 604 784 pro
638 734 715 773 tua
747 730 978 784 prudentia
1011 729 1227 784 dispicias,
1264 743 1347 782 quo
1380 731 1508 783 pacto
1540 729 1655 770 inter
1687 728 1852 769 nobiles

84 799 128 838 et
160 795 386 850 primarios
410 795 527 837 viros
559 796 639 837 1100
671 795 749 837 tibi
783 795 840 837 sit
872 799 1068 850 tempore
1090 795 1315 837 moderate
1339 797 1551 847 cauteque
1575 793 1806 834 vivendum
1823 794 1849 835 1.

84 861 334 915 Experieris
366 860 480 902 haud
514 860 639 902 dubie
662 860 807 902 Varios
830 864 998 910 ventos,
1032 873 1111 901 nec
1133 860 1253 901 leves
1285 859 1499 913 procellas
1522 862 1654 911 atque
1686 861 1852 911 tempe-

83 929 222 969 states
254 926 297 966 in
329 928 373 968 te
406 939 536 979 saepe
570 939 619 967 ac
652 925 835 967 multum
858 925 1087 967 irruentes.
1142 925 1282 975 Quare
1315 938 1398 977 quo
1431 927 1476 966 te
1499 937 1595 966 amo
1618 923 1853 976 impensius

85 1005 134 1032 eo
168 990 418 1044 diligentius
450 1003 625 1032 monere
658 1004 852 1044 pergam,
886 993 934 1033 ut
967 990 1079 1043 quod
1102 989 1198 1031 aliis
1232 989 1466 1043 perniciem
1499 989 1752 1041 frequenter
1785 990 1852 1029 at-

84 1056 198 1106 tulit,
242 1070 336 1097 cum
378 1055 421 1096 in
463 1056 562 1096 aula
594 1055 808 1105 viverent,
852 1055 894 1096 id
927 1055 1096 1097 Christo
1140 1055 1246 1096 duce
1288 1054 1495 1107 majorem
1535 1067 1659 1095 usum
1692 1066 1851 1101 rerum,

85 1124 129 1163 et
175 1121 364 1163 fructum
412 1120 600 1173 aliquem
646 1119 837 1174 priorum
890 1120 1131 1162 studiorum
1179 1120 1390 1174 praebeat
1441 1119 1542 1169 tibi,
1596 1117 1854 1172 praesertim

85 1186 288 1239 quamdiu
321 1185 471 1239 optimi
503 1185 698 1238 parentis
733 1185 854 1238 jussu
886 1185 928 1226 in
962 1185 1043 1227 hoc
1076 1200 1189 1227 novo
1222 1185 1340 1227 vitae
1373 1199 1533 1238 genere
1565 1183 1811 1226 uersaberis
1824 1184 1852 1225 2.

85 1251 178 1293 Nec
211 1251 357 1293 dubito
390 1250 576 1301 interim,
611 1253 764 1303 gratas
797 1264 891 1292 esse
924 1251 1003 1292 tibi
1036 1251 1183 1292 Musas
1217 1253 1261 1293 et
1294 1263 1420 1304 spero
1453 1253 1498 1292 te
1531 1264 1615 1291 non
1648 1249 1711 1291 ita
1734 1248 1806 1290 diu
1829 1262 1854 1290 a

84 1317 227 1370 legum
269 1316 411 1358 studio
453 1316 717 1364 abfuturum,
761 1318 809 1358 ut
851 1316 963 1368 quod
996 1316 1039 1357 in
1082 1316 1307 1370 praeclara
1349 1315 1620 1369 philosophia
1653 1313 1854 1363 didicisti,

84 1381 250 1435 peritus
283 1381 411 1435 Legis
444 1381 647 1423 absolvas
680 1381 849 1423 Christo
883 1380 983 1434 Opt.
1018 1382 1135 1423 Max.
1170 1381 1424 1423 auxiliante.

202 1447 271 1488 Ad
293 1460 549 1500 generosum
574 1446 790 1487 dominum
816 1445 1048 1499 Georgium
1072 1448 1242 1500 patrem
1264 1449 1386 1489 tuum
1410 1460 1495 1487 non
1518 1444 1670 1493 scribo,
1695 1444 1853 1498 partim

84 1525 137 1553 ne
179 1511 559 1566 occupatissimum
601 1511 894 1565 interpellem,
937 1511 1095 1565 partim
1139 1511 1252 1563 quod
1292 1510 1506 1552 scribendi
1549 1510 1684 1552 otium
1727 1508 1852 1551 desit.

84 1576 234 1618 Saluto
275 1577 394 1618 illum
434 1576 637 1627 officiose,
681 1590 907 1630 meamque
941 1590 1116 1630 operam
1150 1576 1273 1618 vobis
1305 1576 1470 1626 addico,
1515 1589 1621 1629 quos
1655 1574 1852 1625 obseruo,

82 1641 119 1683 si
151 1642 262 1684 ullos
295 1642 415 1693 alios,
451 1642 503 1683 ob
531 1641 677 1684 avitae
709 1642 930 1695 religionis
962 1641 1198 1694 ingenuum
1232 1642 1394 1684 cultum
1428 1644 1473 1683 et
1505 1641 1719 1683 sinceram
1752 1652 1853 1694 pro-

82 1707 327 1757 fessionem,
361 1707 403 1748 in
436 1721 521 1760 qua
553 1707 700 1749 diuina
731 1708 904 1750 bonitas
936 1707 1047 1749 hanc
1070 1709 1263 1749 vestram
1287 1707 1496 1749 familiam
1521 1706 1591 1748 diu
1624 1706 1852 1748 florentem

83 1775 311 1815 conseruet
338 1773 573 1815 Ecclesiae.
629 1773 722 1814 Hoc
755 1787 887 1814 unum
920 1773 997 1815 abs
1029 1776 1104 1816 tuo
1138 1775 1264 1827 patre
1297 1775 1342 1815 et
1374 1776 1559 1827 patrono
1592 1785 1687 1813 meo
1721 1769 1852 1812 etiam

83 1842 214 1891 atque
247 1838 377 1880 etiam
412 1840 525 1892 peto,
560 1838 774 1880 rationem
797 1842 844 1881 ut
875 1838 1035 1881 habeat
1058 1838 1378 1880 Catholicorum
1404 1838 1572 1888 Ulmae,
1607 1840 1650 1879 et
1682 1836 1852 1877 illorum

83 1903 294 1945 afflictam
320 1918 496 1946 causam
519 1904 639 1945 Caes.
665 1904 766 1946 Mai.
791 1906 997 1946 accurate
1030 1904 1315 1946 commendet.
1360 1903 1447 1945 Vix
1480 1903 1645 1953 credas,
1680 1901 1850 1955 qualem

83 1971 376 2022 quantamque
398 1968 484 2010 uim
507 1969 699 2011 inferant
721 1969 895 2022 sectarij
929 1968 1162 2011 Catholicis
1186 1983 1235 2011 eo
1258 1969 1375 2018 loco;
1411 1969 1656 2010 subducunt
1677 1965 1852 2015 salaria,

84 2034 238 2087 quibus
270 2034 500 2077 alebantur
532 2034 794 2084 sacerdotes,
829 2034 1051 2077 minantur
1073 2048 1120 2076 se
1143 2049 1228 2076 non
1261 2048 1467 2089 passuros
1500 2033 1685 2088 amplius
1718 2030 1853 2074 sacri-

82 2099 225 2141 ficium
258 2100 506 2153 cultumque
539 2099 728 2141 diuinum
762 2102 806 2142 et
838 2100 1039 2153 quicquid
1072 2099 1292 2142 Catholico
1325 2100 1413 2142 ritu
1444 2100 1487 2141 in
1520 2099 1696 2153 templo,
1741 2096 1852 2150 quod

83 2165 254 2206 unicum
278 2165 415 2206 nostri
438 2167 602 2215 tenent,
636 2165 824 2218 geritur:
859 2165 1020 2216 Rabus,
1054 2166 1181 2207 homo
1204 2165 1334 2220 plane
1357 2165 1588 2207 seditiosus
1610 2164 1854 2205 inflammat

205 2288 215 2307 ¹
241 2287 435 2330 Georgium
474 2287 598 2331 Ilsung
636 2299 656 2321 a
682 2288 880 2332 Tratzberg
918 2289 1108 2333 patricium
1148 2290 1408 2332 augustanum,
1446 2287 1686 2322 Maximiliani
1726 2285 1850 2328 llsung

81 2343 232 2385 patrem,
267 2340 514 2374 Ferdinandus
541 2341 568 2375 Ι.
602 2340 842 2376 Romanorum
873 2354 937 2376 rex
973 2354 1003 2376 a.
1026 2342 1116 2376 1550
1143 2342 1295 2376 Suebiae
1331 2342 1552 2387 praefectum
1581 2338 1849 2384 („Landvogt“)

82 2394 319 2428 constituerat
346 2397 382 2427 et
408 2394 679 2428 Maximilianus
706 2395 749 2429 ll.
777 2395 970 2440 imperator
1006 2407 1037 2430 a.
1065 2397 1155 2430 1566
1191 2396 1334 2438 magnis
1370 2394 1572 2440 privilegiis
1607 2393 1851 2431 instruxerat;

82 2448 176 2481 idem
202 2459 233 2481 a.
255 2448 345 2482 1566
381 2448 416 2481 in
449 2448 606 2481 animum
639 2448 830 2482 induxerat
856 2448 1078 2483 Fridericum
1105 2452 1140 2483 et
1164 2449 1452 2482 Maximilianum
1479 2448 1571 2482 filios
1597 2448 1633 2481 in
1660 2445 1852 2488 collegium

83 2501 327 2544 germanicum
361 2501 586 2535 convictores
613 2502 775 2542 mittere;
811 2505 921 2546 atque
947 2503 1026 2547 ipsa
1051 2502 1119 2536 hac
1139 2502 1272 2537 Canisii
1299 2502 1456 2546 epistula
1473 2501 1671 2536 verisimile
1696 2499 1853 2533 efficitur

82 2554 368 2589 Maximilianum
415 2555 589 2599 proximis
636 2556 740 2589 annis
786 2555 917 2589 ibidem
964 2555 1210 2601 philosophiae
1258 2555 1479 2599 aliquamdiu
1517 2565 1660 2600 operam
1700 2553 1851 2587 dedisse.

83 2608 181 2642 Idem
208 2620 254 2643 m.
281 2608 377 2642 Maio
406 2609 493 2642 1571
523 2608 657 2642 Romae
684 2608 754 2642 fuit
780 2611 816 2642 et
842 2620 862 2642 a
888 2609 952 2642 Pio
970 2608 1013 2643 V.
1041 2609 1157 2643 Breve
1184 2609 1404 2654 impetravit,
1443 2620 1507 2654 per
1533 2608 1626 2652 quod
1653 2606 1851 2642 cathedrali

84 2662 240 2707 capitulo
267 2664 470 2705 augustano
497 2662 825 2703 commendabatur,
862 2665 902 2696 ut
937 2662 1087 2706 collegio
1115 2662 1305 2697 Societatis
1332 2664 1520 2706 Augustae
1555 2660 1776 2696 aedificando
1802 2660 1851 2694 lo-

83 2727 163 2749 cum
199 2715 376 2759 quendam
411 2727 514 2750 suum
551 2716 727 2749 tribueret
765 2716 825 2759 (ex
862 2716 1017 2759 Borgiae
1053 2716 1097 2750 ad
1133 2716 1321 2750 Hoffaeum
1359 2719 1395 2750 et
1420 2715 1618 2750 Roseffium
1645 2713 1851 2759 ÷÷epistulis‚

83 2780 235 2812 quarum
262 2780 384 2813 apogr.
411 2771 496 2803 sunt
531 2770 568 2802 in
595 2768 714 2803 Germ.
743 2770 787 2804 70
814 2770 838 2803 f.
868 2769 1116 2812 lma-473³).
1168 2769 1438 2804 Maximilianus
1473 2771 1600 2814 postea
1636 2771 1671 2802 et
1697 2769 1774 2813 ipse
1801 2770 1851 2801 ot-

83 2821 202 2855 ficium
237 2821 412 2866 praefecti
447 2822 598 2857 Suebiae
634 2822 922 2863 administravit;
959 2822 1052 2856 idem
1087 2822 1302 2856 Ferdinandi
1329 2823 1373 2857 ΙΙ.
1411 2825 1447 2857 et
1473 2822 1591 2856 Caroli
1617 2821 1850 2856 archiducum

83 2875 309 2909 consiliarius
334 2875 404 2908 fuit
433 2876 488 2918 (P.
517 2888 543 2909 11.
565 2877 694 2909 Stetten
720 2876 804 2915 iun.‚
832 2875 1006 2910 Adeliche
1025 2876 1286 2910 Geschlechter
1307 2876 1503 2911 109-112.
1544 2876 1632 2921 Epp.
1651 2875 1774 2910 Nadctl
1799 2874 1850 2908 ΙΙΙ

85 2929 281 2963 170-171.
337 2928 422 2962 Can.
452 2929 501 2962 ΙΙΙ
529 2930 614 2969 574;
642 2929 692 2962 IV
720 2929 907 2964 904—906
937 2928 1056 2972 1036).

202 2982 215 3001 ²
241 2981 479 3016 Maximiliani
499 2982 542 3017 II.
570 2983 797 3027 imperatoris
825 2983 907 3016 aula
933 2983 1117 3016 mensibus
1145 2983 1245 3017 Iunio
1271 2985 1308 3017 et
1334 2983 1424 3017 Iulio
1451 2994 1481 3018 a.
1501 2983 1591 3017 1569
1607 2982 1850 3023 Vindobonae,

83 3047 103 3069 a
129 3035 244 3069 medio
271 3035 346 3069 fere
372 3046 418 3069 m.
434 3037 599 3079 Augusto
625 3047 739 3080 usque
767 3036 809 3070 ad
838 3040 1031 3070 exeuntem
1058 3047 1104 3070 m.
1124 3035 1315 3071 Octobrem
1334 3037 1479 3071 Posonii
1507 3036 1698 3081 (Pozsony,
1725 3036 1850 3069 Press-

83 3089 185 3131 burg,
212 3089 247 3122 in
275 3088 477 3132 Hungaria)
505 3089 575 3123 fuit
603 3089 745 3133 (Turba
771 3090 793 3123 ].
813 3102 842 3124 0.
862 3090 914 3123 Ill
939 3090 1007 3124 477
1035 3090 1121 3124 482³
1147 3090 1262 3134 4882).
