2044 3335
169 100 253 141 616
422 97 517 131 Mon.
546 94 735 131 983—984
760 94 837 129 sive
863 105 940 128 oen.
961 93 1182 137 (ln—(12).
1225 93 1340 129 3.—9.
1359 94 1541 129 Februarii
1571 95 1673 129 1568.

286 212 362 246 Etsi
399 211 434 244 in
460 210 613 253 Borgiae
646 209 800 253 registro
835 208 1051 254 apographo,
1086 209 1178 253 quod
1214 209 1300 250 dixi,
1337 210 1461 244 eadem
1496 222 1604 245 manu
1630 210 1826 255 ascriptum
1853 212 1928 245 est:

171 264 346 310 ,Jspruch
372 263 555 307 Reginis“,
583 262 774 308 epistulam
802 263 863 297 uni
888 262 1126 306 Magdalenae
1153 273 1232 297 esse
1257 262 1466 308 inscriptam
1492 263 1679 298 dicendum
1705 265 1761 297 est
1783 263 1929 308 perinde

167 330 208 352 ac
235 318 367 352 dictum
395 318 450 350 est
475 327 583 361 supra
608 328 641 361 p.
661 315 740 351 610.

286 369 461 410 Canisius,
489 369 656 413 quoniam
682 369 751 403 hac
775 368 955 412 legatione
979 368 1216 413 oenipontana
1241 368 1347 413 paulo
1374 371 1455 414 post
1481 381 1543 414 per
1561 369 1730 413 Borgiam
1756 368 1931 404 liberatus

168 426 222 458 est
251 423 300 466 (v.
326 433 435 467 supra
461 434 494 467 p.
515 422 582 456 165
610 421 706 465 167),
732 421 824 456 hano
850 422 1041 467 epistulam
1068 421 1306 466 Magdalenae
1331 421 1523 457 tradidisse
1549 434 1619 456 non
1644 422 1799 457 videtur.

169 542 276 580 983
303 544 380 579 sive
409 553 528 579 oen.
548 543 671 589 (ll).
746 543 779 579 3.
797 541 993 578 Februarii
1018 542 1115 578 1568.

287 603 342 637 Ex
368 602 576 648 archetypo,
611 602 704 647 quod
735 605 856 637 exstat
882 602 1016 636 Romae
1051 602 1085 636 in
1122 601 1269 636 archivo
1303 602 1480 643 vaticano,
1519 602 1632 645 „Lett.
1659 603 1694 637 di
1719 602 1836 638 Prine.
1863 603 1930 638 26²

168 668 202 692 n.
230 656 285 692 70.
337 656 428 690 Pars
463 656 603 701 capitis,
641 656 732 700 quod
767 655 826 690 hic
860 667 964 700 pono,
1000 666 1046 689 ex
1072 655 1267 700 archetypo
1293 655 1445 698 vulgata
1470 658 1527 690 est
1559 656 1595 690 in
1622 655 1708 701 Epp.
1734 657 1856 690 Nadal
1880 656 1932 691 III

169 709 248 744 807.
298 709 516 743 Litterarum
548 709 692 743 brevem
728 720 905 743 summam
940 708 1060 754 posuit
1085 709 1210 752 Krass,
1239 708 1324 743 can.
1353 708 1557 750 181—182;
1593 709 1720 743 iisdem
1754 721 1842 744 usus
1878 710 1934 744 est

170 763 287 807 Dnhr,
313 763 386 797 Jes.
414 774 459 796 an
484 762 675 796 Fiirstenh.
704 762 757 797 78.

288 822 480 855 Archiduat
506 822 726 855 cardinalem
755 821 1051 855 Contmendonum
1076 825 1190 865 φοραί,
1216 825 1255 854 nt
1280 822 1378 864 apud
1405 821 1589 855 Societatz's
1608 822 1856 865 praepositum
1879 832 1933 864 ye-

170 876 326 909 neralem
351 876 475 919 aliqua
500 876 542 908 de
568 877 703 918 neyono
728 875 867 908 halensi
892 874 1035 916 efficiat.

288 936 595 978 Ferdinandus
628 935 686 977 II.
721 936 925 977 Austriae
963 935 1177 976 archidux
1209 939 1244 976 et
1282 935 1437 976 Tirolis
1476 936 1673 989 princeps
1708 934 1936 989 Oenipontc

170 1004 210 1044 3.
246 1002 476 1043 Februarii
514 1002 630 1042 1568
661 1001 839 1042 Romam
873 1001 932 1041 ad
973 1001 1235 1042 cardinalem
1268 1001 1471 1042 Ioannem
1507 1000 1781 1042 Franciscnm
1816 1001 1934 1042 Com-

171 1067 424 1108 mendonam
469 1067 633 1107 litteras
675 1066 811 1117 misit,
857 1065 1007 1121 quibas
1052 1067 1089 1107 ei
1132 1066 1234 1107 haec
1280 1065 1529 1121 deponebat:
1573 1065 1856 1119 llIaydalenae
1900 1070 1936 1106 et

172 1131 358 1173 Helenae
397 1131 614 1173 sororibus
655 1133 745 1172 suis
787 1131 1062 1172 deliberatum
1105 1145 1154 1171 ac
1194 1132 1458 1172 constitutum
1501 1145 1584 1172 esse
1623 1131 1767 1172 Halae
1806 1131 1933 1172 vitam

172 1210 295 1252 aqere
327 1211 353 1237 a
385 1197 509 1237 rebus
549 1196 728 1251 puhlicis
767 1200 967 1237 remotam
1003 1196 1257 1252 eandemque
1289 1197 1542 1251 reliqiosam.
1606 1196 1761 1237 Iisdem
1797 1201 1934 1237 autem

174 1263 402 1316 Oeniponte
444 1262 684 1316 deyentibus
728 1262 770 1302 in
812 1261 935 1302 rebus
979 1261 1136 1302 divinis
1177 1263 1254 1303 rite
1288 1262 1594 1316 perpetrandis
1634 1266 1670 1302 et
1710 1261 1757 1302 in
1791 1275 1935 1302 sacra-

173 1328 321 1368 mentis
354 1327 716 1368 administrandis
746 1326 958 1368 hactenus
983 1361 990 1369 .
1012 1360 1020 1368 .
1041 1360 1050 1369 .
1073 1340 1152 1380 per
1183 1326 1432 1368 sacerdotes
1465 1339 1520 1367 ex
1551 1325 1741 1378 Collegio
1776 1324 1937 1366 ordinis

174 1392 226 1434 de
259 1391 480 1434 Societate
511 1391 629 1441 Jesu,
672 1391 741 1432 hic
783 1390 1000 1434 existente
1040 1391 1104 1434 ita
1141 1391 1349 1433 seruitum
1383 1393 1427 1433 et
1468 1390 1743 1433 satisfactum
1775 1392 1856 1440 est,
1888 1393 1938 1432 vt

172 1458 364 1512 ipsorum
386 1456 506 1500 vitae
536 1456 806 1510 integritate,
841 1459 885 1499 et
916 1456 959 1497 in
989 1456 1126 1498 sacris
1157 1456 1296 1499 literis
1329 1456 1526 1498 doctrina
1548 1455 1769 1509 singulari,
1803 1455 1937 1509 probe

173 1523 260 1564 iam
291 1524 521 1576 perspecta
543 1521 824 1563 vehementer
846 1521 1093 1564 desiderent
1115 1555 1124 1564 .
1149 1521 1281 1564 etiam
1304 1521 1446 1563 Halae
1477 1534 1610 1575 prope
1642 1520 1782 1562 locum
1814 1519 1937 1562 habi-

173 1587 352 1630 tationis
394 1601 512 1638 suae,
556 1586 722 1640 aliquot
762 1586 932 1628 illorum
974 1586 1037 1629 uti
1069 1586 1319 1629 Sacellanos
1358 1588 1402 1628 et
1444 1585 1804 1628 confessionarios
1836 1598 1937 1626 suos

174 1655 427 1707 praesentes
459 1652 634 1696 habere.
681 1652 826 1694 Petere
858 1666 900 1694 se
933 1654 1064 1707 iyitnr
1087 1667 1110 1693 a
1135 1653 1361 1705 cardinali,
1395 1657 1441 1694 ut
1463 1666 1554 1694 cnm
1577 1652 1794 1694 Societatis
1810 1665 1937 1705 prae-

170 1719 305 1774 posito
334 1718 525 1772 yenerali
556 1716 625 1770 [S.
662 1717 892 1759 Francisco
924 1717 1111 1773 Boryia]
1145 1718 1366 1773 diliyenter
1398 1722 1508 1773 assat,
1542 1721 1587 1759 ul
1621 1718 1656 1757 is
1689 1717 1845 1771 aliquot
1877 1729 1939 1757 so-

178 1783 347 1825 dalibus
367 1784 658 1837 oenipontanis
677 1797 768 1824 eam
786 1783 996 1824 licentiam
1017 1788 1051 1824 et
1068 1780 1477 1838 „dispensationenz“
1498 1782 1680 1833 tribua&
1697 1785 1939 1836 separatam

176 1849 476 1889 habitationem
508 1853 544 1889 et
575 1849 741 1902 reliqua
772 1849 914 1889 omnia
937 1848 1077 1890 Halae
1111 1849 1163 1890 iis
1190 1849 1407 1902 provisum
1439 1848 1509 1889 iri.
1564 1846 1683 1896 Quod
1716 1845 1938 1899 negotium

176 1914 317 1955 totum
361 1926 456 1954 cum
498 1912 779 1954 Reuerendus
819 1912 974 1962 Pater,
1020 1914 1185 1955 Doctor
1227 1913 1383 1954 Petrus
1423 1911 1618 1953 Canisius
1659 1910 1939 1964 praepositus

179 1977 408 2019 Societatis
439 1977 551 2028 Iesu,
594 1977 638 2018 in
670 1977 882 2031 superiori
915 1976 1158 2027 Germania,
1200 1991 1277 2031 pro
1316 1991 1394 2018 sua
1427 1977 1592 2031 pietate
1625 1979 1669 2018 et
1709 1974 1941 2030 prudentia

177 2055 396 2096 praesens,
431 2041 592 2096 optime
625 2041 853 2096 disponere
885 2044 930 2084 et
962 2042 1175 2092 ordinare,
1208 2056 1288 2083 nec
1318 2056 1405 2083 non
1436 2041 1595 2083 ibidem
1628 2040 1663 2082 si
1696 2040 1938 2082 consultum

177 2106 310 2149 fuerit
340 2121 499 2149 nouum
522 2106 758 2160 Collegium
791 2106 1052 2149 nouitiorum
1085 2121 1140 2149 ex
1171 2106 1238 2148 his
1271 2107 1343 2160 qui
1376 2106 1428 2148 de
1452 2106 1669 2149 Societate
1690 2105 1796 2148 Jesu
1824 2107 1939 2154 sunt,

179 2172 445 2214 constituere
486 2174 531 2213 et
572 2171 739 2225 erigere
780 2172 942 2226 possit,
986 2172 1156 2214 efficere
1198 2172 1366 2214 curabit
1409 2171 1594 2213 Dilectio
1636 2172 1787 2213 vestra
1827 2169 1941 2223 apud

180 2237 435 2279 Generalem
477 2237 607 2279 istum
641 2272 649 2281 .
678 2239 727 2279 vt
758 2236 937 2280 Doctori
968 2236 1031 2279 illi
1063 2236 1232 2279 Canisio
1264 2237 1447 2279 liberam
1479 2239 1523 2279 et
1554 2235 1794 2290 plenariam
1827 2234 1942 2276 circa

178 2302 259 2344 hoc
291 2301 511 2355 negotium
545 2301 797 2355 disponendi
829 2301 1085 2344 facultatem
1109 2302 1330 2345 concedat.
1379 2303 1547 2356 Roqare
1567 2316 1623 2354 se,
1658 2305 1702 2342 ut
1729 2315 1777 2342 ea
1799 2300 1941 2341 onmia

180 2368 465 2409 concedantur
496 2369 641 2409 saltem
674 2367 734 2408 ad
765 2372 929 2409 tantum
961 2369 1171 2422 temporis,
1205 2369 1345 2423 quoad
1376 2382 1519 2409 rerum
1553 2366 1847 2421 experimentis
1866 2378 1944 2420 per

180 2447 312 2474 unam
357 2433 509 2474 duosve
550 2446 685 2474 annos
727 2433 860 2486 captis
902 2433 1186 2487 Maydalenae
1230 2434 1397 2489 eiusque
1437 2431 1654 2474 sodalibus
1696 2431 1945 2472 auctoritate

177 2497 393 2552 pontificia
425 2502 538 2539 certa
569 2497 735 2539 vivendi
766 2499 877 2539 ratio
910 2499 1134 2539 constituta
1165 2499 1231 2541 sit.

182 2636 291 2673 984
316 2638 394 2673 sive
422 2647 540 2674 oen.
561 2637 689 2683 (12).
779 2639 1006 2674 Venerabilis
1038 2637 1468 2674 MAGDALENA
1504 2638 1749 2673 archiducissa
1775 2637 1946 2672 Austriae

372 2694 407 2726 et
431 2690 712 2727 HELENA
747 2703 847 2727 soror
882 2692 959 2727 eius
994 2691 1179 2727 SANCTO
1206 2691 1471 2727 FRANOISGO
1498 2691 1708 2726 BORGIAE
1740 2691 1947 2737 praeposito

371 2745 531 2788 generali
559 2745 752 2780 Societatis
778 2746 870 2781 Iesu.
1302 2745 1503 2790 Oeniponte
1529 2745 1561 2780 9.
1581 2745 1765 2779 Februarii
1794 2744 1896 2779 1568.

301 2802 357 2837 Ex
382 2803 618 2848 Magdalenae
644 2805 868 2850 autographo
897 2804 972 2849 (2⁰;
1000 2804 1066 2848 1¹f2
1093 2817 1168 2850 pp.;
1195 2805 1232 2838 in
1257 2815 1291 2849 p.
1317 2804 1340 2838 4
1365 2804 1471 2838 inser.
1499 2806 1536 2838 et
1560 2815 1643 2849 pars
1669 2803 1808 2847 sigilli).
1859 2802 1944 2838 Cod.

187 2854 389 2899 „Epistolae
415 2857 621 2902 Principum
649 2858 902 2892 1565—1575“
931 2869 965 2892 n.
992 2858 1048 2892 63.
1100 2857 1264 2902 Epistula
1289 2868 1376 2892 usus
1403 2859 1459 2891 est
1483 2859 1608 2899 Kro'ss,
1635 2857 1720 2892 Can.
1749 2856 1826 2891 182.

306 2915 494 2956 Considunt
520 2917 702 2960 Borytam,
736 2918 827 2951 sicut
859 2928 925 2951 sna
961 2922 990 2951 et
1019 2919 1125 2950 totins
1150 2917 1336 2951 Societatis
1360 2917 1481 2959 officia
1514 2917 1602 2960 ipsis
1634 2916 1767 2959 obtulit,
1801 2917 1852 2948 ita
1877 2915 1946 2948 sibi

184 2977 252 2999 esse
280 2968 578 3008 qratificatnram.
632 2970 719 3002 Cam
748 2970 892 3003 Canisio
918 2971 982 3003 din
1007 2974 1160 3013 eyerant.
1210 2971 1380 3013 Borqiam
1407 2973 1533 3012 autem,
1565 2969 1771 3002 animarum
1795 2978 1946 3001 suarum

182 3023 336 3062 patrem,
371 3026 514 3062 royant,
544 3024 738 3065 permittat,
772 3027 811 3056 ut
845 3023 963 3056 Halae
997 3024 1182 3056 Socz'ctate's
1216 3024 1423 3056 tirocinium
1459 3023 1680 3065 instituatur,
1715 3021 1816 3054 cuins
1850 3021 1946 3054 Socii

184 3071 253 3104 sibi
277 3072 455 3104 azcaetlium
480 3074 718 3117 solacimnqae
739 3076 946 3118 praebeant,
972 3076 1080 3109 libere
1104 3081 1221 3109 tamen
1248 3080 1278 3108 et
1304 3077 1447 3109 omnino
1473 3086 1513 3108 ea
1539 3076 1688 3117 ratione,
1715 3084 1821 3117 quam
1849 3074 1947 3107 Socii
