2044 3335
692 117 838 160 Dilinga
864 118 920 152 29.
945 118 1165 163 Septembris
1194 118 1296 153 1567.
1821 124 1872 164 71

105 237 150 277 et
181 234 223 276 di
255 235 388 276 molto
412 234 518 276 utile
541 235 627 276 alla
650 235 803 278 Chiesa
825 237 868 277 in
892 237 1035 289 questi
1059 237 1205 291 tempi,
1239 251 1317 291 per
1340 237 1562 279 difendere
1585 239 1627 279 13
1650 239 1876 292 Religione

104 299 318 342 catholica
363 302 516 341 contra
559 299 590 341 li
634 301 773 343 nostri
816 300 1070 356 Adversarij
1088 302 1113 344 1.
1178 302 1251 343 Ma
1292 302 1322 343 il
1364 305 1634 356 stampatore
1678 304 1875 346 vedendo

104 365 133 406 l'
152 378 286 419 opera
308 367 434 407 tanto
457 364 624 417 grande
657 370 701 408 et
733 368 957 417 suntuosa,
993 369 1038 409 et
1071 368 1148 409 che
1181 368 1305 409 molti
1337 367 1438 409 anni
1471 368 1784 421 bisognarebbe
1806 383 1877 411 as-

103 432 278 484 pettare
311 429 459 472 avanti
494 429 571 470 che
603 429 682 472 tali
717 431 971 485 essemplari
1005 432 1040 473 si
1074 432 1358 482 smaltissero,
1401 447 1484 474 non
1521 435 1687 475 mostra
1718 435 1877 488 troppa

104 494 329 537 affettione
371 496 396 536 a
438 495 606 536 volerla
650 497 886 549 stampare,
933 497 1104 538 almeno
1146 497 1218 538 nel
1262 497 1495 551 principio;
1542 498 1583 539 di
1627 498 1754 540 modo
1799 499 1876 540 che

103 560 237 601 molto
270 560 310 600 io
343 573 397 601 ne
431 559 579 602 dubito
612 559 690 601 che
723 563 876 613 queste
900 561 1083 615 epistole
1109 561 1146 603 si
1167 562 1342 615 possino
1375 562 1456 604 far'
1480 565 1689 617 stampar'
1713 567 1875 617 presto,

102 624 139 666 si
181 638 301 666 come
341 624 381 666 io
420 624 617 667 desidero
658 625 839 667 insieme
872 640 950 667 0011
986 627 1026 669 S.
1063 626 1103 669 S.
1138 626 1439 669 Illustrissima
1479 628 1652 681 laquale
1684 629 1876 671 retinera

103 704 288 744 appreso
331 689 374 731 di
414 704 461 731 se
503 689 622 732 dette
665 690 849 744 epistole
889 692 959 732 fin’
993 694 1119 733 tanto
1158 691 1235 734 che
1270 692 1321 735 V.
1357 693 1584 735 Paternita
1626 693 1663 735 01
1697 693 1875 735 dichiari

101 754 260 808 meglio
303 755 404 809 ogni
446 768 561 805 cosa,
605 758 648 798 et
682 756 862 808 quelche
896 755 1230 798 desiderarebbe
1262 757 1335 799 dal
1366 760 1651 812 stampatooe,
1695 773 1773 812 per
1805 761 1874 800 un’

101 820 235 861 semel
277 834 354 874 pro
396 833 578 874 semper,
622 821 779 873 perche
823 821 863 864 S.
898 821 940 864 S.
974 821 1277 864 Illustrissima
1317 822 1415 864 fara
1457 823 1528 876 poi
1569 823 1797 865 rescriver'
1834 825 1875 866 al

102 885 223 927 detto
256 887 526 939 stampatore
559 887 676 927 tutto
711 886 854 939 quello
889 887 967 928 che
1001 887 1056 928 lei
1088 888 1354 941 respondera
1387 902 1516 942 sopra
1549 888 1591 930 di
1624 892 1791 941 questo.

221 950 392 1000 Quanto
426 964 451 992 a
473 950 675 992 Materno
699 951 846 993 Colino
880 952 957 993 che
991 953 1013 993 e
1046 966 1207 994 ancora
1239 953 1380 995 buono
1412 956 1457 995 et
1479 953 1692 996 catholico
1716 954 1876 995 librare

102 1015 144 1057 di
177 1015 354 1058 Colonia
387 1018 431 1058 et
463 1015 603 1058 3111100
637 1016 678 1057 di
711 1016 763 1060 V.
799 1017 1057 1059 Paternita2
1089 1017 1250 1072 stampi
1290 1018 1334 1059 in
1366 1032 1492 1060 nome
1526 1019 1567 1060 di
1600 1019 1681 1060 Dio
1714 1018 1742 1060 il
1777 1019 1875 1061 Pla-

100 1081 193 1123 tina
224 1081 440 1134 ricognito
454 1082 483 1130 3,
518 1084 562 1124 et
594 1081 623 1122 il
661 1081 870 1124 Chronico
906 1082 1202 1125 ecclesiastico
1217 1084 1245 1133 4,
1280 1089 1381 1137 pera
1413 1084 1492 1126 0116
1525 1083 1581 1126 161
1615 1084 1703 1126 0051
1735 1084 1877 1126 scrive

220 1156 247 1187 a)
268 1155 317 1189 pej
337 1157 418 1181 arch.

225 1253 234 1272 ¹
263 1251 463 1286 Cardinalis
488 1250 683 1285 Marcellus
711 1250 897 1292 Cervinus,
937 1252 996 1296 qui
1027 1255 1153 1297 postea
1180 1252 1377 1287 Marcellus
1403 1253 1445 1287 Π.
1474 1265 1567 1298 papa
1594 1254 1663 1288 fuit
1691 1254 1728 1297 (η’-
1756 1254 1877 1298 1555),

101 1304 138 1339 111
170 1305 389 1339 monasterio
423 1305 457 1339 S.
478 1304 603 1339 Crucis
629 1304 753 1338 Fontis
780 1305 979 1339 Avellanae
1015 1306 1174 1340 codicem
1209 1306 1408 1347 invenerat,
1445 1318 1514 1350 quo
1548 1307 1684 1342 multae
1714 1309 1877 1342 veterum

101 1358 323 1404 pontificum,
358 1359 626 1404 imperatorum,
662 1357 815 1392 aliorum
852 1358 1029 1403 epistulae
1065 1362 1132 1394 etc.
1169 1359 1326 1394 saeculis
1362 1359 1435 1401 IV„
1472 1361 1527 1402 V.‚
1563 1361 1623 1395 VI.
1655 1361 1873 1404 (368—553)

101 1413 206 1446 datae
233 1412 376 1457 aliaque
402 1412 561 1446 eiusdem
589 1411 763 1456 temporis
789 1415 1019 1446 monumenta
1045 1413 1081 1446 in
1108 1424 1217 1447 unum
1245 1425 1375 1458 corpus
1401 1413 1554 1448 collecta
1589 1415 1874 1449 continebantur.

101 1465 301 1500 Panvinius
327 1469 460 1508 autem,
486 1465 593 1500 huius
620 1465 753 1499 codicis
780 1465 989 1511 apographo
1016 1477 1036 1500 a
1061 1465 1214 1500 Cervino
1242 1467 1406 1508 donatus,
1434 1467 1593 1502 adhibito
1620 1468 1728 1502 etiam
1756 1468 1877 1503 codice

100 1519 221 1563 aliquo
240 1519 408 1554 vaticano
428 1531 540 1564 eoque
559 1519 678 1553 minus
695 1519 855 1563 antiquo,
875 1520 1077 1565 composuit
1095 1531 1204 1565 opus:
1235 1520 1369 1563 „XXV.
1388 1520 1603 1555 Pontificum
1623 1522 1876 1560 Romanorum,

100 1572 161 1606 VI.
198 1573 474 1617 Imperatorum,
513 1572 651 1617 aliquot
688 1572 865 1617 praeclari
903 1573 1056 1607 nominis
1092 1573 1336 1615 Sacer-dotum,
1372 1573 1539 1608 Virorum
1579 1576 1616 1608 et
1648 1575 1876 1609 Feminarum

100 1625 246 1660 Clariss.
275 1626 459 1671 Epistolae
495 1626 616 1661 CCXL
656 1626 837 1660 sinodales
876 1626 1101 1669 dogmaticae
1141 1627 1342 1661 decretales
1381 1629 1416 1661 et
1454 1627 1654 1662 familiares
1692 1628 1876 1663 recondita

99 1679 261 1714 doctrina
287 1680 454 1719 refertae,
482 1680 517 1714 in
545 1679 785 1714 Conciliorum
812 1679 955 1714 'romeis
982 1681 1136 1714 omissae
1163 1680 1339 1725 Onuphrii
1366 1680 1533 1715 Panvinii
1562 1708 1569 1715 .
1591 1709 1597 1715 .
1619 1709 1625 1715 .
1653 1682 1876 1725 argumentis

98 1733 321 1767 illustratae“
356 1734 498 1776 (Perini
532 1733 555 1769 1.
583 1745 612 1767 0.
642 1733 859 1776 139—141).
910 1733 1040 1768 Merito
1072 1736 1109 1768 et
1134 1733 1352 1768 Panvinium
1380 1737 1416 1768 et
1443 1734 1625 1769 Canisium
1652 1735 1745 1769 hanc
1776 1735 1876 1778 „Col-

98 1786 287 1821 lectionem
311 1787 548 1821 Avellanan1“
580 1787 647 1830 (ita
675 1788 767 1820 enim
794 1788 921 1831 postea
948 1799 993 1821 ex
1019 1787 1097 1832 ipso
1123 1787 1185 1821 illo
1213 1788 1335 1822 codice
1361 1788 1556 1822 cardinalis
1583 1788 1729 1822 Cervini
1756 1789 1875 1834 appel-

96 1839 173 1873 lata
199 1840 269 1883 est)
299 1840 444 1885 plurimi
469 1840 601 1874 fecisse
628 1843 730 1885 patet
756 1852 802 1874 ex
829 1852 880 1881 eo,
908 1841 1000 1884 quod
1028 1852 1122 1875 nunc
1150 1852 1291 1885 quoque
1318 1841 1398 1886 plus
1425 1842 1494 1876 200
1514 1841 1702 1887 epistulae,
1729 1843 1875 1886 quaein

98 1904 141 1927 ea
167 1896 326 1935 exstant,
352 1894 389 1928 in
415 1893 515 1928 nullo
541 1894 611 1928 alio
637 1894 737 1928 fonte
763 1897 983 1939 comparent,
1011 1897 1119 1939 atque
1146 1895 1197 1928 ita
1225 1907 1286 1940 per
1313 1896 1427 1940 ipsam
1455 1895 1568 1930 solam
1593 1898 1761 1930 servatae
1779 1899 1875 1930 sunt.

98 1946 224 1990 Neque
258 1959 345 1982 vero
380 1947 448 1981 hoc
474 1947 739 1981 Panvinianum
766 1959 857 1992 opus
883 1959 1041 1992 unquam
1069 1959 1242 1982 excusum
1270 1951 1344 1988 est:
1382 1949 1489 1983 immo
1523 1949 1631 1983 etiam
1659 1950 1736 1994 ipse
1762 1949 1874 1984 codex

98 2011 206 2034 manu
241 2001 398 2045 scriptus
436 2000 692 2045 Dilingamque
726 2001 860 2035 missus
896 2004 959 2035 aut
994 2002 1111 2046 periit,
1151 2004 1214 2036 aut
1248 2002 1284 2035 in
1320 2002 1480 2036 tenebris
1516 2002 1697 2037 delitescit
1733 2002 1877 2046 (Perini

98 2053 120 2087 l.
136 2065 165 2088 c.
188 2054 254 2088 139
280 2054 348 2088 143
373 2054 472 2098 202).
507 2054 696 2088 Caeterum
717 2054 947 2089 Collectionis
966 2055 1167 2089 Avellanae
1187 2055 1311 2099 (quam
1330 2056 1446 2090 medio
1465 2056 1541 2090 fere
1559 2055 1704 2090 saeculo
1722 2056 1782 2090 VI.
1803 2056 1875 2091 fac-

97 2110 172 2141 tam
191 2119 271 2142 esse
288 2108 453 2150 censent)
475 2110 511 2141 et
532 2108 609 2152 ipse
635 2108 696 2142 ille
723 2109 836 2142 codex
865 2108 1105 2149 cervinianus,
1133 2111 1169 2143 et
1196 2109 1306 2143 codex
1335 2109 1460 2143 eodem
1486 2109 1592 2154 paulo
1620 2110 1808 2154 antiquior,
1835 2114 1875 2144 ut

97 2172 193 2195 nunc
219 2163 368 2195 censent
396 2161 604 2205 (utrumque
628 2161 774 2196 saeculo
793 2162 854 2196 XI.
873 2162 1019 2196 ineunte
1037 2162 1213 2207 scriptum
1238 2174 1317 2197 esse
1345 2163 1586 2207 existimant),
1615 2165 1649 2197 et
1675 2163 1874 2208 complures

97 2214 238 2248 codices
264 2215 483 2249 recentiores
509 2226 623 2259 usque
649 2215 766 2249 adhuc
793 2216 998 2250 conservati
1024 2218 1121 2258 sunt,
1149 2218 1185 2250 et
1210 2228 1291 2251 cum
1312 2216 1542 2251 Collectionis
1561 2217 1736 2261 epistulae
1763 2229 1875 2262 paene

97 2267 272 2311 singulae,
291 2268 336 2302 ab
355 2268 434 2302 aliis
453 2268 545 2302 aliae
564 2268 645 2303 aliis
664 2269 897 2314 temporibus,
916 2269 1118 2314 incipiendo
1138 2270 1181 2303 ab
1202 2270 1301 2304 exitu
1320 2269 1456 2304 saeculi
1474 2269 1581 2310 XVI„
1606 2270 1723 2304 editae
1742 2274 1874 2307 essent.

96 2321 176 2366 ipsa
211 2322 352 2355 demum
380 2321 553 2356 Collectio
580 2322 759 2356 Avellana
786 2334 815 2356 a.
840 2322 929 2357 1895
957 2325 993 2357 et
1021 2323 1113 2357 1898
1149 2323 1288 2357 duobus
1322 2324 1430 2357 tomis
1465 2323 1509 2357 ab
1541 2325 1662 2357 Ottone
1691 2325 1875 2358 Guentlzer

97 2374 330 2409 Vindobonae
349 2375 445 2409 edita
464 2378 519 2410 est
537 2376 573 2409 in
591 2375 768 2420 „Corpore
783 2376 1005 2421 Scriptorum
1022 2376 1360 2411 Ecclesiasticorum
1380 2376 1622 2418 Latinorum“,
1647 2377 1718 2411 vol.
1738 2377 1874 2411 XXXV

100 2427 261 2472 (Friedr.
281 2430 461 2472 Maassen,
490 2428 710 2464 Geschichte
737 2430 799 2463 der
817 2429 967 2471 Quellen
994 2430 1065 2464 und
1094 2430 1156 2464 der
1182 2430 1366 2464 Literatur
1392 2430 1454 2464 des
1481 2430 1720 2464 canonischen
1739 2431 1875 2466 Rechts

98 2482 144 2515 im
171 2482 406 2516 Abendlande
432 2483 458 2523 Ι,
486 2482 598 2517 Gratz
626 2483 729 2523 1870,
757 2483 957 2518 787—792.
998 2485 1179 2517 Gneuther
1204 2484 1227 2518 l.
1252 2495 1281 2518 0.
1310 2484 1335 2525 Ι,
1362 2483 1516 2528 II—Lv).

216 2535 230 2556 2
257 2534 397 2570 Cholini
420 2536 496 2580 (qui
514 2536 550 2570 in
568 2536 636 2570 1100
655 2548 761 2581 opere
779 2537 992 2582 saepissime
1011 2538 1082 2571 iam
1103 2539 1404 2571 commemoratus
1432 2538 1503 2579 est)
1531 2549 1588 2571 res
1615 2539 1739 2581 gestas
1761 2550 1876 2583 nuper

98 2588 240 2633 copiose
267 2592 508 2634 accurateque
535 2591 698 2624 narravit
715 2591 763 2624 H.
783 2592 946 2634 Selii-ors,
966 2591 1039 2624 Der
1058 2591 1193 2625 Kolner
1211 2590 1469 2625 Buchdrucker
1486 2591 1673 2625 Maternus
1692 2590 1874 2632 Cholinus‚

97 2642 132 2676 in
163 2642 347 2684 „Annalen
375 2643 438 2677 des
464 2643 707 2678 historischen
724 2643 878 2678 Vereins
904 2644 963 2678 fiir
990 2645 1057 2678 den
1076 2643 1330 2678 Niederrhein“
1354 2644 1376 2678 l.
1397 2656 1425 2678 0.
1449 2645 1647 2679 147—161.
1687 2644 1875 2679 Maternus

98 2707 144 2729 ex
161 2695 299 2730 familia
317 2696 523 2737 coloniensi,
551 2709 620 2730 non
642 2697 692 2739 (id
712 2697 805 2741 quod
827 2698 915 2731 Can.
935 2697 968 2731 Π
990 2698 1073 2731 1344
1091 2697 1236 2742 scripsi)
1258 2709 1303 2731 ex
1321 2697 1481 2741 tigurina
1502 2701 1602 2732 ortus
1621 2709 1700 2732 esse
1719 2698 1873 2732 videtur,

218 2749 231 2769 ³
258 2749 526 2784 Bartholomaei
561 2750 728 2784 Platinae
757 2750 922 2793 (Sacchi3
954 2750 1204 2794 1421—1481)
1243 2752 1486 2785 cremonensis
1519 2751 1650 2786 librum
1690 2751 1762 2794 ⁷,De
1788 2752 1876 2786 vitis

99 2801 325 2836 Summorum
351 2803 567 2838 Pontificum
602 2803 780 2838 omnium“
810 2804 967 2849 primum
992 2804 1157 2838 Venetiis
1187 2805 1288 2845 1479,
1326 2805 1453 2839 deinde
1489 2805 1700 2850 saepissime
1726 2806 1873 2848 editum,

98 2854 297 2890 panvinius
336 2858 502 2898 correxit,
543 2857 836 2891 adnotationibus
874 2857 1084 2899 illustravit,
1126 2860 1162 2892 et
1199 2859 1439 2902 posteriorum
1478 2858 1688 2903 pontificum
1722 2859 1809 2893 vitis
1838 2859 1875 2901 (a

98 2908 200 2943 Sixto
226 2909 287 2944 IV.
315 2909 359 2943 ad
386 2910 489 2944 Pium
518 2910 578 2954 V.)
608 2912 730 2950 auxit;
767 2911 828 2955 qui
854 2911 946 2945 liber
973 2911 1140 2945 Coloniae
1176 2923 1208 2946 a.
1239 2912 1330 2946 1568
1369 2914 1404 2946 et
1430 2914 1557 2956 postea
1582 2923 1691 2957 saepe
1717 2924 1875 2946 excusus

98 2964 154 2996 est
182 2962 326 3005 (Perini
350 2963 372 2998 1.
392 2975 421 2998 0.
444 2964 655 3005 119-121;
685 2965 920 3008 198—199);
948 2964 1054 3009 plura
1081 2965 1124 2998 de
1152 2976 1192 2998 eo
1219 2965 1285 2999 sub
1313 2966 1411 3010 ipsas
1437 2965 1504 3000 has
1529 2965 1673 3000 litteras
1699 2965 1873 3000 dicentur.

219 3017 230 3036 ⁴
255 3015 309 3050 De
335 3016 402 3051 hoe
429 3016 604 3051 Chronico
632 3029 652 3051 a
680 3017 767 3052 Iulio
787 3018 942 3052 Caesare
969 3019 1014 3051 ad
1041 3018 1332 3052 Maximilianum
1350 3019 1394 3052 Π.
1422 3019 1675 3064 imperatorem
1702 3019 1873 3063 perducto

97 3080 132 3103 v.
151 3070 277 3103 Perim'
301 3069 324 3104 1.
344 3082 372 3104 0.
395 3071 581 3105 122-123
602 3072 688 3111 199;
718 3072 760 3105 de
780 3071 934 3105 edit-ione
955 3071 1126 3106 Coloniae
1154 3083 1185 3105 a.
1203 3072 1294 3106 1568
1314 3072 1412 3106 facta
1438 3073 1504 3106 sub
1530 3072 1628 3117 ipsas
1647 3072 1712 3106 has
1730 3072 1873 3106 litteras

97 3122 247 3157 dicetur.
