2044 3335
169 83 251 124 164
392 81 493 115 1557.
521 80 553 114 S.
574 80 785 114 Franciscus
811 79 962 123 Borgias
990 78 1142 114 Canisio.
1193 79 1305 113 Roma
1332 79 1387 114 28.
1410 80 1526 123 (2452)
1548 80 1621 114 Ian.
1643 80 1743 115 1568.

286 199 320 231 S.
350 198 567 231 Francz‘scus
592 197 746 238 Boi-qius
782 195 904 229 eodem
943 195 1002 229 illo
1029 195 1062 229 d.
1090 194 1146 228 24.
1173 195 1330 230 Ianuarii
1360 195 1460 237 1568,
1497 206 1566 238 quo
1593 194 1735 229 Canisio
1769 195 1926 240 scripsit,

164 250 333 284 5“litteras
372 250 469 284 dedit
507 249 550 283 ad
591 250 629 283 P.
666 248 819 282 Paulum
855 248 1043 282 Hoffaeum
1080 247 1294 283 Germaniae
1332 248 1527 293 superioris
1566 247 1925 293 viceprovincialem:

165 304 294 347 quibus
321 315 410 343 eum,
438 307 580 347 praeter
605 302 686 343 alia,
713 301 858 335 iubebat
885 312 1112 344 cognoscere,
1137 312 1222 334 num
1250 301 1458 335 conveniret
1484 301 1523 335 P.
1551 300 1801 335 Balthasarem
1828 300 1926 335 Sam-

164 368 308 401 marayr
326 357 377 399 (v,
397 366 505 400 supra
531 367 564 399 p.
587 354 668 398 147)
698 365 743 388 ex
762 354 940 389 Societate
958 354 1110 393 dimitti;
1138 353 1172 388 id
1200 354 1294 388 enim
1311 365 1374 399 per
1392 354 1533 388 litteras
1551 354 1717 397 Augusta
1736 352 1810 396 (ubi
1829 353 1926 387 Sam-

163 421 307 453 marayr
333 409 502 452 degebat)
532 408 575 442 ad
603 419 640 442 se
669 408 772 442 datas
799 407 1060 448 commendari;
1097 407 1270 441 scriberet
1306 407 1414 441 etiam
1441 407 1522 447 sibi,
1557 418 1640 453 num
1676 406 1775 440 illius
1806 407 1926 449 „redu-

163 463 285 496 cendi“
326 462 404 496 sive
439 460 651 495 emendandi
686 472 770 505 spes
795 462 902 495 esset.
953 459 1090 494 Deinde
1124 459 1168 494 de
1200 459 1240 494 P.
1269 459 1442 503 Gregorio
1470 459 1626 493 Roseffio
1665 459 1790 493 domus
1816 470 1926 502 augu-

161 517 286 549 stanae
312 515 495 560 superiore
524 513 712 547 Hoffaeum
739 515 879 548 monet:
915 513 972 555 „Jl
999 513 1038 547 P.
1059 511 1231 556 Gregorio
1258 513 1375 547 scriue
1402 513 1432 546 si
1458 512 1635 546 mandano
1662 523 1811 556 persone
1838 523 1925 556 poco

162 571 236 602 atte
264 570 283 601 a
310 568 431 612 quella
457 578 522 602 sua
548 578 644 608 casa,
676 578 739 611 per
766 578 864 600 esser
891 566 1034 600 infermi
1060 566 1095 599 di
1122 577 1228 611 corpo
1256 568 1291 600 et
1316 566 1452 611 spirito,
1467 565 1510 599 V.
1530 565 1571 599 R.
1599 565 1690 599 ueda
1716 576 1754 599 se
1781 565 1815 599 la
1842 576 1925 599 cosa

163 623 219 656 sta
246 621 329 661 cosi,
365 623 402 655 et
428 620 585 665 proueda
612 622 646 654 et
672 631 728 654 me
755 619 857 661 auisi,
893 630 993 653 come
1019 619 1150 663 meglio
1186 619 1221 653 in
1248 619 1399 654 Domino
1425 619 1449 653 li
1476 620 1614 663 pai-era,
1649 630 1709 652 ma
1736 619 1862 662 questo
1890 620 1924 652 et

162 677 294 718 quanto
331 675 362 708 si
401 674 624 719 appertiene.
663 673 697 707 al
736 672 979 707 stabilimento
1018 672 1053 706 di
1091 671 1211 716 quella
1249 683 1349 713 casa,
1394 672 1576 706 s'hauera
1615 673 1635 705 a
1672 673 1824 705 trattare
1870 670 1925 705 col

162 727 201 761 P.
229 727 466 768 Prouinciale,
502 727 593 761 oltra
628 726 650 760 Γ
670 726 799 760 istesso
836 726 874 760 P.
911 725 1104 769 Gregorio“
1148 725 1208 768 (ex
1243 737 1367 770 apogr.
1404 725 1515 759 eiusd.
1552 727 1680 770 temp.;
1722 725 1840 759 Germ.
1879 724 1921 758 67

161 781 184 814 f.
214 780 462 822 10212—1032).

281 834 474 867 Praeterea
500 834 559 867 vel
586 845 666 867 cum
693 832 749 866 his
785 832 844 866 vel
870 844 950 866 cum
977 831 1083 876 paulo
1110 831 1354 877 superioribus
1380 831 1512 865 litteris
1548 831 1583 864 in
1612 829 1841 865 Germaniam
1867 841 1924 864 su-

159 887 334 932 periorem
369 887 480 921 missa
506 898 586 921 esse
613 886 755 920 videtur
781 889 798 904 ÷÷
815 885 1035 928 „Formula“‚
1073 885 1115 919 de
1143 896 1213 928 qua
1239 886 1393 929 Boryias
1418 884 1530 918 Roma
1566 884 1622 918 23.
1650 883 1805 918 Ianuarii
1834 883 1923 917 1568

160 940 199 974 P.
226 940 380 974 Antonio
407 939 526 974 Vinck
553 939 760 984 provinciae
786 939 966 973 rhenanae
993 939 1196 983 praeposito
1223 937 1416 983 *scripsit:
1457 936 1545 979 „Qui
1571 937 1601 971 si
1627 937 1757 971 manda
1791 936 1826 970 la
1852 936 1924 970 for-

158 993 255 1027 mula
281 993 346 1028 che
381 993 410 1027 si
437 993 483 1026 ha
510 993 544 1026 di
569 996 671 1026 tener
696 992 777 1026 nela
804 991 1082 1035 congregatione
1108 991 1328 1036 prouinciale
1353 1019 1359 1025 .
1384 993 1486 1036 potra
1514 1002 1633 1025 essere
1660 990 1684 1024 il
1710 990 1924 1023 Procurator

159 1048 195 1081 in
222 1047 333 1081 Roma
368 1058 432 1091 per
466 1048 561 1080 tutto
596 1045 811 1080 settembre¹⁴
854 1045 916 1087 (ex
942 1056 1064 1090 apogr.
1092 1044 1204 1079 eiusd.
1231 1047 1359 1089 temp.;
1397 1044 1516 1078 Germ.
1544 1044 1587 1078 67
1615 1043 1640 1077 f.
1670 1042 1922 1085 10112—1022).

160 1101 196 1134 S.
223 1102 387 1144 Iynatius
421 1101 674 1144 praeceperat:
716 1098 869 1141 „Saltem
905 1109 998 1132 unus
1033 1109 1079 1132 ex
1114 1097 1286 1141 singulis“
1328 1097 1530 1131 Provinciis
1569 1096 1760 1131 Societatis
1798 1095 1921 1129 venire

158 1153 263 1187 debet
292 1153 418 1195 „tertio
445 1164 587 1197 quoque
614 1163 717 1194 anno,
754 1154 789 1186 et
815 1164 860 1185 ex
886 1151 1008 1192 Indiis,
1045 1153 1183 1195 quarto,
1220 1150 1357 1185 electus
1383 1151 1632 1184 Professorum
1668 1153 1704 1183 et
1730 1149 1919 1183 Rectorum

157 1206 253 1240 illius
280 1206 491 1240 Provinciae
527 1205 720 1249 suffragiis,
757 1205 801 1239 ad
838 1204 1027 1239 certiorem
1062 1204 1186 1238 multis
1222 1204 1264 1238 de
1299 1204 1406 1238 rebus
1442 1203 1645 1237 faciendum
1672 1202 1918 1247 Praepositum

159 1259 391 1294 Generalem“
424 1259 724 1303 (Constitutiones
751 1258 785 1292 S.
812 1259 844 1292 J.
880 1257 920 1291 P.
948 1258 978 1299 8,
1006 1270 1034 1292 c⁴
1062 1258 1094 1299 2,
1122 1258 1179 1301 B).
1231 1257 1276 1291 Et
1309 1269 1401 1291 anno
1431 1257 1520 1291 1565
1548 1256 1705 1290 secunda
1732 1255 1921 1289 Societatis

162 1314 392 1357 Conyreyatio
427 1312 606 1356 generalis
641 1312 852 1346 decreverat
881 1311 990 1353 (decr.
1020 1312 1062 1345 19
1097 1312 1189 1355 post.
1218 1310 1261 1344 el.
1295 1312 1331 1344 et
1356 1310 1439 1353 67):
1480 1310 1621 1352 „Tertio
1654 1320 1795 1353 quoque
1829 1320 1921 1342 anno

157 1367 305 1400 veniant
339 1366 445 1400 simul
482 1378 527 1400 ex
562 1365 726 1399 omnibus
755 1364 957 1398 Provinciis
983 1364 1250 1405 Procuratores,
1287 1363 1347 1408 qui
1373 1363 1534 1397 Professi
1570 1364 1722 1407 quatuor
1756 1364 1920 1395 votorum

159 1422 194 1453 et
219 1419 288 1453 viri
313 1420 469 1453 maxime
495 1419 611 1453 idonei
638 1419 720 1459 sint,
757 1430 777 1452 a
805 1417 1091 1461 Congregatione
1126 1417 1339 1462 provinciali
1366 1417 1482 1458 electi,
1519 1419 1555 1450 et
1580 1416 1737 1450 habeant
1763 1416 1818 1449 ius
1845 1414 1919 1448 suf-

157 1473 265 1516 fragii
291 1472 397 1507 simul
425 1484 504 1506 cum
531 1472 798 1506 Assistentibus
825 1474 861 1505 et
886 1471 963 1516 ipso
991 1470 1029 1505 P.
1059 1470 1237 1511 Generali,
1264 1471 1325 1514 qui
1353 1470 1420 1504 duo
1447 1469 1620 1512 suffragia
1647 1471 1682 1503 et
1708 1468 1918 1512 qualitatem

157 1526 393 1571 praecedendi
428 1525 582 1566 habebit,
619 1525 661 1559 ad
690 1524 970 1558 decernendum:
1007 1535 1051 1558 an
1088 1523 1168 1566 cogi
1203 1523 1332 1557 debeat
1359 1523 1597 1566 Congregatio
1631 1521 1819 1566 generalis,
1855 1532 1920 1555 nec

156 1580 231 1614 ne.“
254 1607 261 1613 .
282 1607 289 1613 .
310 1607 316 1612 .
349 1578 676 1622 „Congregationes
701 1577 943 1623 provinciales
970 1577 1059 1611 fiant
1086 1603 1093 1610 .
1114 1605 1120 1610 .
1143 1604 1149 1611 .
1176 1577 1284 1610 tertio
1310 1587 1450 1620 quoque
1477 1588 1569 1610 anno
1596 1575 1639 1609 ad
1666 1575 1920 1609 Procuratores

156 1632 352 1676 eligendos,
380 1631 440 1676 qui
467 1631 670 1666 destinandi
696 1635 781 1665 sunt
807 1631 851 1664 ad
878 1630 917 1664 P.
946 1629 1169 1668 Generalem,
1198 1630 1285 1663 etc.“
1320 1631 1541 1672 (Insticutum
1569 1628 1602 1662 S.
1622 1629 1654 1662 J.
1674 1628 1705 1662 II
1727 1628 1793 1663 199
1820 1627 1919 1671 208).

157 1686 370 1720 Huiusmodi
408 1685 519 1729 igitur
555 1685 855 1728 congregationes
891 1695 922 1718 a.
951 1684 1042 1718 1568
1083 1684 1117 1716 in
1153 1682 1306 1726 singulis
1342 1682 1532 1717 Soeietatis
1567 1681 1762 1726 provinciis
1796 1680 1920 1714 haberi

158 1739 355 1784 oportebat.

278 1803 443 1838 Canisius
470 1803 623 1845 Borgiae
649 1802 835 1847 respondit
869 1804 931 1836 aut
958 1801 1114 1846 epistula
1144 1801 1196 1835 11.
1223 1800 1345 1834 Martii
1372 1800 1466 1841 data,
1505 1802 1567 1834 aut
1593 1799 1648 1834 20.
1675 1799 1797 1832 Martii
1824 1798 1918 1839 data,

158 1859 220 1892 aut
245 1859 397 1900 utraque
424 1856 590 1901 epistula.

161 1970 308 2008 1557.
378 1969 682 2007 SANCTUS
710 1968 1136 2006 FRANCISCUS
1162 1966 1473 2004 BORGIAS
1498 1968 1722 2013 praepositus
1740 1968 1919 2011 generalis

349 2024 540 2059 Societatis
567 2024 647 2058 Iesu
675 2023 876 2058 CANISIO.
1228 2022 1341 2056 Roma
1367 2021 1423 2056 28.
1445 2022 1563 2064 (242³)
1588 2022 1743 2055 Ianuarii
1768 2022 1868 2056 1568.

279 2095 334 2129 Ex
361 2094 567 2139 apographo
594 2094 705 2129 eiusd.
733 2097 860 2138 temp:
888 2094 921 2127 in
942 2093 1112 2137 margine,
1140 2093 1264 2126 eadem
1283 2104 1409 2126 manu:
1441 2093 1499 2134 ,R
1522 2092 1699 2126 Canisio“.
1734 2092 1853 2127 Germ.
1873 2093 1916 2127 67

160 2150 183 2183 f.
213 2149 305 2184 103³.

283 2220 409 2262 Officia
436 2219 635 2261 dilinqmm.
673 2219 716 2251 In
743 2220 973 2251 universitate
999 2219 1195 2251 lovaniensi
1213 2219 1393 2260 professio
1419 2218 1502 2259 fidei
1528 2218 1719 2258 emittitur;
1743 2218 1785 2250 de
1802 2217 1917 2249 eadem

156 2274 320 2317 pomifer
346 2274 505 2316 episcopo
532 2273 724 2315 eystettensi
748 2273 900 2315 scripsit.
956 2271 1099 2304 canisio
1131 2271 1384 2304 Centuriarum
1412 2271 1659 2313 refutationem
1691 2271 1920 2312 auspicatur-0

159 2328 348 2360 beneda-tio
382 2326 567 2369 pontificia
604 2325 875 2368 impetrabitur;
910 2325 1055 2358 eimdem
1085 2325 1315 2368 praepositus
1337 2325 1515 2367 yeneralis
1539 2325 1653 2356 sacris
1678 2324 1864 2364 sacrificiis
1891 2327 1920 2355 et

156 2381 320 2423 precibus
355 2379 562 2420 adiuvabit;
596 2378 682 2411 libre?
716 2379 804 2421 stipe
836 2379 954 2420 potius
986 2378 1036 2410 vel
1069 2378 1143 2410 alia
1171 2379 1320 2421 ratione,
1348 2388 1451 2420 qumi}
1477 2378 1663 2420 yravando
1684 2378 1920 2419 provinciam.

159 2434 394 2476 comparandi
419 2437 512 2466 sunt.
563 2432 601 2465 P.
631 2432 758 2465 Klesel.
810 2432 910 2464 Nova
937 2431 1042 2464 editio
1071 2431 1312 2473 Confessionis
1339 2431 1634 2474 Auynstinianae.

159 2534 215 2537 β
248 2516 328 2537 —a
361 2509 631 2551 Giudicando·
650 2509 701 2551 V.
726 2509 777 2552 R.
803 2508 879 2550 che
911 2521 994 2550 non
1028 2508 1064 2549 si
1098 2508 1264 2550 deuano
1297 2508 1510 2549 rimouere
1543 2507 1644 2549 delli
1672 2506 1765 2548 suoi
1788 2506 1916 2560 officij

160 2575 187 2615 il
222 2574 268 2616 P.
304 2574 495 2616 Gerardo
534 2574 732 2615 ministro
774 2587 827 2615 ne
868 2573 896 2614 il
930 2573 976 2614 P.
1011 2572 1292 2623 Rabastein‘¹‚
1335 2587 1419 2614 non
1454 2572 1655 2614 ordinare
1687 2571 1727 2613 io
1761 2571 1802 2612 di
1835 2573 1919 2624 qua

162 2653 261 2681 cosa
292 2639 335 2680 in
369 2639 598 2681 contrario.

280 2704 341 2744 La
373 2703 553 2756 profess.
589 2704 630 2745 di
662 2703 773 2754 fede,
808 2703 884 2744 che
908 2703 958 2745 V.
984 2703 1033 2744 R.
1068 2705 1196 2744 troua
1229 2702 1401 2744 difficile
1435 2701 1476 2743 di
1507 2701 1614 2751 fare,
1648 2705 1692 2743 et
1721 2701 1813 2743 dice
1835 2715 1918 2742 non

161 2768 196 2809 si
229 2768 273 2809 fa
306 2768 349 2808 in
381 2768 613 2817 Louanio2‚
649 2771 730 2810 etc.
793 2767 868 2809 Lei
910 2767 1062 2821 sappia
1104 2767 1182 2808 che
1223 2767 1359 2808 siamo
1400 2766 1635 2816 informati,
1679 2767 1755 2808 che
1797 2766 1831 2807 si
1872 2765 1917 2807 fa

281 2855 308 2883 a')
330 2855 398 2878 Vide
418 2862 490 2885 quae
510 2855 561 2878 sub
584 2855 663 2885 ipsas
682 2855 736 2879 has
755 2855 872 2879 litteras
891 2854 1034 2879 (licentur.

286 2962 294 2980 ¹
321 2959 485 3002 Dilingae
513 2959 551 2993 P.
572 2960 753 2994 Gerardus
772 2960 951 2994 Pastelius
978 2959 1121 3003 collegii
1147 2959 1311 2993 minister
1336 2960 1371 2992 et
1394 2958 1590 2992 studiorum
1609 2958 1813 3003 praefectus
1832 2959 1919 2998 erat,

163 3014 201 3047 P.
229 3014 380 3047 Ioannes
405 3012 623 3046 Rabenstein
651 3013 921 3047 contubernium
949 3013 983 3047 S.
1010 3012 1221 3057 Hieronymi
1247 3011 1405 3055 regebat.

281 3066 294 3086 ‘2
319 3066 418 3099 Fidei
444 3065 700 3110 professionem
727 3066 958 3100 tridentinam
986 3065 1187 3109 significat3
1216 3077 1249 3099 v.
1277 3076 1385 3109 supra
1411 3076 1444 3109 p.
1464 3064 1520 3099 89.
