2044 3335
690 126 878 161 Monachio
905 128 937 162 4.
955 127 1171 162 Novembris
1200 128 1300 162 1567.
1798 133 1879 173 105

107 247 148 279 ut
172 243 445 279 Maximilianus
469 243 514 278 ΙΙ.
542 255 607 278 rex
633 256 749 288 neque
776 244 881 289 plene
908 244 1108 279 catholicus
1135 256 1251 289 neque
1278 244 1421 279 omnino
1448 245 1661 280 lutheranus
1689 248 1804 287 esset3
1832 248 1883 282 ita

109 297 292 333 Gerardus
310 297 453 332 Veltius
471 297 592 342 specie
610 298 754 341 quidem
774 298 944 332 sacerdos
963 298 1173 339 catholicus,
1200 310 1238 332 re
1265 300 1386 332 autem
1414 298 1639 333 contionator
1665 302 1883 344 protestans,

107 351 263 385 animum
292 350 476 386 Guilielmi
502 351 605 384 ducis
632 350 771 385 Cliviae
798 351 842 385 ab
869 351 1024 386 ecclesia
1051 351 1229 386 catholica
1256 354 1421 386 avertere
1448 352 1648 386 studuerat.
1685 351 1737 386 De
1764 353 1883 388 huius-

107 404 202 438 modi
220 403 424 438 hominibus
446 404 615 438 Canisius
633 404 756 438 multis
774 406 856 448 post
874 405 997 439 annis:
1028 404 1232 448 „Nullum“,
1259 404 1387 449 inquit,
1410 416 1681 449 „peruersorum
1701 405 1882 440 hominum

108 468 234 501 genus,
271 459 307 491 et
332 457 407 491 Deo
432 457 551 500 magis
579 469 738 499 exosum,
768 460 804 491 et
830 457 1015 492 Ecclesiae
1042 458 1274 503 pestilentius
1300 469 1380 492 esse
1413 458 1623 499 arbitrabor,
1660 470 1766 503 quam
1802 459 1884 494 hae-

106 510 300 545 reticorum
343 510 546 552 doctorum,
589 522 677 554 quos
719 511 850 545 Petrus
892 510 1161 555 magistros
1204 511 1462 546 mendaces
1505 513 1541 546 et
1581 515 1746 546 sectas
1788 524 1883 557 per-

107 563 314 598 ditionis
352 564 752 598 introducentes¹
792 564 969 609 appellat,
1009 567 1044 598 et
1080 564 1123 598 de
1158 564 1289 608 quibus
1326 565 1459 599 diserte
1491 565 1628 600 Paulus
1662 567 1882 610 pronuntiat,

109 617 418 651 Haereticum
453 617 685 651 hominem
723 620 824 662 post
858 629 985 651 vnani
1017 620 1060 651 et
1085 618 1322 652 secundam
1351 619 1677 663 correptionem
1705 619 1882 661 deuita,

108 671 270 705 sciens
297 671 408 715 quia
434 671 704 705 subuersus
731 673 803 704 est
828 670 1125 710 huiusmodi,
1163 673 1208 705 et
1243 671 1513 715 delinquit,
1550 684 1649 706 cum
1685 673 1750 707 sit
1787 685 1881 717 pro-

107 724 210 769 prio
236 724 419 758 iudicio
450 724 816 758 condemnatus“
833 724 846 744 2
874 723 1005 766 (Notae
1031 724 1067 758 in
1086 724 1329 767 Evangelicas
1348 724 1547 767 Lectiones,
1575 737 1667 769 quae
1687 753 1694 759 .
1715 753 1721 759 .
1743 753 1749 759 .
1777 726 1882 760 festis

109 777 320 812 Sanctorum
356 778 482 812 diebus
510 804 545 812 ..
565 804 572 812 .
599 778 810 818 recitantur,
846 777 1014 821 Friburgi
1046 777 1298 812 Helvetiorum
1328 778 1429 819 1593,
1458 778 1532 822 59).
1585 778 1884 813 Obversabantur

109 831 228 873 etiam,
264 833 360 876 puto,
388 830 531 866 Canisio
558 831 652 865 hanc
681 831 947 865 institutionem
973 830 1146 865 scribenti
1181 833 1266 865 ante
1293 831 1414 866 oculos
1441 832 1599 877 episcopi
1626 832 1771 876 quidam
1799 833 1884 868 Ger—

106 884 258 926 maniae,
287 885 347 929 qui
373 884 543 919 catholici
569 885 713 928 quidem
740 884 896 926 fuerant,
923 885 987 919 sed
1013 896 1076 929 pro
1103 896 1170 918 sua
1197 885 1361 919 socordia
1388 887 1424 919 et
1449 885 1597 928 ignavia
1621 885 1728 920 etiam
1748 886 1783 919 in
1810 886 1883 920 illis

107 937 323 972 dioecesium
350 937 523 983 partibus,
560 949 652 982 quae
679 938 778 972 civili
805 949 946 982 quoque
973 938 1132 982 ipsorum
1159 937 1309 983 imperio
1335 938 1520 973 subiectae
1547 940 1660 980 erant,
1693 939 1882 973 haeresum

105 991 301 1035 magistros
331 991 476 1037 impune
503 992 664 1034 grassari
690 992 789 1036 passi
817 993 939 1033 erant;
976 993 1017 1025 ut
1052 991 1089 1024 in
1125 992 1334 1037 episcopatu
1369 992 1642 1026 vratislaviensi
1677 993 1828 1027 Iacobus
1863 1004 1883 1027 a

106 1044 211 1079 Salza
237 1047 274 1079 et
298 1044 493 1079 Baithasar
518 1045 561 1079 de
588 1045 783 1079 Promnitz.
836 1044 1027 1079 Caeterum
1055 1044 1222 1079 Canisius
1255 1045 1380 1089 exigit,
1417 1048 1457 1079 ut
1483 1046 1658 1080 Ernestus
1694 1046 1884 1091 episcopus

108 1098 326 1143 „concipiat“
356 1098 619 1133 haereticorum
651 1098 792 1141 „odium
819 1099 1040 1142 quoddam¹⁴3
1078 1099 1188 1132 verbo
1224 1101 1345 1133 autem
1385 1099 1605 1144 „quoddam“
1640 1100 1758 1134 odium
1793 1099 1882 1134 illud

104 1152 282 1186 moderari
308 1152 454 1187 videtur
479 1153 541 1193 ita,
568 1154 610 1186 ut
634 1164 705 1186 non
730 1155 805 1186 tam
832 1152 867 1185 in
894 1152 1057 1186 homines
1083 1152 1297 1193 haereticos,
1330 1164 1438 1197 quam
1465 1153 1501 1187 in
1526 1153 1686 1198 ipsorum
1712 1153 1882 1188 haereses

106 1205 225 1240 odium
252 1208 412 1249 geratur.
448 1205 628 1250 Quidquid
655 1208 775 1240 autern
796 1205 961 1240 Canisius
987 1205 1194 1249 significare
1213 1206 1380 1247 voluerit,
1407 1218 1558 1251 parvum
1585 1207 1620 1241 id
1648 1209 1703 1241 est
1729 1209 1765 1241 et
1790 1206 1882 1248 leve,

105 1259 137 1293 si
163 1270 244 1293 cum
274 1258 605 1302 „Reformato1·um“
636 1260 671 1293 in
699 1259 897 1294 catholicos
923 1259 1003 1293 odio
1030 1259 1255 1300 conferatur;
1292 1259 1343 1294 ita
1368 1260 1549 1294 Martinus
1575 1260 1754 1295 Lutherus
1779 1259 1882 1295 libris

104 1312 141 1346 in
167 1312 301 1357 vulgus
318 1313 471 1355 emissis,
497 1325 568 1348 non
585 1313 738 1359 privatis
757 1315 898 1347 tantum
918 1312 1094 1358 epistulis,
1121 1313 1338 1348 christianos
1362 1325 1496 1356 omnes,
1523 1326 1593 1348 non
1610 1326 1719 1348 unum
1739 1316 1879 1348 tantum

104 1366 314 1412 principem,
341 1367 535 1409 excitabat,
570 1370 611 1401 ut
642 1378 788 1410 „manus
814 1366 981 1401 lavarent
1008 1367 1042 1400 in
1069 1366 1266 1410 sanguine“
1296 1368 1479 1412 pontificis
1505 1370 1542 1402 et
1567 1368 1814 1409 cardinalium,
1841 1370 1882 1402 ut

105 1419 292 1465 episcopos
319 1432 364 1454 ex
391 1420 586 1455 Germania
612 1420 847 1465 expellerent,
883 1419 1078 1454 monachos
1105 1422 1142 1454 et
1167 1420 1318 1454 clericos
1345 1420 1524 1463 tollerent,
1560 1421 1723 1466 papistas
1757 1432 1881 1455 omnes

105 1476 381 1508 exsecrarentur
407 1476 443 1508 et
467 1474 609 1519 probris
634 1474 910 1518 maledictisque
937 1475 1115 1507 vexarent
1143 1473 1315 1517 (Janssen
1341 1474 1362 1508 l.
1383 1486 1413 1509 c.
1440 1475 1474 1509 Π
1503 1476 1568 1509 117
1596 1476 1665 1510 220
1693 1475 1880 1509 242-246

106 1527 185 1562 610.
236 1529 344 1569 Idem,
381 1528 447 1562 Ein
483 1527 631 1562 zweites
657 1528 764 1562 VVort
800 1539 845 1561 an
880 1528 997 1561 meine
1024 1527 1197 1569 Kritiker,
1233 1527 1410 1572 Freiburg
1444 1528 1466 1563 i.
1494 1528 1553 1562 ΒΓ.
1583 1528 1684 1567 1883,
1713 1528 1882 1572 72-77).

105 1581 285 1616 Martinus
312 1581 472 1616 Bucerus
498 1582 534 1616 in
567 1581 770 1624 „Dialogis“
800 1583 989 1624 Augustae
1015 1580 1285 1615 vindelicorum
1313 1593 1343 1615 a.
1364 1582 1456 1616 1535
1485 1582 1590 1616 editis
1616 1582 1802 1623 suadebat,
1832 1584 1882 1624 ut,

106 1634 137 1669 si
173 1646 265 1679 quae
300 1635 431 1670 civitas
466 1647 487 1670 a
521 1647 609 1670 vera
643 1635 714 1669 fide
749 1635 953 1675 defecisset,
990 1634 1157 1679 princeps
1189 1634 1297 1669 etiam
1324 1635 1494 1670 mulieres
1520 1647 1722 1680 puerosque
1750 1647 1883 1678 omnes,

108 1688 168 1733 qui
194 1689 231 1722 in
257 1700 300 1723 ea
325 1689 509 1733 degerent,
543 1692 652 1734 atque
684 1689 783 1734 ipsas
819 1688 928 1723 etiam
956 1689 1113 1733 pecudes
1139 1689 1339 1723 trucidaret
1366 1689 1460 1733 (Nic.
1480 1690 1630 1732 Paulus,
1656 1689 1723 1723 Die
1750 1689 1885 1724 Strass-

107 1742 240 1786 burger
265 1741 542 1778 Reformatoren
567 1743 639 1777 und
666 1743 723 1777 die
749 1741 1115 1782 Gewissensfreiheit,
1141 1742 1317 1785 Freiburg
1343 1743 1366 1777 i.
1385 1743 1444 1778 ΒΓ.
1467 1743 1569 1785 1895,
1598 1742 1765 1786 12—13).

226 1795 280 1830 Ea
306 1808 447 1841 quoque
473 1799 674 1831 memoratu
700 1796 810 1840 digna
836 1798 930 1837 sunt,
959 1807 1051 1840 quae
1079 1796 1246 1830 Canisius
1273 1796 1398 1831 scribit
1426 1797 1468 1830 de
1495 1797 1648 1831 Ernesto
1675 1808 1745 1830 non
1770 1796 1885 1830 solum

107 1849 150 1884 ad
186 1850 298 1884 latine
331 1850 550 1895 loquendum
584 1850 887 1894 scribendumque
924 1849 1155 1890 instituendo,
1194 1850 1258 1883 sed
1299 1850 1407 1884 etiam
1445 1851 1481 1884 in
1520 1850 1727 1893 germanica
1762 1849 1886 1893 lingua

108 1903 348 1939 exercitando.
399 1904 500 1939 Haec
532 1906 629 1938 certe
665 1916 745 1938 cum
782 1903 931 1938 docendi
967 1903 1105 1937 ratione
1133 1903 1306 1938 Societati
1340 1904 1484 1938 saeculo
1510 1903 1606 1938 XVI.
1634 1903 1770 1938 usitata
1804 1915 1886 1938 con-

106 1957 304 2000 gruebant;
341 1969 448 2002 quam
475 1969 496 1992 a
522 1958 630 2003 patrii
655 1957 832 1992 sermonis
857 1968 926 1991 usu
952 1956 1125 2000 cultuque
1151 1968 1379 2001 nequaquam
1407 1957 1561 1991 alienam
1587 1957 1701 1991 fuisse
1727 1957 1886 1992 ostendit

108 2011 232 2046 Herm.
252 2012 445 2056 Stoeclcz'us,
471 2011 537 2045 Die
565 2011 688 2055 Pflege
715 2011 777 2045 der
795 2010 1087 2056 Muttersprache
1113 2011 1150 2044 in
1177 2010 1239 2044 der
1259 2010 1504 2045 Gesellschaft
1523 2011 1621 2052 Jesu,
1648 2011 1683 2044 in
1706 2011 1882 2053 „Monate-

106 2063 238 2099 schrift
263 2065 322 2099 fur
339 2064 472 2099 hohere
491 2065 682 2106 Schulen‘⁴‚
708 2064 1007 2108 herausgegeben
1026 2076 1097 2098 von
1116 2065 1160 2099 R.
1176 2065 1301 2108 Kopke
1319 2064 1390 2098 und
1410 2066 1454 2099 A.
1470 2065 1653 2109 Matthias,
1675 2065 1728 2099 10.
1744 2064 1881 2108 Jahrg„

107 2118 230 2152 Berlin
258 2118 360 2159 1911,
388 2119 564 2154 88—103.

227 2171 268 2206 In
287 2172 441 2206 Fabricii
460 2173 619 2206 animum
637 2172 727 2207 haec
743 2172 877 2207 Canisii
897 2175 1092 2217 praecepta
1111 2173 1207 2205 certe
1234 2173 1529 2216 penetraverunt.
1569 2171 1649 2213 „Dr.
1664 2171 1884 2213 Fabricius“,

106 2225 225 2269 inquit
250 2227 384 2260 Lossen
411 2226 450 2269 (l.
470 2237 499 2261 c.
521 2227 618 2269 116),
650 2226 771 2268 „hatte
797 2226 854 2260 bei
881 2226 944 2259 der
970 2225 1176 2268 Erziehung
1203 2225 1266 2259 des
1290 2225 1442 2259 Prinzen
1469 2224 1662 2258 sicherlich
1690 2225 1745 2258 ein
1772 2224 1884 2260 hohes

106 2278 205 2313 ideal
239 2291 305 2313 vor
331 2281 477 2323 Augen;
515 2279 618 2313 einen
644 2279 947 2314 Kirchenfursten
983 2278 1104 2313 wollte
1140 2290 1179 2312 er
1215 2290 1279 2312 aus
1315 2278 1389 2312 ihm
1424 2278 1586 2319 macheu,
1624 2278 1768 2312 ahnlich
1805 2279 1884 2313 dem

108 2332 310 2366 Mailander
335 2332 551 2367 Erzbischof
573 2333 662 2367 Karl
688 2333 901 2367 Borromeo:
939 2334 1040 2367 ernst
1074 2332 1122 2366 im
1149 2332 1295 2372 wesen,
1331 2335 1458 2375 streng
1485 2332 1520 2365 in
1548 2331 1615 2365 den
1642 2331 1769 2373 Sitten,
1805 2332 1884 2366 dem

109 2385 225 2420 Gebet
259 2386 331 2420 und
367 2386 431 2420 der
456 2386 596 2420 Askese
632 2387 799 2430 ergeben,
836 2386 950 2421 selbst
985 2385 1240 2429 rechtglaubig
1276 2385 1348 2419 und
1384 2385 1475 2419 auch
1512 2396 1629 2428 gegen
1664 2385 1796 2419 andere
1829 2385 1885 2420 ein

107 2439 248 2473 Eiferer
273 2439 332 2473 fiir
358 2440 413 2474 die
432 2439 639 2483 Erhaltung
664 2440 734 2474 und
755 2440 1004 2483 Ausbreitung
1023 2439 1086 2473 der
1103 2438 1531 2473 romisch-katholischen
1550 2438 1714 2472 Kirche.“
1760 2439 1886 2483 Neque

107 2505 194 2527 vero
212 2492 367 2527 Fabricii
386 2495 537 2527 conatus
563 2494 755 2527 admodum
782 2505 951 2538 prospere
969 2495 1233 2527 successerunt.
1268 2492 1360 2527 Nam
1381 2492 1523 2526 Ernesti
1542 2491 1736 2534 ingenium,
1764 2503 1885 2536 quam-

108 2558 216 2590 quam
241 2546 367 2581 multis
393 2547 593 2581 rationibus
619 2547 762 2590 insigne
789 2549 876 2588 erat,
913 2546 1019 2581 valde
1046 2548 1168 2580 tamen
1195 2549 1273 2580 erat
1299 2546 1343 2580 ad
1369 2557 1486 2589 nugas
1514 2547 1550 2579 et
1575 2545 1782 2591 voluptates
1808 2558 1885 2591 pro-

107 2611 276 2645 pensu1n;
313 2601 534 2635 accedebant
568 2612 682 2645 prava
713 2600 898 2645 exempla;
934 2600 985 2634 ita
1011 2599 1189 2634 Ernestus
1215 2602 1340 2644 postea
1366 2599 1473 2633 fidem
1501 2599 1643 2642 quidem
1671 2599 1885 2634 catholicam

107 2653 255 2688 tenebat
281 2654 578 2698 defendebatque,
606 2654 766 2689 moribus
785 2657 906 2688 autem
926 2656 1004 2688 erat
1021 2653 1127 2697 longe
1149 2653 1230 2687 aliis
1249 2664 1355 2697 quam
1376 2656 1436 2697 qui
1456 2653 1632 2686 catholico
1651 2653 1887 2687 convenirent

109 2707 275 2752 episcopo
313 2707 371 2751 (F.
392 2709 514 2752 Ste'eve,
548 2708 614 2742 Die
648 2707 784 2742 Politik
810 2708 963 2742 Baierns
992 2707 1226 2742 1591—1607
1266 2707 1292 2747 Ι,
1328 2706 1509 2742 Miinchen
1539 2706 1640 2747 1878,
1667 2706 1886 2750 324—345).

230 2760 421 2795 Caeterum
438 2761 528 2796 haec
546 2772 618 2795 una
636 2760 770 2795 Canisii
790 2760 946 2806 epistula
965 2760 1134 2795 sufficere
1152 2760 1239 2794 mihi
1259 2760 1405 2794 videtur
1422 2760 1466 2794 ad
1493 2759 1691 2794 refellenda
1718 2772 1769 2802 ea,
1797 2772 1890 2805 quae

110 2815 344 2849 Hermannus
371 2815 487 2849 Schell
521 2815 564 2849 de
591 2814 735 2849 Canisio
761 2814 919 2859 scripsit,
957 2826 1140 2859 opponens
1177 2826 1257 2848 eum
1285 2814 1413 2848 Iacobo
1440 2813 1565 2847 Lainio
1596 2815 1802 2858 praeposito
1829 2826 1887 2857 ge-

108 2867 230 2913 nerali*
249 2869 286 2901 et
310 2868 436 2902 maiori
466 2868 521 2911 (ut
546 2868 624 2913 ipse
650 2870 790 2911 censet)
819 2868 914 2913 parti
941 2868 1128 2909 sodalium,
1166 2868 1227 2912 qui
1254 2879 1275 2902 a
1301 2867 1417 2902 Lainii
1451 2870 1613 2912 tempore
1646 2867 1681 2900 in
1708 2866 1887 2902 Societate

109 2920 299 2956 vixerunt:
331 2921 464 2964 ⁷‚Dabei
491 2922 580 2956 wird
609 2949 615 2956 .
637 2949 642 2956 .
665 2950 671 2956 .
699 2921 911 2964 iibersehen,
940 2920 1011 2956 dass
1040 2949 1046 2955 .
1068 2948 1075 2955 .
1098 2948 1105 2955 .
1132 2921 1189 2955 die
1217 2921 1578 2966 Gegenreformation
1606 2920 1790 2955 vielleicht
1815 2921 1889 2955 viel

108 2974 323 3008 wirksamer
360 2975 431 3009 und
466 2975 690 3010 ruhmvoller
728 2975 821 3009 nach
860 2975 923 3009 der
958 2975 1128 3009 Methode
1164 2975 1263 3010 eines
1290 2976 1398 3009 Peter
1425 2974 1591 3009 Canisius
1627 2974 1889 3018 durchgefijhrt

109 3028 253 3062 worden
279 3033 385 3071 ware,
413 3028 467 3063 als
492 3029 585 3063 nach
613 3029 831 3074 derjenigen,
858 3028 996 3063 welche
1022 3029 1079 3063 die
1098 3027 1291 3063 Oberhand
1319 3029 1354 3063 in
1379 3028 1442 3062 der
1461 3027 1707 3063 Gesellschaft
1725 3039 1888 3072 gewann,

233 3135 242 3155 ¹
268 3135 289 3169 2
317 3135 403 3169 Petr
429 3135 460 3177 2,
491 3137 520 3170 1.
667 3136 680 3156 2
706 3135 766 3170 Tit
793 3136 823 3178 3,
854 3135 896 3170 10
925 3136 978 3170 11.
