2044 3335
133 94 218 135 322
350 91 451 126 1664.
478 90 665 125 Maternus
692 89 862 124 Cholinus
890 87 976 123 Can.
1028 87 1130 122 1665.
1159 85 1244 121 Can.
1272 86 1306 121 S.
1326 86 1516 121 Francisco
1541 86 1705 131 Borgiae.

129 224 235 266 pars
263 211 479 265 pecuniae,
516 209 565 249 (lc
598 222 681 262 qua
714 207 822 248 idem
853 209 1081 261 scripserat
1112 220 1201 247 una
1234 220 1326 247 cum
1349 206 1545 247 Materno
1570 205 1794 247 Cholino¹s
1826 207 1900 247 sed

131 276 339 330 reliquum
383 288 463 315 non
505 274 630 314 soluit
661 273 941 326 Auyustcmus
983 271 1245 325 bibliopola&
1291 271 1341 311 de
1379 284 1457 325 quo
1491 270 1714 312 Maternus
1746 271 1804 311 ad
1837 284 1900 312 me

133 341 315 394 scripsit,
354 343 485 392 utpote
518 339 589 392 qui
624 337 733 378 diem
767 338 919 378 clausit
953 334 1222 377 extremmn.“

254 418 436 453 Canisium
455 417 597 451 nomine
621 417 687 460 „M.
708 417 878 451 Gerardi“
909 416 1013 460 lapsu
1032 415 1185 459 quodam
1204 415 1396 449 memoriae
1422 414 1499 449 sive
1518 415 1647 449 calami
1674 415 1900 458 significasse

132 473 180 508 M.
209 472 414 506 Gerwinum
443 470 627 504 Calenium
653 470 744 504 satis
771 472 868 504 certo
895 469 1124 511 cognoscitur
1150 480 1195 502 ex
1222 468 1275 509 iis,
1312 479 1404 512 quae
1431 468 1596 502 Canisius
1633 468 1668 502 in
1695 468 1828 502 litteris
1854 467 1898 502 ad

133 525 337 560 Kesselium
364 524 468 564 datis,
496 535 586 568 quas
614 524 698 565 dixi,
726 524 768 557 de
794 522 984 568 privilegio
1010 521 1193 567 pontificio
1220 521 1442 566 impetrando
1469 522 1536 555 etc.
1564 521 1708 561 scribit;
1735 533 1770 556 V.
1795 521 1900 562 infra,

134 590 187 623 ep.
214 590 248 612 n.
269 577 372 612 1672.

135 688 287 725 1664.
386 687 760 724 MATERNFS
789 685 1131 723 GHOLINUS
1167 689 1312 721 senator
1347 689 1383 720 et
1408 685 1659 731 typographus
1686 685 1902 720 coloniensis

325 741 527 777 CANISIO.
830 741 976 775 Colonia
1002 740 1096 774 inter
1121 740 1263 774 initium
1289 739 1376 773 Maii
1404 741 1440 773 et
1465 738 1606 773 initium
1633 739 1725 773 Iunii
1750 739 1850 774 1569.

254 809 339 841 Vide
365 808 534 851 epistulas
561 819 620 840 nn.
643 809 734 840 1663
762 809 863 840 1676.

135 922 288 960 1665.
389 923 605 958 CANISIUS
633 920 899 958 SANGTO
927 919 1316 957 FRANGISCO
1344 919 1662 956 BORGIAE
1699 921 1903 965 praeposito

326 977 485 1022 generali
513 977 704 1011 Societatis
730 976 823 1010 Iesu.
1388 974 1534 1018 Dilinga
1563 974 1616 1008 15.
1636 974 1721 1008 Maii
1751 974 1852 1008 1569.

254 1042 309 1076 Ex
344 1042 477 1076 litteris
512 1041 747 1086 autographis
777 1040 854 1083 (2⁰2
895 1040 960 1083 1¹l4
988 1051 1067 1084 pp.;
1104 1039 1139 1073 in
1174 1051 1207 1084 p.
1234 1040 1257 1072 4
1283 1039 1388 1074 inscr.
1416 1042 1452 1073 et
1477 1038 1649 1082 reliquiae
1675 1037 1773 1081 sig.),
1809 1049 1902 1082 quae

137 1097 283 1129 exstant
317 1096 352 1129 in
379 1095 499 1130 Germ.
521 1095 587 1129 183
613 1107 647 1129 n.
666 1095 733 1129 237
765 1094 804 1137 (f.
834 1094 900 1128 139
937 1094 973 1126 et
997 1104 1050 1137 sq.
1078 1104 1147 1126 non
1173 1093 1297 1136 sign.),
1333 1095 1367 1126 et
1403 1104 1447 1126 ex
1483 1091 1655 1126 schedula
1684 1091 1760 1134 (803
1792 1092 1807 1125 1
1836 1091 1901 1136 p.)‚

136 1160 228 1192 quae
254 1150 310 1182 est
336 1155 371 1182 et
397 1149 475 1193 ipsa
501 1147 727 1192 autographa
753 1149 789 1181 et
816 1148 937 1181 exstat
964 1146 1105 1187 ibidem,
1132 1145 1216 1180 folio
1238 1146 1303 1180 139
1330 1145 1510 1180 adiuncta.
1545 1145 1710 1189 Epistula
1735 1145 1791 1178 usi
1817 1147 1902 1178 sunt

138 1202 343 1245 Sacc-himas,
381 1201 465 1236 Can.
493 1201 581 1242 2623
625 1203 750 1243 Boero,
787 1200 871 1235 Can.
901 1200 986 1240 336;
1031 1200 1312 1243 Braunsberyer,
1347 1198 1602 1233 Katechismen
1631 1198 1717 1238 13&
1761 1198 1902 1241 Mz'clzel,

138 1255 222 1290 Can.
250 1255 346 1290 3372.

256 1321 309 1353 De
346 1331 432 1353 noro
468 1320 687 1363 provinciali
725 1323 839 1352 creato
880 1319 1000 1351 SocI'os
1038 1319 1203 1351 censores
1238 1317 1331 1359 fecit.
1386 1317 1536 1350 Gratias
1574 1316 1657 1358 nqis.
1716 1316 1902 1357 Dilinyam

139 1375 313 1417 migravit.
364 1374 463 1407 Cura
488 1374 702 1406 valetudinis
737 1376 767 1405 et
792 1373 950 1415 pietatis.
1003 1371 1099 1404 Socii
1132 1372 1326 1413 (tuyecstcmi
1361 1371 1562 1403 contiommz
1595 1369 1902 1402 mauritianarum

137 1438 239 1460 onere
264 1427 367 1460 levati·
392 1431 484 1460 semi.
536 1427 691 1460 Laboris
718 1426 890 1458 litterarii
914 1426 1039 1458 socius.
1089 1425 1272 1457 Fundano
1299 1424 1444 1466 colleye't.
1493 1420 1785 1466 „Authorz'tates“
1814 1426 1902 1456 cate-

136 1480 260 1513 chismi
280 1491 346 1523 per
373 1480 493 1513 Socios
519 1480 730 1513 colonienses
757 1479 932 1519 alendae,-
959 1478 1149 1511 iubilaeum
1178 1478 1275 1520 apud
1301 1477 1432 1510 eosdem
1454 1476 1770 1519 pronzulyandimz.

446 1552 473 1603 †
507 1552 598 1594 Pax
632 1551 790 1594 Christi
821 1551 944 1592 nobis
977 1553 1169 1599 aeterna,

668 1616 911 1658 Admodum
945 1614 1197 1657 Reuerende
1229 1614 1373 1656 Pater.

256 1688 417 1742 Accepi
448 1688 620 1731 litteras
652 1688 698 1730 P.
733 1688 780 1730 Τ.
824 1687 977 1740 quibus
1019 1687 1245 1728 confirmat
1286 1698 1408 1726 suam
1450 1682 1726 1733 sententiam,
1770 1685 1819 1724 ut
1858 1681 1902 1722 in

139 1753 273 1796 offitio
307 1767 602 1795 successorem
635 1753 818 1794 habeam
845 1752 891 1795 P.
916 1751 1094 1794 Paulum
1111 1752 1139 1801 3,
1174 1750 1298 1803 eique
1330 1749 1451 1791 reddi
1483 1749 1602 1790 iubet
1633 1747 1784 1790 literas
1816 1746 1900 1788 iam

139 1821 240 1861 ante
272 1819 427 1860 missas
460 1819 511 1860 de
543 1819 625 1860 hac
657 1818 911 1860 mutatione.
976 1817 1069 1869 Ego
1102 1829 1205 1857 uero
1238 1815 1320 1857 hac
1353 1813 1676 1856 confirmatione
1708 1826 1792 1854 non
1826 1825 1903 1853 ex—

138 1886 328 1938 pectata,
360 1898 515 1925 munus
547 1883 628 1925 hoc
660 1883 846 1925 libenter
879 1882 1069 1936 deposui,
1104 1881 1254 1923 literas
1288 1880 1341 1922 ad
1367 1879 1487 1921 illum
1521 1882 1565 1921 et
1596 1891 1716 1920 meas
1749 1880 1793 1918 et
1815 1877 1902 1918 Ro-

138 1963 291 1991 manas
323 1948 432 1999 misi,
465 1951 557 1990 tum
580 1947 838 1990 Rectoribus
872 1947 1068 1989 omnibus
1101 1946 1154 1988 de
1186 1960 1296 1987 nouo
1330 1945 1551 1999 superiore
1582 1944 1668 1985 iam
1701 1942 1903 1985 instituto

139 2014 421 2067 significaui4.
486 2012 631 2066 Atque
662 2013 820 2054 iterum
853 2012 944 2054 Deo
982 2015 1027 2054 et
1060 2011 1119 2054 .P.
1155 2011 1202 2053 Τ.
1236 2010 1402 2064 gratias
1444 2023 1540 2062 ago,
1584 2008 1697 2062 quod
1737 2021 1805 2049 me
1837 2007 1903 2048 in-

140 2079 316 2132 dignum
348 2082 439 2121 tam
472 2079 690 2132 patienter
722 2078 941 2130 hucusque
962 2077 1006 2118 in
1029 2076 1405 2118 administratione
1438 2073 1682 2128 prouintiae
1711 2072 1904 2122 tulerint,

140 2144 310 2197 iamque
342 2143 519 2186 tandem
551 2143 630 2185 hoc
652 2142 775 2196 graui
809 2156 939 2184 onere
972 2141 1210 2191 liberarint,
1245 2141 1318 2182 illo
1353 2139 1523 2194 quidem
1551 2137 1800 2188 substituto,
1835 2136 1907 2190 qui

142 2209 278 2263 possit
310 2212 354 2251 et
385 2208 499 2250 haud
533 2207 659 2250 dubie
691 2207 798 2250 uelit
830 2206 992 2249 rectius
1022 2206 1103 2248 hoc
1135 2205 1256 2259 fungi
1281 2219 1470 2247 munere.
1524 2204 1651 2246 Nunc
1683 2202 1816 2255 igitur
1838 2215 1907 2243 me

142 2273 286 2328 recepi
317 2273 551 2326 Dilingam,
586 2273 657 2314 ubi
690 2272 857 2326 studijs,
892 2274 941 2314 ut
973 2270 1139 2325 scripsi,
1174 2270 1438 2312 commodius
1471 2283 1591 2311 ua00.

259 2339 379 2388 Quod
413 2339 468 2381 ad
499 2353 653 2380 munus
686 2337 963 2380 contionandi
995 2336 1222 2390 Augustae
1254 2338 1503 2389 susceptum
1536 2333 1696 2376 attinet
1708 2333 1737 2384 5,
1776 2331 1906 2374 satis-

142 2404 226 2446 feci
257 2405 309 2448 D.
336 2404 536 2457 Fuggero
551 2404 579 2454 6,
613 2406 662 2445 vt
694 2403 807 2444 bona
839 2401 930 2444 eius
963 2401 1091 2444 venia
1124 2401 1407 2450 discesserim,
1442 2400 1598 2452 illeque
1630 2397 1797 2439 mauult
1829 2410 1907 2438 ex-

141 2471 325 2519 ternum,
369 2471 417 2510 ut
455 2468 607 2522 inquit,
651 2482 779 2521 quam
821 2469 1066 2509 nostrorum
1109 2480 1240 2508 unum
1281 2465 1324 2507 in
1365 2479 1444 2506 sua
1484 2463 1633 2505 fouere
1674 2461 1905 2504 cathedra:

144 2534 244 2586 quin
287 2537 513 2576 externum
557 2547 726 2587 quoque
767 2532 975 2574 conduxit
1016 2531 1334 2581 Ecclesiasten,
1378 2531 1549 2572 tantum
1591 2527 1627 2569 si
1671 2540 1908 2568 consensus

266 2663 275 2682 ¹
302 2661 353 2695 De
379 2662 445 2696 hoc
470 2662 698 2707 typographo
725 2661 919 2696 coloniensi
945 2672 979 2694 v.
1007 2671 1115 2705 supra
1142 2671 1173 2704 p¹
1196 2660 1237 2693 71
1270 2659 1348 2693 168.
1507 2687 1509 2689 .

264 2714 276 2733 '2
302 2714 458 2748 Multum
485 2715 689 2749 commercii
717 2717 794 2749 erat
823 2713 967 2749 Canisio
994 2725 1073 2748 cum
1103 2712 1256 2755 Georgio
1274 2710 1405 2744 Willer
1433 2710 1491 2752 (de
1518 2720 1586 2752 quo
1605 2709 1670 2742 Fr.
1689 2708 1810 2751 Kapp,
1839 2707 1904 2741 Ge-

145 2766 306 2800 schichte
332 2767 394 2800 des
421 2768 617 2802 deutschen
635 2767 888 2802 Buchhandels
913 2766 969 2801 bis
992 2767 1027 2800 in
1047 2766 1110 2800 das
1128 2764 1335 2800 siebzehnte
1355 2762 1611 2803 Jahrhundert,
1638 2761 1784 2806 Leipzig
1805 2760 1906 2801 1886,

149 2820 214 2853 134
239 2820 308 2854 479
334 2820 413 2861 480,
452 2823 488 2854 et
516 2822 602 2855 Can.
629 2821 679 2855 IV
705 2822 774 2856 250
800 2821 869 2855 478
897 2819 1103 2859 781-782;
1132 2821 1171 2853 at
1195 2818 1278 2852 vide
1305 2817 1399 2851 infra
1425 2827 1457 2860 p.
1477 2815 1591 2858 330³).

266 2873 279 2892 ³
304 2872 502 2907 Hoffaeum.
646 2876 658 2894 4
685 2874 776 2907 Vide
802 2885 913 2918 supra
937 2885 971 2918 p.
991 2872 1059 2907 308
1087 2872 1166 2906 319.

266 2926 279 2944 ⁵
305 2925 487 2959 Ecclesiae
514 2926 713 2969 collegialis
740 2927 774 2961 S.
801 2926 959 2960 Mauritii
992 2937 1133 2959 sacrum
1159 2925 1372 2967 suggestum
1399 2921 1598 2965 Significat;
1636 2919 1738 2954 cuius
1769 2920 1904 2964 „patro-

146 2978 290 3011 natum“
320 2977 475 3020 Fuggeri
502 2978 699 3019 habebant3
727 2991 761 3013 V.
789 2991 898 3024 supra
923 2991 957 3024 p.
977 2979 1056 3013 226.

267 3032 279 3050 ⁶
304 3030 457 3064 Ioanni‘?
491 3031 611 3065 Marco
624 3033 642 3065 Ῥ
676 3032 799 3065 Ioanni
825 3034 921 3066 certe
947 3031 1036 3065 haec
1054 3042 1112 3065 res
1129 3030 1285 3064 maxime
1303 3039 1410 3063 curae
1428 3027 1564 3067 fuerat:
1592 3038 1625 3061 v.
1645 3037 1753 3071 supra
1771 3037 1804 3069 p.
1824 3024 1904 3065 227,

148 3086 184 3118 et
208 3083 301 3117 infra
328 3095 360 3128 p.
380 3083 475 3117 323¹.
