2044 3335
266 97 367 132 1629.
395 95 560 131 Ganisius
587 95 621 130 S.
641 95 832 130 Francisco
862 93 1027 138 Borgiae.
1066 93 1232 136 Augusta
1249 91 1355 126 vind,
1377 92 1431 126 19.
1450 91 1556 125 Mart.
1578 91 1679 125 1569.
1771 93 1854 133 277

87 214 272 268 eligendi
320 216 452 266 atque
505 212 775 263 assumendi,
828 211 1050 253 meliorem
1103 210 1169 252 sui
1220 210 1443 264 profectus
1495 207 1856 261 significationem

88 279 342 329 ostendant,
385 281 429 321 et
470 292 521 319 ea
562 279 791 330 praestent
831 290 942 329 quae
984 275 1210 329 requirunt
1250 277 1427 317 nostrae
1470 272 1855 316 Constitutiones1.

90 344 250 386 Verum
283 344 328 386 P.
363 344 411 386 T.
444 342 619 384 interim
661 356 738 395 pro
772 355 848 382 suo
882 343 1053 383 statuat
1083 339 1254 390 iudicio,
1298 354 1394 381 cum
1427 339 1581 392 quibus
1613 340 1739 392 putet
1771 337 1859 378 dis-

88 408 380 463 pensandum:
412 408 490 449 fiat
522 406 602 448 hoc
635 406 792 448 saltem
824 420 930 459 rogo
953 406 1046 447 sine
1078 405 1204 458 graui
1236 404 1454 455 scandalo,
1490 404 1603 457 quod
1635 403 1703 445 hic
1735 416 1858 457 pror-

88 488 161 516 sus
192 476 338 516 metuo
372 474 671 526 sequuturum.

208 537 387 592 Scripsit
429 537 484 579 ad
525 550 594 578 me
627 535 796 589 Regina
828 535 1092 589 Magdalena
1123 537 1278 588 petens
1317 537 1361 576 et
1394 534 1637 582 consulens,
1680 535 1729 575 ut
1760 534 1861 587 post

88 603 250 657 pascha
281 602 553 655 relinquatur
583 601 635 643 D.
671 601 860 643 Paulus2
892 601 1055 642 Hector
1088 599 1340 653 Oeniponti:
1375 599 1548 653 placere
1580 598 1700 640 illum
1732 597 1860 639 ualde

88 668 319 709 Archiduci
359 666 488 709 fratri
501 667 530 716 3,
572 680 657 708 non
696 679 823 720 posse
856 679 881 707 a
912 665 1037 707 nobis
1070 664 1212 707 deseri
1244 663 1497 707 cathedram
1530 663 1859 717 parrochialem,

89 733 130 775 in
164 747 249 786 qua
279 733 373 787 ipse
406 731 695 781 contionatur,
739 730 950 773 fabricam
992 729 1163 783 collegij
1205 729 1416 783 reliquam
1457 729 1621 771 rectius
1658 728 1720 770 ita
1761 741 1861 781 pro-

89 797 253 840 moueri
285 798 436 839 eodem
468 798 672 839 manente
705 796 903 838 Rectore.
968 795 1086 845 Quae
1118 794 1311 837 rationes
1353 808 1502 836 omnes
1535 807 1603 834 me
1635 806 1720 834 non
1753 792 1861 834 adeo

89 865 287 914 mouent,
335 865 385 905 vt
430 861 716 915 negligendas
763 864 912 915 putem
959 860 1154 903 rationes
1201 859 1448 914 prouintiae
1495 861 1695 908 nostrae,
1750 870 1862 909 quae

90 928 135 971 P.
170 928 374 970 Paulum-
398 926 733 976 Prouintialem,
784 928 860 968 aut
908 928 1027 968 certe
1064 924 1481 979 Viceprouintialem
1529 923 1777 976 requirunt,
1826 920 1863 963 si

89 993 251 1036 Rector
278 991 543 1046 Dilingensis
556 992 585 1042 4,
620 991 693 1044 qui
724 991 934 1044 languere
966 990 1123 1045 pergit,
1158 989 1262 1031 mihi
1293 1004 1380 1031 non
1413 989 1716 1038 substituetur,
1751 987 1864 1029 sicut

90 1062 220 1101 antea
253 1058 410 1100 monui.
454 1057 602 1099 Solum
633 1056 676 1098 in
711 1070 762 1098 ea
792 1056 1052 1099 difficultate
1075 1069 1314 1106 uersamur,
1350 1055 1464 1108 quod
1486 1055 1718 1096 Rectorem
1752 1053 1863 1094 alte-

89 1139 185 1166 rum
239 1122 469 1177 Oeniponti
523 1121 872 1164 constituendum
928 1135 1015 1163 non
1067 1120 1348 1175 reperiamus.
1428 1119 1589 1173 Scripsi
1646 1118 1758 1160 enim
1812 1117 1864 1159 de

90 1189 136 1233 P.
150 1188 407 1231 Wendelino
421 1189 449 1238 5,
484 1201 613 1240 quam
637 1187 906 1228 incommode
929 1187 983 1229 ab
1006 1186 1291 1240 Augustanis,
1325 1186 1406 1227 hoc
1436 1184 1695 1240 praesertim
1718 1197 1864 1225 rerum

89 1257 222 1305 statu,
261 1253 400 1308 possit
432 1252 640 1296 abstrahi.
704 1252 769 1294 De
801 1266 848 1294 se
882 1253 932 1295 D.
958 1252 1119 1293 Paulus
1151 1251 1267 1293 haud
1299 1251 1427 1293 dubie
1460 1251 1643 1292 Romam
1676 1248 1863 1303 scripsit,

31 1366 33 1368 ,
91 1320 162 1373 (1111
195 1333 334 1372 neque
367 1318 594 1368 diffitetur,
629 1331 676 1359 se
699 1320 892 1359 metuere
925 1316 1167 1359 ualetudini
1199 1330 1303 1358 suae
1336 1316 1391 1358 ab
1424 1330 1525 1358 aere
1549 1315 1864 1368 Oenipontano,

90 1385 211 1427 uelut
252 1397 380 1437 quem
421 1383 686 1426 insalubrem
719 1382 862 1436 coepit
894 1381 1096 1436 experiri.
1161 1381 1288 1423 Jdem
1321 1395 1424 1423 uero
1459 1380 1586 1423 multi
1618 1382 1864 1421 nostrorum

90 1450 297 1500 sentiunt,
341 1463 447 1502 quos
480 1448 593 1491 male
626 1462 769 1497 sanOS,
814 1450 858 1490 et
891 1447 1104 1489 breuioris
1136 1447 1268 1489 etiam
1302 1447 1433 1497 uitae,
1478 1446 1522 1487 in
1563 1446 1636 1487 1110
1681 1443 1864 1497 collegio

91 1515 328 1558 cernimus:
371 1517 416 1557 et
456 1514 639 1568 posthac
680 1513 843 1555 maiore
885 1527 992 1567 opus
1035 1512 1120 1555 erit
1160 1512 1375 1563 cautione,
1419 1514 1469 1553 vt
1499 1511 1600 1552 inde
1641 1510 1866 1564 plaerique

89 1580 270 1622 subinde
302 1580 385 1622 alio
418 1579 757 1629 transferantur,
791 1578 827 1620 si
856 1580 977 1620 recte
998 1577 1085 1619 illis
1108 1578 1351 1620 consultum
1375 1591 1471 1619 esse
1493 1576 1690 1618 uelimus.
1734 1575 1867 1617 Fate-

88 1648 162 1688 tur
204 1645 377 1687 interim
421 1646 468 1688 Ρ.
501 1644 663 1686 Paulus
709 1643 979 1698 experientia
1024 1644 1199 1694 doctuS,
1245 1645 1453 1697 proterua
1497 1642 1541 1683 in
1588 1655 1637 1683 eo
1683 1639 1867 1693 collegio

91 1711 237 1765 capita
259 1710 498 1752 domanda³
521 1724 616 1752 esse
639 1711 901 1760 nostrorum,
937 1709 1009 1762 qui
1031 1722 1184 1751 seuero
1207 1708 1433 1761 indigeant
1457 1707 1659 1757 Rectore,
1695 1705 1868 1759 qualem

89 1777 182 1831 ipse
223 1790 308 1818 non
350 1775 480 1818 facile
520 1775 660 1830 possit
700 1775 908 1825 inuenire,
952 1788 1003 1816 ac
1045 1774 1225 1828 proinde
1268 1773 1349 1815 sibi
1390 1773 1532 1826 magis
1573 1769 1869 1814 necessarium

90 1842 241 1893 uideri,
275 1844 324 1884 vt
355 1841 448 1895 ipse
481 1841 642 1883 diutius
674 1841 838 1882 Rector
869 1839 956 1882 illic
989 1842 1255 1893 perseueret,
1300 1853 1350 1880 ac
1384 1838 1603 1880 difficilem
1637 1836 1867 1878 admodum

91 1908 182 1949 eius
216 1907 385 1961 collegij
419 1905 842 1948 administrationem
876 1905 931 1948 ad
963 1905 1187 1947 meliorem
1221 1904 1492 1958 disciplinam
1525 1903 1721 1945 reducat.
1776 1901 1869 1951 Qua

91 1973 142 2015 de
174 1987 222 2015 re
254 1974 425 2015 statuat
457 1985 617 2025 quaeso
650 1972 697 2014 P.
732 1972 781 2015 T.
816 1971 924 2014 certi
967 1970 1143 2024 aliquid,
1186 1984 1326 2023 neque
1365 1970 1504 2011 solum
1538 1966 1866 2021 Oenipontanis,

90 2039 167 2080 sed
189 2038 322 2081 etiam
344 2037 589 2092 prouintiae
607 2037 820 2086 consulat,
845 2039 894 2079 ut
915 2036 1140 2078 meliorem
1162 2035 1356 2078 habeant
1377 2034 1644 2090 superiorem
1668 2032 1866 2086 collegia,

91 2118 258 2157 egoque
290 2103 432 2145 redire
463 2102 624 2157 possim
659 2103 714 2144 ad
745 2101 985 2144 iniunctam
1018 2101 1184 2143 Romae
1217 2101 1319 2142 mihi
1354 2099 1635 2154 scriptionem
1649 2100 1677 2141 6.

210 2170 305 2211 Ηο0
346 2183 478 2210 unum
519 2168 699 2210 addam:
748 2167 1038 2210 Archiducem
1079 2166 1223 2208 isthuc
1264 2166 1496 2208 missurum
1539 2165 1749 2218 aliquem,
1796 2162 1869 2217 qui

92 2234 320 2289 collegium
360 2234 467 2276 illud
500 2233 712 2287 Reginale
755 2237 799 2276 et
832 2233 1042 2275 Hallense
1083 2231 1191 2274 uelit
1232 2232 1389 2274 offerre
1430 2234 1659 2284 totumque
1691 2229 1867 2271 tradere

91 2300 292 2343 societati
305 2300 334 2343 7.
387 2299 525 2352 Rogo,
559 2301 608 2341 ut
639 2312 693 2341 ne
726 2299 855 2342 facile
888 2298 1131 2352 accipiatur
1163 2297 1367 2349 conditio,
1403 2297 1480 2339 sed
1513 2298 1640 2338 caute
1673 2298 1718 2337 et
1749 2294 1867 2336 lente

90 2366 352 2420 procedatur
392 2364 436 2405 in
476 2363 665 2417 negotiO,
709 2365 822 2417 quod
865 2364 947 2406 etsi
989 2363 1130 2418 prima
1171 2363 1316 2405 fronte
1358 2361 1601 2416 speciosum
1639 2361 1864 2415 appareat,

90 2432 224 2474 miras
261 2434 410 2473 tamen
444 2429 588 2471 adfert
620 2429 903 2472 difficultates
937 2432 1068 2483 atque
1101 2427 1326 2470 molestias
1358 2427 1533 2478 nostris,
1577 2426 1649 2480 qui
1681 2427 1783 2467 sunt
1816 2438 1866 2466 eo

90 2497 134 2539 in
166 2497 260 2539 loco
294 2495 615 2538 commoraturi.
680 2494 773 2537 Nec
814 2494 953 2545 uideo,
997 2493 1211 2547 quomodo
1254 2493 1393 2547 possit
1434 2492 1502 2534 hic
1536 2491 1759 2534 obseruari
1792 2490 1866 2531 de-

91 2566 257 2605 cretum
291 2563 346 2603 2ΒΘ
378 2559 731 2613 congregationis
773 2560 826 2602 de
868 2560 1064 2614 collegijs
1107 2559 1217 2601 citra
1259 2558 1565 2601 necessitatem
1600 2570 1685 2598 non
1719 2555 1866 2598 multi-

91 2626 304 2683 plicandis
317 2627 346 2669 8.

211 2713 239 2745 a)
260 2715 321 2739 Hoc
342 2721 365 2738 n.
385 2721 404 2737 a
424 2714 452 2738 C.
473 2720 568 2744 snpra
590 2720 704 2737 versum
724 2712 867 2743 scriptum
888 2714 938 2737 est.

214 2833 224 2853 ¹
250 2831 350 2866 Haec
376 2843 410 2866 V.
437 2843 548 2877 supra
575 2844 608 2877 p.
629 2831 725 2866 266⁷.
873 2829 886 2849 2
912 2828 1096 2863 Hoffaeus.
1245 2828 1257 2849 ³
1283 2827 1508 2862 Ferdinando
1533 2827 1578 2862 II.

212 2888 224 2906 4
251 2885 291 2920 P.
317 2884 560 2920 Theudoricus
588 2884 766 2919 Canisius.
913 2884 926 2902 ⁵
952 2882 1090 2923 V'olck3
1117 2893 1153 2916 V.
1180 2892 1290 2926 supra
1316 2893 1349 2926 p.
1370 2881 1450 2916 267.

213 2939 226 2958 ⁶
253 2937 503 2972 Centuriarum
530 2936 898 2982 magdeburgensium
925 2935 1181 2970 refutationem
1208 2934 1401 2978 significat.

213 2993 225 3012 ⁷
251 2991 343 3026 Vide
369 3003 478 3037 supra
503 3003 537 3036 p.
558 2992 638 3027 262.

213 3045 226 3065 ³
256 3045 504 3090 „Propositum
529 3045 619 3080 fuit:
655 3056 700 3079 an
737 3043 989 3088 multiplicitas
1017 3041 1258 3086 collegiorum
1294 3053 1358 3087 per
1392 3041 1537 3086 aliquod
1571 3042 1715 3086 tempus
1749 3040 1867 3075 mode—

92 3099 204 3133 randa
231 3100 329 3134 esset
427 3098 471 3133 12
498 3098 579 3133 111111
597 3097 718 3143 [1565]
747 3098 799 3132 sic
825 3108 884 3131 res
911 3097 1109 3131 constituta
1136 3097 1210 3130 est:
1238 3096 1278 3130 ln
1304 3095 1431 3141 primis
1456 3094 1594 3140 placuit
1619 3094 1655 3128 in
1681 3096 1865 3139 posterum
