2044 3335
418 82 564 127 Dilinga
590 82 646 118 20.
665 82 800 127 Aprilis
830 83 917 117 1571
948 85 987 117 et
1013 82 1178 126 Augusta
1205 82 1260 117 23.
1281 81 1415 127 Aprilis
1444 81 1544 115 1571.
1776 84 1859 125 437

95 204 143 243 ut
174 200 315 242 sciant
347 199 568 249 haeretici,
602 199 725 241 nobis
756 214 841 241 non
875 200 1026 242 deesse
1059 213 1194 248 arma,
1228 199 1381 252 quibus
1413 199 1455 240 in
1489 198 1731 241 huiusmodi
1763 213 1862 253 per-

95 266 211 308 sonis
241 264 517 319 Euangelicis
549 279 643 306 cum
668 265 864 307 Ecclesia
897 264 1166 306 celebrandis
1199 266 1243 305 et
1276 267 1428 307 contra
1461 278 1595 306 nouos
1619 263 1862 316 Theologos

95 330 375 373 defendendis
407 334 593 373 utamur.
658 330 809 372 Habeo
842 344 927 371 non
960 329 1170 371 minorem
1203 343 1316 371 nunc
1347 329 1450 370 mihi
1485 331 1685 383 paratam
1718 329 1863 383 supel-

93 394 281 438 lectilem
325 395 379 437 ad
411 395 576 437 Mariae
609 394 824 448 Deiparae
866 394 1091 437 historiam
1126 394 1425 437 uindicandam
1469 397 1513 436 et
1545 393 1861 448 expoliendam.

95 460 214 502 Etsia
255 461 463 513 quosdam
504 460 611 502 haec
653 460 956 514 probationum
990 458 1179 501 offendet
1212 459 1347 512 copia,
1391 474 1476 501 non
1510 459 1691 501 deerunt
1722 472 1863 513 spero,

95 525 166 578 qui
187 526 371 579 probent
394 525 664 579 diligentiam
686 525 728 566 in
753 525 832 566 Dei
859 524 1022 567 sanctis
1045 523 1352 577 glorificandis,
1386 524 1657 578 praesertim,
1693 523 1863 577 quando

94 604 206 632 nunc
239 590 427 632 maxime
460 590 563 632 nihil
594 604 679 631 non
703 590 902 632 mordent
933 590 975 631 in
999 588 1094 632 istis
1116 591 1161 630 et
1182 588 1453 631 labefactare
1477 592 1689 631 conantur
1711 590 1864 630 haere-

93 655 180 705 tici,
214 657 263 697 ut
295 655 442 697 multis
469 655 701 697 Catholicis
734 654 968 697 uirulentia
999 667 1078 695 sua
1111 654 1335 706 negocium
1369 654 1586 696 facessere
1619 654 1862 696 uideantur.

93 720 234 762 Erunt
265 724 494 774 praeterea
526 721 702 771 Romae,
745 724 794 763 ut
825 734 990 769 uereor,
1035 719 1105 772 qui
1143 733 1212 760 me
1246 718 1393 761 dicant
1424 718 1694 761 immodicum
1729 719 1863 761 fuisse

92 785 135 827 in
169 785 353 828 citandis
385 785 703 829 haereticorum
735 785 878 827 uerbis
911 788 955 827 et
987 783 1256 826 cumulandis
1289 784 1532 838 sententijs,
1572 784 1707 827 sicutb
1739 797 1864 826 nemo

93 851 294 901 fortasse,
329 852 442 904 quod
474 851 608 893 sciam
641 851 852 903 equidem,
885 850 927 892 in
961 850 1040 892 hoc
1072 863 1233 903 genere
1266 849 1514 892 accuratius
1536 849 1653 892 fecit.
1703 849 1865 891 Verum

93 915 312 970 intelliget
327 916 657 959 Jllustrissimus
675 916 726 958 D.
746 915 985 958 Cardinalis
1001 914 1311 965 Varmiensis1‚
1337 915 1519 969 alijquec
1542 915 1624 957 uiri
1647 914 1867 968 sapientes

93 981 136 1023 in
169 981 234 1023 his
275 981 524 1035 regionibus
567 982 673 1024 bene
715 981 879 1023 uersati
922 981 1189 1030 fatebuntur,
1233 980 1340 1022 haec
1383 981 1573 1023 remedia
1607 979 1867 1022 Germaniae

93 1049 269 1089 nostrae
309 1047 470 1089 morbis
511 1047 637 1088 hodie
679 1046 983 1100 grassantibus
1025 1045 1277 1096 conuenire,
1321 1045 1533 1099 simulque
1574 1046 1656 1087 hac
1697 1044 1867 1087 ratione

93 1112 357 1155 Catholicam
397 1112 637 1155 doctrinam
670 1113 713 1153 in
747 1111 894 1153 multis
927 1111 1185 1162 confirmari,
1230 1114 1274 1153 et
1305 1115 1564 1154 nouatorum
1596 1110 1867 1165 impietatem

93 1177 438 1231 stultitiamqued
469 1177 743 1221 manifestius
778 1177 901 1231 prodi
943 1179 987 1219 et
1019 1177 1175 1219 fortius
1209 1177 1421 1231 dissipari.
1487 1177 1648 1219 Verum
1682 1189 1768 1217 non
1800 1178 1868 1218 est

95 1257 170 1285 cur
203 1257 283 1296 ego
317 1258 384 1285 me
417 1246 462 1286 et
494 1243 651 1285 librum
683 1244 796 1285 hunc
820 1248 1001 1285 nouume
1035 1256 1251 1294 excusem,
1286 1246 1362 1285 aut
1395 1243 1623 1285 defendam
1657 1241 1865 1296 pluribus,

94 1309 230 1350 Deum
272 1308 483 1363 imprimis
524 1323 630 1362 rogo
672 1312 720 1352 ut
761 1309 973 1350 immensa
1014 1308 1210 1351 bonitate
1252 1308 1482 1361 gratiaque
1527 1322 1606 1350 sua
1651 1307 1865 1361 suppleat,

95 1374 208 1427 quod
239 1374 283 1416 in
315 1374 395 1416 hoc
428 1388 558 1429 opere
590 1377 684 1417 toto
718 1374 981 1416 conficiendo
1015 1388 1040 1415 a
1072 1387 1141 1415 me
1174 1374 1243 1416 uel
1276 1373 1526 1423 admissum,
1570 1373 1640 1415 uel
1672 1376 1868 1426 praeter-

95 1439 270 1481 missum
314 1443 382 1482 est
422 1440 547 1483 male.
614 1439 658 1482 Si
690 1453 792 1481 uero
828 1440 883 1482 ad
917 1440 958 1482 S.
982 1440 1033 1482 D.
1059 1439 1098 1480 N
1105 1440 1144 1482 ,2
1176 1439 1284 1481 liber
1317 1442 1385 1482 est
1416 1442 1719 1494 peruenturus,
1763 1437 1867 1479 nihil

94 1505 291 1547 desidero
314 1505 468 1559 magis,
504 1519 630 1559 quam
665 1519 742 1559 pro
775 1504 882 1547 meis
915 1505 1108 1559 peccatis
1141 1507 1186 1547 et
1218 1505 1499 1559 negligentijs
1531 1503 1773 1559 plenariam
1804 1503 1867 1545 in-

94 1570 363 1624 dulgentiam
404 1570 642 1625 impetrari.
706 1570 800 1613 Tua
839 1584 942 1612 uero
977 1570 1227 1613 Paternitas
1258 1571 1351 1612 iure
1385 1585 1461 1613 suo
1495 1570 1733 1623 quamlibet
1765 1568 1869 1610 mihi

90 1635 290 1689 iniungat
321 1636 646 1691 poenitentiam,
682 1650 734 1678 ea
765 1651 834 1678 me
867 1635 1043 1689 dignum
1077 1650 1173 1678 esse
1205 1651 1426 1690 nunquam
1459 1636 1678 1678 dubitabO.

210 1701 337 1744 Nunc
370 1702 518 1756 paucis
550 1702 762 1752 indicabo,
807 1701 906 1755 quid
948 1701 990 1743 in
1028 1701 1178 1755 primis
1211 1701 1326 1744 circa
1358 1702 1469 1744 hanc
1503 1701 1685 1756 primam
1720 1699 1862 1754 operis

92 1769 262 1822 partem
295 1768 464 1821 cupiam
498 1767 734 1817 obseruari,
772 1770 821 1810 ut
853 1767 908 1809 ad
941 1766 1123 1820 reliqua,
1165 1767 1200 1809 si
1234 1767 1599 1822 progrediendum
1633 1766 1715 1808 erit
1747 1764 1864 1815 mihi,

93 1832 322 1875 munitiorf
350 1833 421 1875 uia
454 1833 524 1884 sit,
558 1836 602 1875 et
634 1832 796 1875 rectius
829 1833 884 1875 ad
912 1833 993 1875 Dei
1025 1832 1208 1886 gloriam
1244 1833 1388 1875 omnia
1420 1833 1716 1876 conficiantur.
1771 1830 1864 1871 Pri-

91 1912 207 1939 mum
241 1898 522 1940 uehementer
554 1913 643 1949 oro,
676 1898 863 1952 aliquem
897 1912 953 1940 ex
978 1898 1211 1951 Theologis
1244 1898 1464 1952 designari
1496 1899 1705 1941 lectorem
1737 1895 1865 1951 simul

91 1966 135 2005 et
177 1977 400 2005 censorem
442 1963 584 2018 operis
625 1963 828 2014 uniuersi,
872 1963 943 2017 qui
985 1963 1134 2005 sedulo
1177 1966 1372 2015 annotet,
1417 1967 1461 2007 et
1501 1963 1544 2005 in
1587 1964 1764 2005 chartag
1796 1974 1864 2003 se-

92 2028 279 2082 paratim
303 2031 524 2083 excerpat,
559 2030 713 2082 quibus
735 2029 778 2070 in
800 2029 907 2072 locis
929 2029 1170 2072 mutatione
1202 2029 1348 2083 aliqua
1381 2044 1488 2084 opus
1521 2042 1617 2071 esse
1649 2027 1862 2069 uideatur.

90 2094 195 2135 Mihi
229 2108 313 2136 non
347 2094 602 2149 displicebit,
637 2095 672 2137 si
705 2109 760 2137 ex
786 2095 967 2137 Patrum
997 2095 1153 2137 iudicio
1186 2096 1399 2149 quaedam
1432 2095 1560 2137 isthic
1592 2095 1634 2136 in
1668 2093 1864 2146 margine

91 2159 388 2212 corrigantur,
434 2160 684 2214 priusquam
727 2161 837 2202 liber
881 2160 979 2215 alijs
1024 2160 1189 2203 exteris
1234 2161 1587 2204 communicetur.
1663 2158 1783 2208 Quod
1829 2157 1862 2199 si

90 2225 228 2267 multa
261 2239 316 2266 ex
349 2239 478 2279 opere
511 2226 716 2277 tollenda,
750 2227 820 2268 uel
852 2226 1052 2280 integrae
1083 2227 1270 2281 paginae
1303 2226 1567 2269 resecandae
1597 2225 1862 2273 uiderentur,

90 2290 214 2344 cupio
260 2304 311 2332 ea
357 2291 408 2332 de
449 2291 523 2332 reh
564 2291 712 2334 statim
755 2292 995 2342 admoneri,
1040 2292 1140 2346 quia
1182 2293 1369 2334 nondum
1411 2292 1520 2334 liber
1560 2292 1603 2332 in
1644 2289 1863 2344 publicum

90 2356 262 2409 prodiit,
306 2370 384 2398 nec
427 2356 616 2410 prodibit
657 2357 847 2399 fortasse
880 2360 983 2400 ante
1015 2371 1186 2399 menses
1218 2357 1398 2411 aliquot,
1442 2361 1490 2400 ut
1523 2359 1677 2411 postea
1709 2354 1861 2396 dicam.

90 2422 160 2463 Ex
192 2435 277 2474 qua
309 2424 556 2464 nostrorum
586 2436 770 2465 censura
801 2426 846 2465 et
868 2422 1095 2476 diligentia
1127 2423 1168 2464 in
1202 2423 1436 2476 relegendo
1470 2422 1579 2463 libro
1612 2421 1724 2462 hunc
1758 2433 1863 2473 quo-

90 2500 173 2540 que
204 2486 394 2528 fructum
429 2487 630 2539 colligam
653 2501 794 2542 spero,
828 2490 877 2530 ut
899 2488 1145 2530 admonitus
1179 2489 1232 2530 ab
1265 2488 1350 2530 illis
1383 2488 1426 2529 in
1459 2490 1681 2542 posterum
1713 2484 1862 2534 sciam,

90 2565 201 2605 quae
241 2552 344 2594 mihi
385 2552 656 2606 potissimum
698 2553 741 2594 in
782 2553 959 2607 reliquis
1000 2554 1070 2595 uel
1112 2554 1384 2596 obseruanda
1426 2553 1494 2594 uel
1537 2551 1731 2594 cauenda
1769 2563 1863 2592 esse

89 2617 332 2661 uideantur.
412 2617 634 2660 Liberumi
687 2621 805 2661 certe
858 2618 1173 2661 admonitorem
1227 2621 1411 2673 expecto
1466 2621 1597 2671 atque
1649 2615 1861 2666 desidero,

90 2686 271 2737 paratus
305 2697 390 2725 non
422 2684 560 2725 solum
594 2683 779 2738 patienti
811 2684 887 2726 sed
920 2684 1052 2726 etiam
1086 2684 1221 2726 alacri
1253 2686 1467 2738 gratoque
1500 2682 1729 2737 complecti
1762 2695 1862 2735 pec-

89 2752 184 2791 tore
217 2748 419 2801 quicquid
452 2751 606 2791 contra
638 2763 779 2791 meam
812 2749 1091 2803 scriptionem
1125 2749 1258 2791 fuerit
1289 2749 1540 2792 iudicatum.
1594 2747 1716 2798 Quod
1738 2746 1773 2789 si
1807 2760 1862 2788 ex

210 2823 238 2853 a)
258 2822 297 2847 Et
317 2822 342 2849 si
362 2825 388 2849 B
403 2825 430 2849 S.
488 2822 518 2855 b)
540 2823 582 2849 sie
597 2823 632 2849 vt
652 2825 678 2849 S.
736 2825 761 2854 c)
783 2825 843 2849 Hoc
862 2825 947 2849 verbo
967 2826 992 2849 B
1013 2825 1201 2849 terminatur.
1258 2823 1288 2855 d)
1310 2825 1449 2856 Sequitur
1469 2822 1518 2849 for
1538 2824 1581 2848 vel
1600 2823 1696 2848 simile
1718 2829 1751 2852 v.‚
1772 2821 1862 2845 omitt.

91 2865 117 2893 e)
141 2866 160 2889 S
178 2865 258 2889 haud
280 2868 371 2890 recte.-
390 2871 499 2891 meum.
573 2865 600 2897 f)
622 2865 688 2895 erit,
709 2865 781 2891 mihi
802 2865 948 2891 munitior
968 2867 996 2891 5.
1071 2866 1100 2897 g)
1123 2867 1169 2890 Ita
1195 2866 1226 2890 in
1248 2866 1310 2898 ipso
1336 2866 1414 2890 arch.
1435 2869 1594 2891 correctum
1614 2868 1656 2891 est
1676 2872 1711 2889 eac
1731 2862 1863 2888 chartas.

92 2907 127 2931 S:
147 2904 283 2936 annotet,
303 2906 334 2931 in
355 2905 529 2939 chartaque.
594 2907 626 2939 h)
648 2909 707 2932 Hoc
735 2916 756 2932 v.
777 2916 871 2939 supra
892 2916 1007 2932 versum
1027 2908 1169 2939 scriptum
1190 2911 1238 2933 est.
1301 2907 1320 2939 i)
1342 2908 1389 2932 Ita
1409 2908 1440 2932 in
1462 2908 1524 2939 ipso
1543 2907 1623 2932 arch.
1643 2908 1801 2931 correctum
1821 2908 1863 2929 est

89 2955 125 2972 ex
145 2946 276 2973 Librum.

213 3034 222 3051 ¹
250 3031 453 3066 Stanislaus
488 3032 622 3067 Hosius
658 3033 847 3077 episcopus
882 3032 1118 3073 varmiensis;
1155 3032 1215 3076 qui
1242 3032 1376 3067 Romae
1408 3031 1643 3073 versabatur3
1681 3032 1726 3066 cf.
1753 3041 1863 3075 supra

90 3097 123 3129 p.
143 3085 222 3120 383.
370 3085 383 3105 ²
409 3085 513 3120 Pium
533 3085 578 3120 V.
