<?xml version="1.0" encoding="UTF-8"?>
<!DOCTYPE html PUBLIC "-//W3C//DTD XHTML 1.0 Transitional//EN"
    "http://www.w3.org/TR/xhtml1/DTD/xhtml1-transitional.dtd">
<html xmlns="http://www.w3.org/1999/xhtml" xml:lang="en" lang="en">
 <head>
  <title>
</title>
<meta http-equiv="Content-Type" content="text/html;charset=utf-8" />
  <meta name='ocr-system' content='tesseract 3.04.00' />
  <meta name='ocr-capabilities' content='ocr_page ocr_carea ocr_par ocr_line ocrx_word'/>
</head>
<body>
  <div class='ocr_page' id='page_1' title='image "beatipetricanisi06cani_0574.png"; bbox 0 0 2044 3335; ppageno 0'>
   <div class='ocr_carea' id='block_1_1' title="bbox 167 102 1512 149">
    <p class='ocr_par' dir='ltr' id='par_1_1' title="bbox 167 102 1512 149">
     <span class='ocr_line' id='line_1_1' title="bbox 167 102 1512 149; baseline 0.001 -12"><span class='ocrx_word' id='word_1_1' title='bbox 167 108 251 149; x_wconf 84' lang='lat'>500</span> <span class='ocrx_word' id='word_1_2' title='bbox 584 104 686 138; x_wconf 84' lang='lat'>1768.</span> <span class='ocrx_word' id='word_1_3' title='bbox 714 102 879 137; x_wconf 82' lang='lat' dir='ltr'>canisius</span> <span class='ocrx_word' id='word_1_4' title='bbox 905 103 1085 146; x_wconf 85' lang='lat' dir='ltr'>Regimini</span> <span class='ocrx_word' id='word_1_5' title='bbox 1112 104 1280 138; x_wconf 83' lang='lat' dir='ltr'>Austriae</span> <span class='ocrx_word' id='word_1_6' title='bbox 1305 104 1512 149; x_wconf 88' lang='lat' dir='ltr'>superioris.</span> 
     </span>
    </p>
   </div>
   <div class='ocr_carea' id='block_1_2' title="bbox 163 218 1931 795">
    <p class='ocr_par' dir='ltr' id='par_1_2' title="bbox 163 218 1931 795">
     <span class='ocr_line' id='line_1_2' title="bbox 165 218 1930 266; baseline 0 -10"><span class='ocrx_word' id='word_1_7' title='bbox 165 221 406 266; x_wconf 74' lang='lat' dir='ltr'>epistolasque</span> <span class='ocrx_word' id='word_1_8' title='bbox 442 219 578 252; x_wconf 88' lang='lat' dir='ltr'>dicrum</span> <span class='ocrx_word' id='word_1_9' title='bbox 613 229 797 252; x_wconf 86' lang='lat' dir='ltr'>sacrorum</span> <span class='ocrx_word' id='word_1_10' title='bbox 833 218 922 252; x_wconf 87' lang='lat' dir='ltr'>satis</span> <span class='ocrx_word' id='word_1_11' title='bbox 958 218 1142 262; x_wconf 79' lang='lat' dir='ltr'>eleganter</span> <span class='ocrx_word' id='word_1_12' title='bbox 1176 230 1284 263; x_wconf 86' lang='lat' dir='ltr'>opera</span> <span class='ocrx_word' id='word_1_13' title='bbox 1314 219 1447 254; x_wconf 86' lang='lat' dir='ltr'>Canisii</span> <span class='ocrx_word' id='word_1_14' title='bbox 1483 231 1617 254; x_wconf 81' lang='lat' dir='ltr'>excusa</span> <span class='ocrx_word' id='word_1_15' title='bbox 1652 231 1731 255; x_wconf 88' lang='lat' dir='ltr'>esse</span> <span class='ocrx_word' id='word_1_16' title='bbox 1746 222 1768 255; x_wconf 86' lang='lat'>¹.</span> <span class='ocrx_word' id='word_1_17' title='bbox 1822 221 1930 263; x_wconf 82' lang='lat' dir='ltr'>„Con-</span> 
     </span>
     <span class='ocr_line' id='line_1_3' title="bbox 165 270 1929 319; baseline 0 -11"><span class='ocrx_word' id='word_1_18' title='bbox 165 274 414 308; x_wconf 77' lang='lat' dir='ltr'>sultationeni“</span> <span class='ocrx_word' id='word_1_19' title='bbox 444 273 576 311; x_wconf 86' lang='lat' dir='ltr'>autem,</span> <span class='ocrx_word' id='word_1_20' title='bbox 603 282 708 315; x_wconf 87' lang='lat' dir='ltr'>quam</span> <span class='ocrx_word' id='word_1_21' title='bbox 729 270 831 304; x_wconf 90' lang='lat' dir='ltr'>modo</span> <span class='ocrx_word' id='word_1_22' title='bbox 850 282 989 316; x_wconf 85' lang='lat' dir='ltr'>ponam,</span> <span class='ocrx_word' id='word_1_23' title='bbox 1017 283 1037 306; x_wconf 89' lang='lat' dir='ltr'>a</span> <span class='ocrx_word' id='word_1_24' title='bbox 1056 271 1198 306; x_wconf 85' lang='lat' dir='ltr'>Canisio</span> <span class='ocrx_word' id='word_1_25' title='bbox 1224 273 1260 306; x_wconf 93' lang='lat' dir='ltr'>in</span> <span class='ocrx_word' id='word_1_26' title='bbox 1287 273 1365 317; x_wconf 85' lang='lat' dir='ltr'>ipsa</span> <span class='ocrx_word' id='word_1_27' title='bbox 1391 272 1476 307; x_wconf 89' lang='lat' dir='ltr'>urbe</span> <span class='ocrx_word' id='word_1_28' title='bbox 1495 273 1733 318; x_wconf 84' lang='lat' dir='ltr'>oenipontana</span> <span class='ocrx_word' id='word_1_29' title='bbox 1757 275 1929 319; x_wconf 77' lang='lat' dir='ltr'>scriptam</span> 
     </span>
     <span class='ocr_line' id='line_1_4' title="bbox 166 324 1931 372; baseline 0.001 -11"><span class='ocrx_word' id='word_1_30' title='bbox 166 339 245 361; x_wconf 88' lang='lat' dir='ltr'>esse</span> <span class='ocrx_word' id='word_1_31' title='bbox 272 325 460 368; x_wconf 83' lang='lat' dir='ltr'>collegeris</span> <span class='ocrx_word' id='word_1_32' title='bbox 487 336 531 358; x_wconf 88' lang='lat' dir='ltr'>ex</span> <span class='ocrx_word' id='word_1_33' title='bbox 557 324 623 358; x_wconf 89' lang='lat' dir='ltr'>hoc</span> <span class='ocrx_word' id='word_1_34' title='bbox 650 324 736 369; x_wconf 83' lang='lat' dir='ltr'>ipsc,</span> <span class='ocrx_word' id='word_1_35' title='bbox 765 324 858 368; x_wconf 90' lang='lat' dir='ltr'>quod</span> <span class='ocrx_word' id='word_1_36' title='bbox 884 336 949 358; x_wconf 93' lang='lat' dir='ltr'>nec</span> <span class='ocrx_word' id='word_1_37' title='bbox 977 324 1076 358; x_wconf 87' lang='lat' dir='ltr'>locus</span> <span class='ocrx_word' id='word_1_38' title='bbox 1102 336 1168 358; x_wconf 88' lang='lat' dir='ltr'>nec</span> <span class='ocrx_word' id='word_1_39' title='bbox 1202 327 1346 370; x_wconf 89' lang='lat' dir='ltr'>tempus</span> <span class='ocrx_word' id='word_1_40' title='bbox 1372 326 1404 360; x_wconf 90' lang='lat' dir='ltr'>ei</span> <span class='ocrx_word' id='word_1_41' title='bbox 1440 326 1638 371; x_wconf 85' lang='lat' dir='ltr'>ascriptum</span> <span class='ocrx_word' id='word_1_42' title='bbox 1673 329 1738 369; x_wconf 87' lang='lat' dir='ltr'>est,</span> <span class='ocrx_word' id='word_1_43' title='bbox 1776 329 1812 361; x_wconf 89' lang='lat' dir='ltr'>et</span> <span class='ocrx_word' id='word_1_44' title='bbox 1837 328 1931 372; x_wconf 88' lang='lat' dir='ltr'>quod</span> 
     </span>
     <span class='ocr_line' id='line_1_5' title="bbox 166 377 1931 424; baseline 0.001 -11"><span class='ocrx_word' id='word_1_45' title='bbox 166 379 340 419; x_wconf 86' lang='lat' dir='ltr'>Canisius,</span> <span class='ocrx_word' id='word_1_46' title='bbox 377 389 457 411; x_wconf 90' lang='lat' dir='ltr'>cum</span> <span class='ocrx_word' id='word_1_47' title='bbox 483 389 561 411; x_wconf 87' lang='lat' dir='ltr'>eam</span> <span class='ocrx_word' id='word_1_48' title='bbox 597 377 781 417; x_wconf 75' lang='lat' dir='ltr'>scriberet,</span> <span class='ocrx_word' id='word_1_49' title='bbox 819 377 990 411; x_wconf 83' lang='lat' dir='ltr'>librorum</span> <span class='ocrx_word' id='word_1_50' title='bbox 1026 377 1229 420; x_wconf 80' lang='lat' dir='ltr'>catalogum</span> <span class='ocrx_word' id='word_1_51' title='bbox 1266 379 1310 412; x_wconf 87' lang='lat' dir='ltr'>ab</span> <span class='ocrx_word' id='word_1_52' title='bbox 1336 378 1455 422; x_wconf 87' lang='lat' dir='ltr'>aliquo</span> <span class='ocrx_word' id='word_1_53' title='bbox 1490 379 1675 422; x_wconf 84' lang='lat' dir='ltr'>regiminis</span> <span class='ocrx_word' id='word_1_54' title='bbox 1702 380 1931 424; x_wconf 87' lang='lat' dir='ltr'>oenipontani</span> 
     </span>
     <span class='ocr_line' id='line_1_6' title="bbox 165 430 1929 476; baseline 0.002 -11"><span class='ocrx_word' id='word_1_55' title='bbox 165 432 306 465; x_wconf 89' lang='lat' dir='ltr'>homine</span> <span class='ocrx_word' id='word_1_56' title='bbox 344 430 517 475; x_wconf 87' lang='lat' dir='ltr'>scriptum</span> <span class='ocrx_word' id='word_1_57' title='bbox 555 430 591 464; x_wconf 91' lang='lat' dir='ltr'>in</span> <span class='ocrx_word' id='word_1_58' title='bbox 628 430 794 465; x_wconf 85' lang='lat' dir='ltr'>manibus</span> <span class='ocrx_word' id='word_1_59' title='bbox 831 430 987 464; x_wconf 83' lang='lat' dir='ltr'>habebat</span> <span class='ocrx_word' id='word_1_60' title='bbox 1022 431 1125 475; x_wconf 87' lang='lat' dir='ltr'>eique</span> <span class='ocrx_word' id='word_1_61' title='bbox 1160 432 1343 476; x_wconf 87' lang='lat' dir='ltr'>complura</span> <span class='ocrx_word' id='word_1_62' title='bbox 1381 432 1554 466; x_wconf 87' lang='lat' dir='ltr'>librorum</span> <span class='ocrx_word' id='word_1_63' title='bbox 1579 433 1723 467; x_wconf 85' lang='lat' dir='ltr'>nomina</span> <span class='ocrx_word' id='word_1_64' title='bbox 1758 434 1929 474; x_wconf 82' lang='lat' dir='ltr'>addebat-;</span> 
     </span>
     <span class='ocr_line' id='line_1_7' title="bbox 165 483 1930 531; baseline 0.002 -13"><span class='ocrx_word' id='word_1_65' title='bbox 165 484 400 529; x_wconf 86' lang='lat' dir='ltr'>Oenipontem</span> <span class='ocrx_word' id='word_1_66' title='bbox 435 486 555 517; x_wconf 87' lang='lat' dir='ltr'>autem</span> <span class='ocrx_word' id='word_1_67' title='bbox 592 483 757 518; x_wconf 86' lang='lat' dir='ltr'>Canisius</span> <span class='ocrx_word' id='word_1_68' title='bbox 792 484 1067 527; x_wconf 82' lang='lat' dir='ltr'>transmigravit</span> <span class='ocrx_word' id='word_1_69' title='bbox 1102 496 1147 518; x_wconf 93' lang='lat' dir='ltr'>m.</span> <span class='ocrx_word' id='word_1_70' title='bbox 1177 485 1275 519; x_wconf 88' lang='lat' dir='ltr'>Iunio</span> <span class='ocrx_word' id='word_1_71' title='bbox 1314 486 1414 520; x_wconf 88' lang='lat'>1571.</span> <span class='ocrx_word' id='word_1_72' title='bbox 1466 485 1564 519; x_wconf 88' lang='lat' dir='ltr'>Haec</span> <span class='ocrx_word' id='word_1_73' title='bbox 1599 497 1739 530; x_wconf 88' lang='lat' dir='ltr'>quoque</span> <span class='ocrx_word' id='word_1_74' title='bbox 1772 499 1816 521; x_wconf 82' lang='lat' dir='ltr'>ex</span> <span class='ocrx_word' id='word_1_75' title='bbox 1851 487 1930 531; x_wconf 82' lang='lat' dir='ltr'>ipsa</span> 
     </span>
     <span class='ocr_line' id='line_1_8' title="bbox 165 536 1929 583; baseline 0.002 -13"><span class='ocrx_word' id='word_1_76' title='bbox 165 536 424 571; x_wconf 86' lang='lat' dir='ltr'>consultatione</span> <span class='ocrx_word' id='word_1_77' title='bbox 450 537 729 580; x_wconf 84' lang='lat' dir='ltr'>intelleguntur:</span> <span class='ocrx_word' id='word_1_78' title='bbox 759 536 924 571; x_wconf 85' lang='lat' dir='ltr'>Canisius</span> <span class='ocrx_word' id='word_1_79' title='bbox 943 549 1021 571; x_wconf 87' lang='lat' dir='ltr'>eam</span> <span class='ocrx_word' id='word_1_80' title='bbox 1047 549 1115 571; x_wconf 88' lang='lat' dir='ltr'>non</span> <span class='ocrx_word' id='word_1_81' title='bbox 1135 538 1344 582; x_wconf 84' lang='lat' dir='ltr'>composuit,</span> <span class='ocrx_word' id='word_1_82' title='bbox 1372 550 1453 572; x_wconf 90' lang='lat' dir='ltr'>cum</span> <span class='ocrx_word' id='word_1_83' title='bbox 1472 539 1625 583; x_wconf 86' lang='lat' dir='ltr'>primum</span> <span class='ocrx_word' id='word_1_84' title='bbox 1650 539 1732 573; x_wconf 83' lang='lat' dir='ltr'>libri</span> <span class='ocrx_word' id='word_1_85' title='bbox 1758 539 1929 574; x_wconf 80' lang='lat' dir='ltr'>haeretici</span> 
     </span>
     <span class='ocr_line' id='line_1_9' title="bbox 164 590 1930 636; baseline 0.002 -12"><span class='ocrx_word' id='word_1_86' title='bbox 164 590 275 625; x_wconf 87' lang='lat' dir='ltr'>ablati</span> <span class='ocrx_word' id='word_1_87' title='bbox 300 593 402 627; x_wconf 86' lang='lat' dir='ltr'>sunt:</span> <span class='ocrx_word' id='word_1_88' title='bbox 430 591 493 624; x_wconf 86' lang='lat' dir='ltr'>sed</span> <span class='ocrx_word' id='word_1_89' title='bbox 512 590 618 635; x_wconf 86' lang='lat' dir='ltr'>paulo</span> <span class='ocrx_word' id='word_1_90' title='bbox 645 592 727 635; x_wconf 86' lang='lat' dir='ltr'>post</span> <span class='ocrx_word' id='word_1_91' title='bbox 753 590 908 635; x_wconf 80' lang='lat' dir='ltr'>scripsit,</span> <span class='ocrx_word' id='word_1_92' title='bbox 936 591 1042 634; x_wconf 89' lang='lat' dir='ltr'>idque</span> <span class='ocrx_word' id='word_1_93' title='bbox 1061 594 1254 635; x_wconf 82' lang='lat' dir='ltr'>antequam</span> <span class='ocrx_word' id='word_1_94' title='bbox 1274 591 1472 636; x_wconf 86' lang='lat' dir='ltr'>Oeniponte</span> <span class='ocrx_word' id='word_1_95' title='bbox 1491 595 1634 636; x_wconf 89' lang='lat' dir='ltr'>praesto</span> <span class='ocrx_word' id='word_1_96' title='bbox 1662 595 1758 627; x_wconf 88' lang='lat' dir='ltr'>esset</span> <span class='ocrx_word' id='word_1_97' title='bbox 1788 593 1930 636; x_wconf 86' lang='lat' dir='ltr'>„biblio-</span> 
     </span>
     <span class='ocr_line' id='line_1_10' title="bbox 163 643 1931 688; baseline 0.001 -11"><span class='ocrx_word' id='word_1_98' title='bbox 163 643 255 688; x_wconf 82' lang='lat' dir='ltr'>pola,</span> <span class='ocrx_word' id='word_1_99' title='bbox 283 643 343 687; x_wconf 91' lang='lat' dir='ltr'>qui</span> <span class='ocrx_word' id='word_1_100' title='bbox 369 643 492 677; x_wconf 88' lang='lat' dir='ltr'>sedulo</span> <span class='ocrx_word' id='word_1_101' title='bbox 520 646 662 677; x_wconf 78' lang='lat' dir='ltr'>curaret</span> <span class='ocrx_word' id='word_1_102' title='bbox 680 643 875 677; x_wconf 85' lang='lat' dir='ltr'>catholicos</span> <span class='ocrx_word' id='word_1_103' title='bbox 901 643 1010 678; x_wconf 89' lang='lat' dir='ltr'>libros</span> <span class='ocrx_word' id='word_1_104' title='bbox 1036 644 1176 678; x_wconf 79' lang='lat' dir='ltr'>invehi“</span> <span class='ocrx_word' id='word_1_105' title='bbox 1200 645 1235 677; x_wconf 90' lang='lat' dir='ltr'>in</span> <span class='ocrx_word' id='word_1_106' title='bbox 1253 644 1411 679; x_wconf 86' lang='lat' dir='ltr'>Tirolim.</span> <span class='ocrx_word' id='word_1_107' title='bbox 1447 643 1560 685; x_wconf 81' lang='lat' dir='ltr'>Quam</span> <span class='ocrx_word' id='word_1_108' title='bbox 1587 657 1708 679; x_wconf 85' lang='lat' dir='ltr'>curam</span> <span class='ocrx_word' id='word_1_109' title='bbox 1736 645 1931 680; x_wconf 88' lang='lat' dir='ltr'>consiliarii</span> 
     </span>
     <span class='ocr_line' id='line_1_11' title="bbox 165 695 1930 741; baseline 0.001 -11"><span class='ocrx_word' id='word_1_110' title='bbox 165 707 196 730; x_wconf 87' lang='lat' dir='ltr'>a.</span> <span class='ocrx_word' id='word_1_111' title='bbox 217 697 307 731; x_wconf 81' lang='lat'>1572</span> <span class='ocrx_word' id='word_1_112' title='bbox 335 696 439 731; x_wconf 84' lang='lat' dir='ltr'>Gallo</span> <span class='ocrx_word' id='word_1_113' title='bbox 473 695 704 739; x_wconf 83' lang='lat' dir='ltr'>Dingenauer</span> <span class='ocrx_word' id='word_1_114' title='bbox 739 697 993 730; x_wconf 86' lang='lat' dir='ltr'>commiserunt</span> <span class='ocrx_word' id='word_1_115' title='bbox 1032 697 1147 740; x_wconf 72' lang='lat' dir='ltr'>(Hirn</span> <span class='ocrx_word' id='word_1_116' title='bbox 1173 697 1195 731; x_wconf 91' lang='grc'>1.</span> <span class='ocrx_word' id='word_1_117' title='bbox 1223 709 1252 731; x_wconf 87' lang='lat' dir='ltr'>c.</span> <span class='ocrx_word' id='word_1_118' title='bbox 1280 697 1294 731; x_wconf 87' lang='grc' dir='ltr'><strong>Ι</strong></span> <span class='ocrx_word' id='word_1_119' title='bbox 1327 697 1544 741; x_wconf 85' lang='lat'>400—401).</span> <span class='ocrx_word' id='word_1_120' title='bbox 1596 698 1714 740; x_wconf 81' lang='lat' dir='ltr'>Quare</span> <span class='ocrx_word' id='word_1_121' title='bbox 1748 698 1930 733; x_wconf 87' lang='lat' dir='ltr'>Canisium</span> 
     </span>
     <span class='ocr_line' id='line_1_12' title="bbox 164 749 933 795; baseline 0 -12"><span class='ocrx_word' id='word_1_122' title='bbox 164 750 260 784; x_wconf 86' lang='lat' dir='ltr'>circa</span> <span class='ocrx_word' id='word_1_123' title='bbox 286 749 423 784; x_wconf 85' lang='lat' dir='ltr'>exitum</span> <span class='ocrx_word' id='word_1_124' title='bbox 450 761 480 783; x_wconf 84' lang='lat' dir='ltr'>a.</span> <span class='ocrx_word' id='word_1_125' title='bbox 505 750 590 784; x_wconf 84' lang='lat'>1571</span> <span class='ocrx_word' id='word_1_126' title='bbox 620 749 809 795; x_wconf 85' lang='lat' dir='ltr'>scripsisse</span> <span class='ocrx_word' id='word_1_127' title='bbox 836 752 933 795; x_wconf 88' lang='lat' dir='ltr'>puto.</span> 
     </span>
    </p>
   </div>
   <div class='ocr_carea' id='block_1_3' title="bbox 164 810 1931 1092">
    <p class='ocr_par' dir='ltr' id='par_1_3' title="bbox 164 810 1931 1013">
     <span class='ocr_line' id='line_1_13' title="bbox 284 810 1931 853; baseline 0.001 -10"><span class='ocrx_word' id='word_1_128' title='bbox 284 811 412 843; x_wconf 74' lang='lat' dir='ltr'>Merito</span> <span class='ocrx_word' id='word_1_129' title='bbox 439 810 547 843; x_wconf 73' lang='lat' dir='ltr'>libros</span> <span class='ocrx_word' id='word_1_130' title='bbox 566 821 701 853; x_wconf 72' lang='lat' dir='ltr'>prat-03</span> <span class='ocrx_word' id='word_1_131' title='bbox 723 821 788 853; x_wconf 77' lang='lat' dir='ltr'>per</span> <span class='ocrx_word' id='word_1_132' title='bbox 813 811 1045 853; x_wconf 74' lang='lat' dir='ltr'>mayz&#39;stratus</span> <span class='ocrx_word' id='word_1_133' title='bbox 1070 821 1086 843; x_wconf 76' lang='lat' dir='ltr'>e</span> <span class='ocrx_word' id='word_1_134' title='bbox 1112 810 1224 843; x_wconf 81' lang='lat' dir='ltr'>medio</span> <span class='ocrx_word' id='word_1_135' title='bbox 1249 811 1335 844; x_wconf 66' lang='lat' dir='ltr'>tolli.</span> <span class='ocrx_word' id='word_1_136' title='bbox 1388 810 1459 843; x_wconf 73' lang='lat' dir='ltr'>Pro</span> <span class='ocrx_word' id='word_1_137' title='bbox 1484 810 1540 843; x_wconf 70' lang='lat' dir='ltr'>his</span> <span class='ocrx_word' id='word_1_138' title='bbox 1574 816 1689 844; x_wconf 75' lang='lat' dir='ltr'>autem</span> <span class='ocrx_word' id='word_1_139' title='bbox 1715 811 1822 844; x_wconf 78' lang='lat' dir='ltr'>bonos</span> <span class='ocrx_word' id='word_1_140' title='bbox 1846 812 1931 844; x_wconf 75' lang='lat' dir='ltr'>dari</span> 
     </span>
     <span class='ocr_line' id='line_1_14' title="bbox 164 863 1930 907; baseline 0 -11"><span class='ocrx_word' id='word_1_141' title='bbox 164 863 301 905; x_wconf 81' lang='lat' dir='ltr'>debere,</span> <span class='ocrx_word' id='word_1_142' title='bbox 337 873 458 906; x_wconf 78' lang='lat' dir='ltr'>eosque</span> <span class='ocrx_word' id='word_1_143' title='bbox 486 873 558 906; x_wconf 77' lang='lat' dir='ltr'>pro</span> <span class='ocrx_word' id='word_1_144' title='bbox 594 867 675 896; x_wconf 73' lang='lat' dir='ltr'>rata</span> <span class='ocrx_word' id='word_1_145' title='bbox 708 868 821 906; x_wconf 76' lang='lat' dir='ltr'>parte.</span> <span class='ocrx_word' id='word_1_146' title='bbox 873 864 955 896; x_wconf 79' lang='lat' dir='ltr'>Ideo</span> <span class='ocrx_word' id='word_1_147' title='bbox 982 874 1087 906; x_wconf 78' lang='lat' dir='ltr'>quam</span> <span class='ocrx_word' id='word_1_148' title='bbox 1117 865 1274 905; x_wconf 72' lang='lat' dir='ltr'>primum</span> <span class='ocrx_word' id='word_1_149' title='bbox 1301 864 1492 897; x_wconf 72' lang='grc' dir='ltr'><em>Μοηαυῖιῖο</em></span> <span class='ocrx_word' id='word_1_150' title='bbox 1518 868 1548 896; x_wconf 75' lang='lat' dir='ltr'>et</span> <span class='ocrx_word' id='word_1_151' title='bbox 1574 865 1723 906; x_wconf 68' lang='lat' dir='ltr'>Dilinqa</span> <span class='ocrx_word' id='word_1_152' title='bbox 1751 865 1930 907; x_wconf 71' lang='lat' dir='ltr'>plurimos</span> 
     </span>
     <span class='ocr_line' id='line_1_15' title="bbox 165 916 1929 959; baseline 0.001 -10"><span class='ocrx_word' id='word_1_153' title='bbox 165 927 234 950; x_wconf 81' lang='lat' dir='ltr'>esse</span> <span class='ocrx_word' id='word_1_154' title='bbox 259 917 468 959; x_wconf 79' lang='lat' dir='ltr'>afferendos.</span> <span class='ocrx_word' id='word_1_155' title='bbox 521 916 781 949; x_wconf 68' lang='lat' dir='ltr'>Providentiam</span> <span class='ocrx_word' id='word_1_156' title='bbox 808 927 944 959; x_wconf 76' lang='lat' dir='ltr'>quoque</span> <span class='ocrx_word' id='word_1_157' title='bbox 969 927 1039 949; x_wconf 69' lang='lat' dir='ltr'>esse</span> <span class='ocrx_word' id='word_1_158' title='bbox 1073 916 1308 959; x_wconf 70' lang='lat' dir='ltr'>bibliopolam.</span> <span class='ocrx_word' id='word_1_159' title='bbox 1361 918 1565 951; x_wconf 55' lang='lat' dir='ltr'>India-ulum</span> <span class='ocrx_word' id='word_1_160' title='bbox 1600 918 1776 951; x_wconf 74' lang='lat' dir='ltr'>librorum</span> <span class='ocrx_word' id='word_1_161' title='bbox 1810 918 1929 951; x_wconf 75' lang='lat' dir='ltr'>distri-</span> 
     </span>
     <span class='ocr_line' id='line_1_16' title="bbox 165 970 584 1013; baseline 0 -10"><span class='ocrx_word' id='word_1_162' title='bbox 165 970 382 1004; x_wconf 75' lang='lat' dir='ltr'>buendorum</span> <span class='ocrx_word' id='word_1_163' title='bbox 409 970 584 1013; x_wconf 71' lang='lat' dir='ltr'>adiunyit.</span> 
     </span>
    </p>

    <p class='ocr_par' dir='ltr' id='par_1_4' title="bbox 449 1034 1929 1092">
     <span class='ocr_line' id='line_1_17' title="bbox 449 1034 1929 1092; baseline 0.002 -17"><span class='ocrx_word' id='word_1_164' title='bbox 449 1034 718 1076; x_wconf 87' lang='lat' dir='ltr'>Consultatio</span> <span class='ocrx_word' id='word_1_165' title='bbox 759 1034 802 1076; x_wconf 91' lang='lat' dir='ltr'>in</span> <span class='ocrx_word' id='word_1_166' title='bbox 845 1048 978 1076; x_wconf 82' lang='lat' dir='ltr'>causa</span> <span class='ocrx_word' id='word_1_167' title='bbox 1022 1035 1251 1084; x_wconf 85' lang='lat' dir='ltr'>librorum,</span> <span class='ocrx_word' id='word_1_168' title='bbox 1298 1035 1370 1088; x_wconf 83' lang='lat' dir='ltr'>qui</span> <span class='ocrx_word' id='word_1_169' title='bbox 1414 1036 1681 1079; x_wconf 82' lang='lat' dir='ltr'>authoritate</span> <span class='ocrx_word' id='word_1_170' title='bbox 1724 1036 1929 1092; x_wconf 88' lang='lat' dir='ltr'>principis</span> 
     </span>
    </p>
   </div>
   <div class='ocr_carea' id='block_1_4' title="bbox 379 1099 1300 1153">
    <p class='ocr_par' dir='ltr' id='par_1_5' title="bbox 379 1099 1300 1153">
     <span class='ocr_line' id='line_1_18' title="bbox 379 1099 1300 1153; baseline 0.004 -14"><span class='ocrx_word' id='word_1_171' title='bbox 379 1099 689 1153; x_wconf 88' lang='lat' dir='ltr'>Tyrolensibus</span> <span class='ocrx_word' id='word_1_172' title='bbox 722 1100 978 1152; x_wconf 88' lang='lat' dir='ltr'>quibusdam</span> <span class='ocrx_word' id='word_1_173' title='bbox 1012 1100 1148 1142; x_wconf 86' lang='lat' dir='ltr'>ablati</span> <span class='ocrx_word' id='word_1_174' title='bbox 1186 1103 1300 1144; x_wconf 88' lang='lat' dir='ltr'>sunt.</span> 
     </span>
    </p>
   </div>
   <div class='ocr_carea' id='block_1_5' title="bbox 164 1170 1931 2723">
    <p class='ocr_par' dir='ltr' id='par_1_6' title="bbox 164 1170 1929 1420">
     <span class='ocr_line' id='line_1_19' title="bbox 285 1170 1927 1226; baseline 0.001 -14"><span class='ocrx_word' id='word_1_175' title='bbox 285 1171 406 1213; x_wconf 86' lang='lat' dir='ltr'>Iusta</span> <span class='ocrx_word' id='word_1_176' title='bbox 437 1170 716 1224; x_wconf 85' lang='lat' dir='ltr'>proculdubio</span> <span class='ocrx_word' id='word_1_177' title='bbox 751 1185 882 1213; x_wconf 87' lang='lat' dir='ltr'>causa</span> <span class='ocrx_word' id='word_1_178' title='bbox 905 1174 972 1213; x_wconf 92' lang='lat' dir='ltr'>est</span> <span class='ocrx_word' id='word_1_179' title='bbox 1004 1171 1136 1212; x_wconf 88' lang='lat' dir='ltr'>libros</span> <span class='ocrx_word' id='word_1_180' title='bbox 1169 1172 1424 1222; x_wconf 86' lang='lat' dir='ltr'>haereticos,</span> <span class='ocrx_word' id='word_1_181' title='bbox 1458 1172 1664 1226; x_wconf 83' lang='lat' dir='ltr'>impuros,</span> <span class='ocrx_word' id='word_1_182' title='bbox 1697 1172 1927 1214; x_wconf 88' lang='lat' dir='ltr'>seditiosos</span> 
     </span>
     <span class='ocr_line' id='line_1_20' title="bbox 166 1236 1929 1290; baseline 0.001 -13"><span class='ocrx_word' id='word_1_183' title='bbox 166 1239 209 1278; x_wconf 91' lang='lat' dir='ltr'>et</span> <span class='ocrx_word' id='word_1_184' title='bbox 251 1236 306 1277; x_wconf 88' lang='lat' dir='ltr'>ad</span> <span class='ocrx_word' id='word_1_185' title='bbox 348 1236 586 1289; x_wconf 83' lang='lat' dir='ltr'>legentium</span> <span class='ocrx_word' id='word_1_186' title='bbox 628 1236 931 1287; x_wconf 88' lang='lat' dir='ltr'>offensionem,</span> <span class='ocrx_word' id='word_1_187' title='bbox 977 1236 1234 1289; x_wconf 83' lang='lat' dir='ltr'>praesertim</span> <span class='ocrx_word' id='word_1_188' title='bbox 1276 1237 1319 1278; x_wconf 91' lang='lat' dir='ltr'>in</span> <span class='ocrx_word' id='word_1_189' title='bbox 1361 1240 1667 1279; x_wconf 83' lang='lat' dir='ltr'>sacrosanctae</span> <span class='ocrx_word' id='word_1_190' title='bbox 1708 1237 1929 1290; x_wconf 83' lang='lat' dir='ltr'>religionis</span> 
     </span>
     <span class='ocr_line' id='line_1_21' title="bbox 164 1300 1929 1356; baseline 0.001 -14"><span class='ocrx_word' id='word_1_191' title='bbox 164 1300 354 1355; x_wconf 85' lang='lat' dir='ltr'>negotio,</span> <span class='ocrx_word' id='word_1_192' title='bbox 396 1301 663 1354; x_wconf 87' lang='lat' dir='ltr'>pertinentes</span> <span class='ocrx_word' id='word_1_193' title='bbox 696 1315 719 1342; x_wconf 92' lang='lat' dir='ltr'>e</span> <span class='ocrx_word' id='word_1_194' title='bbox 752 1301 890 1343; x_wconf 91' lang='lat' dir='ltr'>medio</span> <span class='ocrx_word' id='word_1_195' title='bbox 923 1301 1103 1356; x_wconf 85' lang='lat' dir='ltr'>tollendj</span> <span class='ocrx_word' id='word_1_196' title='bbox 1138 1305 1268 1355; x_wconf 89' lang='lat' dir='ltr'>atque</span> <span class='ocrx_word' id='word_1_197' title='bbox 1301 1302 1619 1356; x_wconf 86' lang='lat' dir='ltr'>suppremendi.</span> <span class='ocrx_word' id='word_1_198' title='bbox 1683 1302 1775 1352; x_wconf 84' lang='lat' dir='ltr'>Qua</span> <span class='ocrx_word' id='word_1_199' title='bbox 1806 1303 1851 1344; x_wconf 90' lang='lat' dir='ltr'>in</span> <span class='ocrx_word' id='word_1_200' title='bbox 1883 1316 1929 1344; x_wconf 90' lang='lat' dir='ltr'>re</span> 
     </span>
     <span class='ocr_line' id='line_1_22' title="bbox 166 1365 1927 1420; baseline 0.001 -13"><span class='ocrx_word' id='word_1_201' title='bbox 166 1365 354 1408; x_wconf 87' lang='lat' dir='ltr'>officium</span> <span class='ocrx_word' id='word_1_202' title='bbox 372 1380 509 1416; x_wconf 90' lang='lat' dir='ltr'>suum,</span> <span class='ocrx_word' id='word_1_203' title='bbox 534 1367 638 1416; x_wconf 90' lang='lat' dir='ltr'>Deo,</span> <span class='ocrx_word' id='word_1_204' title='bbox 664 1366 887 1408; x_wconf 86' lang='lat' dir='ltr'>Ecclesiae</span> <span class='ocrx_word' id='word_1_205' title='bbox 904 1367 1175 1420; x_wconf 86' lang='lat' dir='ltr'>subditisque</span> <span class='ocrx_word' id='word_1_206' title='bbox 1198 1366 1388 1409; x_wconf 90' lang='lat' dir='ltr'>debitum</span> <span class='ocrx_word' id='word_1_207' title='bbox 1413 1370 1612 1420; x_wconf 86' lang='lat' dir='ltr'>praestat</span> <span class='ocrx_word' id='word_1_208' title='bbox 1629 1367 1927 1420; x_wconf 75' lang='lat' dir='ltr'>Magistratus</span> 
     </span>
    </p>

    <p class='ocr_par' dir='ltr' id='par_1_7' title="bbox 166 1431 1931 1747">
     <span class='ocr_line' id='line_1_23' title="bbox 286 1431 1930 1484; baseline 0.001 -12"><span class='ocrx_word' id='word_1_209' title='bbox 286 1431 470 1473; x_wconf 89' lang='lat' dir='ltr'>Videtur</span> <span class='ocrx_word' id='word_1_210' title='bbox 515 1431 727 1484; x_wconf 86' lang='lat' dir='ltr'>aequitati</span> <span class='ocrx_word' id='word_1_211' title='bbox 769 1435 1130 1481; x_wconf 87' lang='lat' dir='ltr'>consentaneum,</span> <span class='ocrx_word' id='word_1_212' title='bbox 1177 1435 1224 1474; x_wconf 91' lang='lat' dir='ltr'>ut</span> <span class='ocrx_word' id='word_1_213' title='bbox 1269 1432 1368 1474; x_wconf 88' lang='lat' dir='ltr'>boni</span> <span class='ocrx_word' id='word_1_214' title='bbox 1412 1432 1511 1474; x_wconf 89' lang='lat' dir='ltr'>libri</span> <span class='ocrx_word' id='word_1_215' title='bbox 1552 1433 1642 1474; x_wconf 90' lang='lat' dir='ltr'>suis</span> <span class='ocrx_word' id='word_1_216' title='bbox 1684 1432 1865 1474; x_wconf 88' lang='lat' dir='ltr'>dominis</span> <span class='ocrx_word' id='word_1_217' title='bbox 1907 1446 1930 1474; x_wconf 93' lang='lat' dir='ltr'>e</span> 
     </span>
     <span class='ocr_line' id='line_1_24' title="bbox 166 1496 1927 1551; baseline 0.001 -13"><span class='ocrx_word' id='word_1_218' title='bbox 166 1496 352 1549; x_wconf 82' lang='lat' dir='ltr'>uestigio</span> <span class='ocrx_word' id='word_1_219' title='bbox 386 1496 693 1539; x_wconf 85' lang='lat' dir='ltr'>restituantur:</span> <span class='ocrx_word' id='word_1_220' title='bbox 737 1497 837 1538; x_wconf 88' lang='lat' dir='ltr'>boni</span> <span class='ocrx_word' id='word_1_221' title='bbox 878 1497 1066 1550; x_wconf 87' lang='lat' dir='ltr'>inquam,</span> <span class='ocrx_word' id='word_1_222' title='bbox 1111 1498 1260 1550; x_wconf 89' lang='lat' dir='ltr'>quales</span> <span class='ocrx_word' id='word_1_223' title='bbox 1292 1497 1335 1538; x_wconf 93' lang='lat' dir='ltr'>in</span> <span class='ocrx_word' id='word_1_224' title='bbox 1369 1498 1570 1551; x_wconf 83' lang='lat' dir='ltr'>catalogo</span> <span class='ocrx_word' id='word_1_225' title='bbox 1603 1497 1811 1539; x_wconf 89' lang='lat' dir='ltr'>librorum</span> <span class='ocrx_word' id='word_1_226' title='bbox 1845 1511 1927 1539; x_wconf 88' lang='lat' dir='ltr'>non</span> 
     </span>
     <span class='ocr_line' id='line_1_25' title="bbox 168 1561 1931 1616; baseline 0.001 -13"><span class='ocrx_word' id='word_1_227' title='bbox 168 1562 296 1616; x_wconf 89' lang='lat' dir='ltr'>pauci</span> <span class='ocrx_word' id='word_1_228' title='bbox 329 1561 648 1615; x_wconf 80' lang='lat' dir='ltr'>reperiuntur2.</span> <span class='ocrx_word' id='word_1_229' title='bbox 703 1563 939 1604; x_wconf 84' lang='lat' dir='ltr'>Praeterea</span> <span class='ocrx_word' id='word_1_230' title='bbox 972 1565 1020 1605; x_wconf 90' lang='lat' dir='ltr'>ut</span> <span class='ocrx_word' id='word_1_231' title='bbox 1052 1563 1322 1615; x_wconf 87' lang='lat' dir='ltr'>quorundam</span> <span class='ocrx_word' id='word_1_232' title='bbox 1355 1566 1526 1605; x_wconf 90' lang='lat' dir='ltr'>cessent</span> <span class='ocrx_word' id='word_1_233' title='bbox 1559 1562 1852 1616; x_wconf 87' lang='lat' dir='ltr'>querimoniae</span> <span class='ocrx_word' id='word_1_234' title='bbox 1885 1564 1931 1604; x_wconf 90' lang='lat' dir='ltr'>et</span> 
     </span>
     <span class='ocr_line' id='line_1_26' title="bbox 169 1626 1929 1681; baseline 0 -13"><span class='ocrx_word' id='word_1_235' title='bbox 169 1626 441 1677; x_wconf 86' lang='lat' dir='ltr'>offendicula,</span> <span class='ocrx_word' id='word_1_236' title='bbox 484 1641 570 1668; x_wconf 89' lang='lat' dir='ltr'>non</span> <span class='ocrx_word' id='word_1_237' title='bbox 612 1627 773 1670; x_wconf 90' lang='lat' dir='ltr'>diutius</span> <span class='ocrx_word' id='word_1_238' title='bbox 815 1627 1051 1669; x_wconf 84' lang='lat' dir='ltr'>differenda</span> <span class='ocrx_word' id='word_1_239' title='bbox 1093 1627 1264 1669; x_wconf 88' lang='lat' dir='ltr'>uidetur</span> <span class='ocrx_word' id='word_1_240' title='bbox 1297 1628 1529 1679; x_wconf 85' lang='lat' dir='ltr'>restitutio,</span> <span class='ocrx_word' id='word_1_241' title='bbox 1572 1628 1608 1669; x_wconf 91' lang='lat' dir='ltr'>si</span> <span class='ocrx_word' id='word_1_242' title='bbox 1641 1642 1726 1681; x_wconf 86' lang='lat' dir='ltr'>qua</span> <span class='ocrx_word' id='word_1_243' title='bbox 1758 1627 1929 1669; x_wconf 88' lang='lat' dir='ltr'>omnino</span> 
     </span>
     <span class='ocr_line' id='line_1_27' title="bbox 167 1692 1314 1747; baseline 0.002 -14"><span class='ocrx_word' id='word_1_244' title='bbox 167 1692 316 1734; x_wconf 88' lang='lat' dir='ltr'>futura</span> <span class='ocrx_word' id='word_1_245' title='bbox 349 1695 428 1742; x_wconf 89' lang='lat' dir='ltr'>est,</span> <span class='ocrx_word' id='word_1_246' title='bbox 463 1694 511 1734; x_wconf 89' lang='lat' dir='ltr'>ut</span> <span class='ocrx_word' id='word_1_247' title='bbox 543 1693 690 1734; x_wconf 88' lang='lat' dir='ltr'>multis</span> <span class='ocrx_word' id='word_1_248' title='bbox 723 1696 790 1735; x_wconf 89' lang='lat' dir='ltr'>est</span> <span class='ocrx_word' id='word_1_249' title='bbox 821 1693 1010 1735; x_wconf 88' lang='lat' dir='ltr'>fortasse</span> <span class='ocrx_word' id='word_1_250' title='bbox 1042 1693 1314 1747; x_wconf 87' lang='lat' dir='ltr'>promissum.</span> 
     </span>
    </p>

    <p class='ocr_par' dir='ltr' id='par_1_8' title="bbox 166 1757 1930 2137">
     <span class='ocr_line' id='line_1_28' title="bbox 285 1757 1929 1812; baseline 0 -13"><span class='ocrx_word' id='word_1_251' title='bbox 285 1757 383 1799; x_wconf 81' lang='lat' dir='ltr'>Jam</span> <span class='ocrx_word' id='word_1_252' title='bbox 417 1758 460 1799; x_wconf 89' lang='lat' dir='ltr'>in</span> <span class='ocrx_word' id='word_1_253' title='bbox 482 1758 752 1800; x_wconf 90' lang='lat' dir='ltr'>restituendo</span> <span class='ocrx_word' id='word_1_254' title='bbox 777 1758 1019 1801; x_wconf 86' lang='lat' dir='ltr'>consultum</span> <span class='ocrx_word' id='word_1_255' title='bbox 1043 1758 1180 1800; x_wconf 87' lang='lat' dir='ltr'>uideri</span> <span class='ocrx_word' id='word_1_256' title='bbox 1213 1761 1370 1812; x_wconf 85' lang='lat' dir='ltr'>potest,</span> <span class='ocrx_word' id='word_1_257' title='bbox 1405 1761 1454 1800; x_wconf 87' lang='lat' dir='ltr'>vt</span> <span class='ocrx_word' id='word_1_258' title='bbox 1485 1758 1631 1812; x_wconf 90' lang='lat' dir='ltr'>plures</span> <span class='ocrx_word' id='word_1_259' title='bbox 1654 1760 1698 1800; x_wconf 89' lang='lat' dir='ltr'>et</span> <span class='ocrx_word' id='word_1_260' title='bbox 1729 1757 1929 1799; x_wconf 86' lang='lat' dir='ltr'>meliores</span> 
     </span>
     <span class='ocr_line' id='line_1_29' title="bbox 167 1822 1929 1877; baseline 0.001 -14"><span class='ocrx_word' id='word_1_261' title='bbox 167 1822 265 1864; x_wconf 89' lang='lat' dir='ltr'>libri</span> <span class='ocrx_word' id='word_1_262' title='bbox 302 1823 592 1865; x_wconf 85' lang='lat' dir='ltr'>restituantur</span> <span class='ocrx_word' id='word_1_263' title='bbox 625 1823 700 1873; x_wconf 81' lang='lat' dir='ltr'>eis,</span> <span class='ocrx_word' id='word_1_264' title='bbox 743 1823 897 1876; x_wconf 86' lang='lat' dir='ltr'>quibus</span> <span class='ocrx_word' id='word_1_265' title='bbox 929 1823 1076 1877; x_wconf 88' lang='lat' dir='ltr'>plures</span> <span class='ocrx_word' id='word_1_266' title='bbox 1109 1826 1283 1877; x_wconf 88' lang='lat' dir='ltr'>ereptos</span> <span class='ocrx_word' id='word_1_267' title='bbox 1316 1837 1410 1864; x_wconf 91' lang='lat' dir='ltr'>esse</span> <span class='ocrx_word' id='word_1_268' title='bbox 1444 1826 1630 1866; x_wconf 86' lang='lat' dir='ltr'>constat.</span> <span class='ocrx_word' id='word_1_269' title='bbox 1694 1823 1929 1865; x_wconf 86' lang='lat' dir='ltr'>Praeterea</span> 
     </span>
     <span class='ocr_line' id='line_1_30' title="bbox 167 1888 1928 1942; baseline 0.001 -13"><span class='ocrx_word' id='word_1_270' title='bbox 167 1891 216 1930; x_wconf 93' lang='lat' dir='ltr'>ut</span> <span class='ocrx_word' id='word_1_271' title='bbox 233 1888 445 1941; x_wconf 86' lang='lat' dir='ltr'>quaedam</span> <span class='ocrx_word' id='word_1_272' title='bbox 463 1891 664 1930; x_wconf 89' lang='lat' dir='ltr'>seruetur</span> <span class='ocrx_word' id='word_1_273' title='bbox 681 1889 916 1942; x_wconf 83' lang='lat' dir='ltr'>proportio,</span> <span class='ocrx_word' id='word_1_274' title='bbox 937 1889 1058 1930; x_wconf 90' lang='lat' dir='ltr'>uelut</span> <span class='ocrx_word' id='word_1_275' title='bbox 1075 1888 1295 1930; x_wconf 87' lang='lat' dir='ltr'>contraria</span> <span class='ocrx_word' id='word_1_276' title='bbox 1314 1888 1544 1941; x_wconf 85' lang='lat' dir='ltr'>contrarijs</span> <span class='ocrx_word' id='word_1_277' title='bbox 1559 1888 1749 1930; x_wconf 84' lang='lat' dir='ltr'>curanda</span> <span class='ocrx_word' id='word_1_278' title='bbox 1767 1891 1928 1930; x_wconf 88' lang='lat' dir='ltr'>essent.</span> 
     </span>
     <span class='ocr_line' id='line_1_31' title="bbox 166 1953 1928 2008; baseline 0 -14"><span class='ocrx_word' id='word_1_279' title='bbox 166 1953 369 2007; x_wconf 79' lang='lat' dir='ltr'>Exempli</span> <span class='ocrx_word' id='word_1_280' title='bbox 403 1953 495 1995; x_wconf 90' lang='lat' dir='ltr'>loco</span> <span class='ocrx_word' id='word_1_281' title='bbox 527 1953 597 1996; x_wconf 86' lang='lat' dir='ltr'>sit.</span> <span class='ocrx_word' id='word_1_282' title='bbox 647 1953 725 2003; x_wconf 80' lang='lat' dir='ltr'>Qui</span> <span class='ocrx_word' id='word_1_283' title='bbox 748 1954 886 1995; x_wconf 90' lang='lat' dir='ltr'>solum</span> <span class='ocrx_word' id='word_1_284' title='bbox 909 1953 1178 2008; x_wconf 88' lang='lat' dir='ltr'>precatorios</span> <span class='ocrx_word' id='word_1_285' title='bbox 1201 1957 1277 1996; x_wconf 90' lang='lat' dir='ltr'>aut</span> <span class='ocrx_word' id='word_1_286' title='bbox 1299 1953 1589 2006; x_wconf 83' lang='lat' dir='ltr'>Euangelicos</span> <span class='ocrx_word' id='word_1_287' title='bbox 1613 1953 1769 1995; x_wconf 88' lang='lat' dir='ltr'>dedere</span> <span class='ocrx_word' id='word_1_288' title='bbox 1796 1953 1928 1995; x_wconf 88' lang='lat' dir='ltr'>libros</span> 
     </span>
     <span class='ocr_line' id='line_1_32' title="bbox 168 2018 1930 2072; baseline 0.001 -13"><span class='ocrx_word' id='word_1_289' title='bbox 168 2018 222 2060; x_wconf 89' lang='lat' dir='ltr'>ab</span> <span class='ocrx_word' id='word_1_290' title='bbox 254 2018 485 2061; x_wconf 87' lang='lat' dir='ltr'>haereticis</span> <span class='ocrx_word' id='word_1_291' title='bbox 508 2018 662 2067; x_wconf 84' lang='lat' dir='ltr'>editos,</span> <span class='ocrx_word' id='word_1_292' title='bbox 696 2018 884 2060; x_wconf 88' lang='lat' dir='ltr'>uicissim</span> <span class='ocrx_word' id='word_1_293' title='bbox 908 2019 1098 2060; x_wconf 90' lang='lat' dir='ltr'>eiusdem</span> <span class='ocrx_word' id='word_1_294' title='bbox 1122 2018 1369 2072; x_wconf 83' lang='lat' dir='ltr'>argumenti</span> <span class='ocrx_word' id='word_1_295' title='bbox 1391 2018 1510 2059; x_wconf 88' lang='lat' dir='ltr'>libris</span> <span class='ocrx_word' id='word_1_296' title='bbox 1534 2019 1749 2061; x_wconf 88' lang='lat' dir='ltr'>donentur</span> <span class='ocrx_word' id='word_1_297' title='bbox 1771 2018 1930 2060; x_wconf 87' lang='lat' dir='ltr'>Catho-</span> 
     </span>
     <span class='ocr_line' id='line_1_33' title="bbox 167 2082 1928 2137; baseline 0.001 -13"><span class='ocrx_word' id='word_1_298' title='bbox 167 2082 273 2126; x_wconf 81' lang='lat' dir='ltr'>licis,</span> <span class='ocrx_word' id='word_1_299' title='bbox 315 2084 408 2133; x_wconf 82' lang='lat' dir='ltr'>Qua</span> <span class='ocrx_word' id='word_1_300' title='bbox 430 2083 473 2124; x_wconf 90' lang='lat' dir='ltr'>in</span> <span class='ocrx_word' id='word_1_301' title='bbox 496 2097 542 2125; x_wconf 91' lang='lat' dir='ltr'>re</span> <span class='ocrx_word' id='word_1_302' title='bbox 565 2097 672 2136; x_wconf 90' lang='lat' dir='ltr'>opus</span> <span class='ocrx_word' id='word_1_303' title='bbox 695 2084 779 2126; x_wconf 85' lang='lat' dir='ltr'>erit</span> <span class='ocrx_word' id='word_1_304' title='bbox 800 2084 1015 2126; x_wconf 87' lang='lat' dir='ltr'>industria</span> <span class='ocrx_word' id='word_1_305' title='bbox 1037 2087 1082 2126; x_wconf 92' lang='lat' dir='ltr'>et</span> <span class='ocrx_word' id='word_1_306' title='bbox 1105 2083 1334 2137; x_wconf 90' lang='lat' dir='ltr'>prudentia</span> <span class='ocrx_word' id='word_1_307' title='bbox 1358 2083 1438 2125; x_wconf 88' lang='lat' dir='ltr'>uiri</span> <span class='ocrx_word' id='word_1_308' title='bbox 1461 2084 1593 2125; x_wconf 87' lang='lat' dir='ltr'>libros</span> <span class='ocrx_word' id='word_1_309' title='bbox 1616 2083 1928 2126; x_wconf 88' lang='lat' dir='ltr'>distribuentis.</span> 
     </span>
    </p>

    <p class='ocr_par' dir='ltr' id='par_1_9' title="bbox 168 2147 1931 2723">
     <span class='ocr_line' id='line_1_34' title="bbox 287 2147 1929 2203; baseline 0 -14"><span class='ocrx_word' id='word_1_310' title='bbox 287 2148 331 2190; x_wconf 82' lang='lat' dir='ltr'>Si</span> <span class='ocrx_word' id='word_1_311' title='bbox 364 2147 545 2201; x_wconf 85' lang='lat' dir='ltr'>singulis</span> <span class='ocrx_word' id='word_1_312' title='bbox 578 2149 870 2202; x_wconf 91' lang='lat' dir='ltr'>reponendum</span> <span class='ocrx_word' id='word_1_313' title='bbox 894 2151 962 2190; x_wconf 91' lang='lat' dir='ltr'>est</span> <span class='ocrx_word' id='word_1_314' title='bbox 992 2148 1153 2201; x_wconf 91' lang='lat' dir='ltr'>aliquid</span> <span class='ocrx_word' id='word_1_315' title='bbox 1186 2163 1263 2203; x_wconf 89' lang='lat' dir='ltr'>pro</span> <span class='ocrx_word' id='word_1_316' title='bbox 1287 2148 1406 2190; x_wconf 91' lang='lat' dir='ltr'>libris</span> <span class='ocrx_word' id='word_1_317' title='bbox 1430 2148 1710 2201; x_wconf 81' lang='lat' dir='ltr'>Magistratui</span> <span class='ocrx_word' id='word_1_318' title='bbox 1742 2147 1929 2198; x_wconf 86' lang='lat' dir='ltr'>traditis,</span> 
     </span>
     <span class='ocr_line' id='line_1_35' title="bbox 168 2213 1931 2268; baseline 0.001 -13"><span class='ocrx_word' id='word_1_319' title='bbox 168 2213 220 2255; x_wconf 91' lang='lat' dir='ltr'>de</span> <span class='ocrx_word' id='word_1_320' title='bbox 252 2213 480 2268; x_wconf 86' lang='lat' dir='ltr'>prohibitis</span> <span class='ocrx_word' id='word_1_321' title='bbox 512 2214 676 2266; x_wconf 88' lang='lat' dir='ltr'>loquor,</span> <span class='ocrx_word' id='word_1_322' title='bbox 711 2228 871 2267; x_wconf 80' lang='lat' dir='ltr'>magna</span> <span class='ocrx_word' id='word_1_323' title='bbox 906 2216 1024 2256; x_wconf 89' lang='lat' dir='ltr'>certe</span> <span class='ocrx_word' id='word_1_324' title='bbox 1047 2213 1366 2255; x_wconf 84' lang='lat' dir='ltr'>Catholicorum</span> <span class='ocrx_word' id='word_1_325' title='bbox 1398 2213 1604 2255; x_wconf 87' lang='lat' dir='ltr'>librorum</span> <span class='ocrx_word' id='word_1_326' title='bbox 1627 2213 1825 2267; x_wconf 81' lang='lat' dir='ltr'>supellex</span> <span class='ocrx_word' id='word_1_327' title='bbox 1847 2213 1931 2256; x_wconf 89' lang='lat' dir='ltr'>erit</span> 
     </span>
     <span class='ocr_line' id='line_1_36' title="bbox 168 2278 1930 2332; baseline 0 -12"><span class='ocrx_word' id='word_1_328' title='bbox 168 2279 473 2332; x_wconf 82' lang='lat' dir='ltr'>comparanda.</span> <span class='ocrx_word' id='word_1_329' title='bbox 522 2278 566 2320; x_wconf 84' lang='lat' dir='ltr'>Si</span> <span class='ocrx_word' id='word_1_330' title='bbox 593 2292 696 2320; x_wconf 89' lang='lat' dir='ltr'>uero</span> <span class='ocrx_word' id='word_1_331' title='bbox 720 2279 974 2331; x_wconf 88' lang='lat' dir='ltr'>quibusdam</span> <span class='ocrx_word' id='word_1_332' title='bbox 998 2282 1168 2321; x_wconf 87' lang='lat' dir='ltr'>tantum</span> <span class='ocrx_word' id='word_1_333' title='bbox 1192 2279 1563 2328; x_wconf 85' lang='lat' dir='ltr'>satisfaciendum,</span> <span class='ocrx_word' id='word_1_334' title='bbox 1598 2279 1708 2332; x_wconf 91' lang='lat' dir='ltr'>quod</span> <span class='ocrx_word' id='word_1_335' title='bbox 1742 2278 1930 2320; x_wconf 85' lang='lat' dir='ltr'>fortasse</span> 
     </span>
     <span class='ocr_line' id='line_1_37' title="bbox 168 2343 1930 2398; baseline 0 -13"><span class='ocrx_word' id='word_1_336' title='bbox 168 2357 252 2385; x_wconf 92' lang='lat' dir='ltr'>non</span> <span class='ocrx_word' id='word_1_337' title='bbox 285 2344 376 2385; x_wconf 90' lang='lat' dir='ltr'>sine</span> <span class='ocrx_word' id='word_1_338' title='bbox 409 2343 604 2393; x_wconf 87' lang='lat' dir='ltr'>aliorum,</span> <span class='ocrx_word' id='word_1_339' title='bbox 640 2344 710 2396; x_wconf 89' lang='lat' dir='ltr'>qui</span> <span class='ocrx_word' id='word_1_340' title='bbox 744 2344 846 2385; x_wconf 90' lang='lat' dir='ltr'>nihil</span> <span class='ocrx_word' id='word_1_341' title='bbox 881 2344 1106 2398; x_wconf 86' lang='lat' dir='ltr'>accipient,</span> <span class='ocrx_word' id='word_1_342' title='bbox 1140 2344 1344 2386; x_wconf 86' lang='lat' dir='ltr'>scandalo</span> <span class='ocrx_word' id='word_1_343' title='bbox 1377 2345 1464 2395; x_wconf 88' lang='lat' dir='ltr'>fiet,</span> <span class='ocrx_word' id='word_1_344' title='bbox 1501 2344 1791 2386; x_wconf 82' lang='lat' dir='ltr'>constituatur</span> <span class='ocrx_word' id='word_1_345' title='bbox 1822 2343 1930 2386; x_wconf 86' lang='lat' dir='ltr'>certi</span> 
     </span>
     <span class='ocr_line' id='line_1_38' title="bbox 168 2408 1929 2462; baseline 0 -12"><span class='ocrx_word' id='word_1_346' title='bbox 168 2408 343 2462; x_wconf 84' lang='lat' dir='ltr'>aliquid,</span> <span class='ocrx_word' id='word_1_347' title='bbox 378 2408 531 2461; x_wconf 85' lang='lat' dir='ltr'>quibus</span> <span class='ocrx_word' id='word_1_348' title='bbox 563 2408 750 2450; x_wconf 74' lang='lat' dir='ltr'>maxime</span> <span class='ocrx_word' id='word_1_349' title='bbox 783 2409 841 2451; x_wconf 91' lang='lat' dir='ltr'>sit</span> <span class='ocrx_word' id='word_1_350' title='bbox 873 2423 927 2450; x_wconf 77' lang='lat' dir='ltr'>ex</span> <span class='ocrx_word' id='word_1_351' title='bbox 960 2409 1081 2451; x_wconf 90' lang='lat' dir='ltr'>libris</span> <span class='ocrx_word' id='word_1_352' title='bbox 1113 2409 1276 2462; x_wconf 87' lang='lat' dir='ltr'>aliquid</span> <span class='ocrx_word' id='word_1_353' title='bbox 1309 2409 1628 2451; x_wconf 87' lang='lat' dir='ltr'>conferendum.</span> <span class='ocrx_word' id='word_1_354' title='bbox 1689 2408 1929 2450; x_wconf 87' lang='lat' dir='ltr'>Adiunctus</span> 
     </span>
     <span class='ocr_line' id='line_1_39' title="bbox 170 2473 1931 2528; baseline -0.001 -12"><span class='ocrx_word' id='word_1_355' title='bbox 170 2477 237 2516; x_wconf 88' lang='lat' dir='ltr'>est</span> <span class='ocrx_word' id='word_1_356' title='bbox 266 2474 502 2527; x_wconf 84' lang='lat' dir='ltr'>Catalogus</span> <span class='ocrx_word' id='word_1_357' title='bbox 534 2473 756 2523; x_wconf 87' lang='lat' dir='ltr'>librorum,</span> <span class='ocrx_word' id='word_1_358' title='bbox 791 2474 864 2527; x_wconf 88' lang='lat' dir='ltr'>qui</span> <span class='ocrx_word' id='word_1_359' title='bbox 896 2474 1212 2528; x_wconf 85' lang='lat' dir='ltr'>quamprimum</span> <span class='ocrx_word' id='word_1_360' title='bbox 1246 2476 1472 2527; x_wconf 83' lang='lat' dir='ltr'>Augustae</span> <span class='ocrx_word' id='word_1_361' title='bbox 1505 2477 1549 2517; x_wconf 84' lang='lat' dir='ltr'>et</span> <span class='ocrx_word' id='word_1_362' title='bbox 1581 2473 1795 2526; x_wconf 87' lang='lat' dir='ltr'>Monachij</span> <span class='ocrx_word' id='word_1_363' title='bbox 1829 2487 1931 2514; x_wconf 86' lang='lat' dir='ltr'>con-</span> 
     </span>
     <span class='ocr_line' id='line_1_40' title="bbox 170 2538 1928 2592; baseline 0.001 -13"><span class='ocrx_word' id='word_1_364' title='bbox 170 2539 278 2591; x_wconf 88' lang='lat' dir='ltr'>quiri</span> <span class='ocrx_word' id='word_1_365' title='bbox 312 2543 356 2581; x_wconf 92' lang='lat' dir='ltr'>et</span> <span class='ocrx_word' id='word_1_366' title='bbox 388 2539 471 2580; x_wconf 91' lang='lat' dir='ltr'>emi</span> <span class='ocrx_word' id='word_1_367' title='bbox 504 2542 694 2592; x_wconf 89' lang='lat' dir='ltr'>possent.</span> <span class='ocrx_word' id='word_1_368' title='bbox 749 2538 863 2581; x_wconf 88' lang='lat' dir='ltr'>Nam</span> <span class='ocrx_word' id='word_1_369' title='bbox 895 2540 1078 2592; x_wconf 83' lang='lat' dir='ltr'>exiguus</span> <span class='ocrx_word' id='word_1_370' title='bbox 1101 2539 1274 2581; x_wconf 88' lang='lat' dir='ltr'>uidetur</span> <span class='ocrx_word' id='word_1_371' title='bbox 1305 2539 1476 2581; x_wconf 89' lang='lat' dir='ltr'>illorum</span> <span class='ocrx_word' id='word_1_372' title='bbox 1500 2553 1714 2589; x_wconf 90' lang='lat' dir='ltr'>numerus,</span> <span class='ocrx_word' id='word_1_373' title='bbox 1749 2552 1928 2591; x_wconf 89' lang='lat' dir='ltr'>quorum</span> 
     </span>
     <span class='ocr_line' id='line_1_41' title="bbox 170 2603 1929 2658; baseline 0.001 -15"><span class='ocrx_word' id='word_1_374' title='bbox 170 2603 364 2646; x_wconf 88' lang='lat' dir='ltr'>meminit</span> <span class='ocrx_word' id='word_1_375' title='bbox 397 2603 667 2656; x_wconf 82' lang='lat' dir='ltr'>cathalogus,</span> <span class='ocrx_word' id='word_1_376' title='bbox 702 2618 827 2656; x_wconf 89' lang='lat' dir='ltr'>quem</span> <span class='ocrx_word' id='word_1_377' title='bbox 855 2617 935 2657; x_wconf 84' lang='lat' dir='ltr'>ego</span> <span class='ocrx_word' id='word_1_378' title='bbox 960 2604 1044 2645; x_wconf 89' lang='lat' dir='ltr'>uidi</span> <span class='ocrx_word' id='word_1_379' title='bbox 1078 2604 1260 2658; x_wconf 87' lang='lat' dir='ltr'>triplicis</span> <span class='ocrx_word' id='word_1_380' title='bbox 1293 2607 1462 2646; x_wconf 89' lang='lat' dir='ltr'>tantum</span> <span class='ocrx_word' id='word_1_381' title='bbox 1496 2604 1668 2657; x_wconf 83' lang='lat' dir='ltr'>generis</span> <span class='ocrx_word' id='word_1_382' title='bbox 1690 2617 1798 2653; x_wconf 89' lang='lat' dir='ltr'>esse,</span> <span class='ocrx_word' id='word_1_383' title='bbox 1832 2617 1929 2645; x_wconf 88' lang='lat' dir='ltr'>con-</span> 
     </span>
     <span class='ocr_line' id='line_1_42' title="bbox 169 2667 1770 2723; baseline 0.001 -14"><span class='ocrx_word' id='word_1_384' title='bbox 169 2668 299 2710; x_wconf 86' lang='lat' dir='ltr'>flatus</span> <span class='ocrx_word' id='word_1_385' title='bbox 332 2668 497 2711; x_wconf 88' lang='lat' dir='ltr'>scilicet</span> <span class='ocrx_word' id='word_1_386' title='bbox 529 2682 583 2710; x_wconf 85' lang='lat' dir='ltr'>ex</span> <span class='ocrx_word' id='word_1_387' title='bbox 616 2668 819 2723; x_wconf 85' lang='lat' dir='ltr'>Episcopi</span> <span class='ocrx_word' id='word_1_388' title='bbox 852 2669 1196 2723; x_wconf 82' lang='lat' dir='ltr'>Merspergensis</span> <span class='ocrx_word' id='word_1_389' title='bbox 1230 2672 1274 2711; x_wconf 91' lang='lat' dir='ltr'>et</span> <span class='ocrx_word' id='word_1_390' title='bbox 1306 2669 1508 2711; x_wconf 86' lang='lat' dir='ltr'>Nauseae</span> <span class='ocrx_word' id='word_1_391' title='bbox 1540 2667 1725 2723; x_wconf 87' lang='lat' dir='ltr'>postillis</span> <span class='ocrx_word' id='word_1_392' title='bbox 1741 2669 1770 2710; x_wconf 84' lang='lat'>3.</span> 
     </span>
    </p>
   </div>
   <div class='ocr_carea' id='block_1_6' title="bbox 169 2771 1930 3027">
    <p class='ocr_par' dir='ltr' id='par_1_10' title="bbox 169 2771 1930 2924">
     <span class='ocr_line' id='line_1_43' title="bbox 170 2771 1930 2818; baseline 0.002 -14"><span class='ocrx_word' id='word_1_393' title='bbox 170 2771 385 2811; x_wconf 71' lang='lat' dir='ltr'>Budweiss“;</span> <span class='ocrx_word' id='word_1_394' title='bbox 426 2772 532 2806; x_wconf 86' lang='lat' dir='ltr'>editio</span> <span class='ocrx_word' id='word_1_395' title='bbox 559 2774 679 2806; x_wconf 85' lang='lat' dir='ltr'>autem</span> <span class='ocrx_word' id='word_1_396' title='bbox 706 2772 789 2806; x_wconf 86' lang='lat' dir='ltr'>anni</span> <span class='ocrx_word' id='word_1_397' title='bbox 820 2773 909 2807; x_wconf 89' lang='grc'><strong>1573</strong></span> <span class='ocrx_word' id='word_1_398' title='bbox 947 2773 1043 2816; x_wconf 88' lang='lat' dir='ltr'>(cum</span> <span class='ocrx_word' id='word_1_399' title='bbox 1071 2773 1292 2818; x_wconf 88' lang='lat' dir='ltr'>praefatione</span> <span class='ocrx_word' id='word_1_400' title='bbox 1320 2773 1465 2806; x_wconf 82' lang='lat' dir='ltr'>Martini</span> <span class='ocrx_word' id='word_1_401' title='bbox 1492 2772 1742 2816; x_wconf 74' lang='lat' dir='ltr'>Eisengrein):</span> <span class='ocrx_word' id='word_1_402' title='bbox 1785 2773 1930 2815; x_wconf 77' lang='lat' dir='ltr'>„Kleine</span> 
     </span>
     <span class='ocr_line' id='line_1_44' title="bbox 169 2823 1928 2870; baseline 0.003 -15"><span class='ocrx_word' id='word_1_403' title='bbox 169 2823 297 2857; x_wconf 89' lang='lat' dir='ltr'>Postill</span> <span class='ocrx_word' id='word_1_404' title='bbox 316 2824 486 2859; x_wconf 86' lang='lat' dir='ltr'>Friderici</span> <span class='ocrx_word' id='word_1_405' title='bbox 504 2825 688 2859; x_wconf 86' lang='lat' dir='ltr'>Nauseae“</span> <span class='ocrx_word' id='word_1_406' title='bbox 713 2828 779 2860; x_wconf 87' lang='lat' dir='ltr'>etc.</span> <span class='ocrx_word' id='word_1_407' title='bbox 818 2827 909 2868; x_wconf 80' lang='lat' dir='ltr'>(Jos.</span> <span class='ocrx_word' id='word_1_408' title='bbox 929 2827 1097 2870; x_wconf 71' lang='lat' dir='ltr'>Metzner,</span> <span class='ocrx_word' id='word_1_409' title='bbox 1116 2825 1297 2860; x_wconf 87' lang='lat' dir='ltr'>Friedrich</span> <span class='ocrx_word' id='word_1_410' title='bbox 1317 2825 1471 2867; x_wconf 83' lang='lat' dir='ltr'>Nausea,</span> <span class='ocrx_word' id='word_1_411' title='bbox 1490 2826 1727 2869; x_wconf 83' lang='lat' dir='ltr'>Regensburg</span> <span class='ocrx_word' id='word_1_412' title='bbox 1748 2826 1848 2865; x_wconf 79' lang='lat'>1884,</span> <span class='ocrx_word' id='word_1_413' title='bbox 1874 2827 1928 2860; x_wconf 88' lang='lat'>54.</span> 
     </span>
     <span class='ocr_line' id='line_1_45' title="bbox 170 2877 1929 2924; baseline 0.002 -16"><span class='ocrx_word' id='word_1_414' title='bbox 170 2877 315 2919; x_wconf 73' lang='lat' dir='ltr'>Pfleyer,</span> <span class='ocrx_word' id='word_1_415' title='bbox 343 2877 505 2920; x_wconf 81' lang='lat' dir='ltr'>Eisengr.</span> <span class='ocrx_word' id='word_1_416' title='bbox 535 2878 629 2921; x_wconf 79' lang='lat'>129).</span> <span class='ocrx_word' id='word_1_417' title='bbox 778 2880 788 2899; x_wconf 83' lang='lat'>¹</span> <span class='ocrx_word' id='word_1_418' title='bbox 815 2879 930 2913; x_wconf 91' lang='lat' dir='ltr'>Huius</span> <span class='ocrx_word' id='word_1_419' title='bbox 957 2879 1122 2913; x_wconf 88' lang='lat' dir='ltr'>editionis</span> <span class='ocrx_word' id='word_1_420' title='bbox 1148 2879 1421 2924; x_wconf 82' lang='lat' dir='ltr'>descriptionem</span> <span class='ocrx_word' id='word_1_421' title='bbox 1449 2890 1483 2912; x_wconf 89' lang='lat' dir='ltr'>v.</span> <span class='ocrx_word' id='word_1_422' title='bbox 1503 2879 1606 2919; x_wconf 82' lang='lat' dir='ltr'>infra,</span> <span class='ocrx_word' id='word_1_423' title='bbox 1634 2891 1724 2913; x_wconf 90' lang='lat' dir='ltr'>mon.</span> <span class='ocrx_word' id='word_1_424' title='bbox 1749 2879 1818 2913; x_wconf 91' lang='lat' dir='ltr'>litt.</span> <span class='ocrx_word' id='word_1_425' title='bbox 1840 2879 1929 2921; x_wconf 82' lang='lat'>(32).</span> 
     </span>
    </p>

    <p class='ocr_par' dir='ltr' id='par_1_11' title="bbox 170 2929 1929 3027">
     <span class='ocr_line' id='line_1_46' title="bbox 291 2929 1929 2976; baseline 0.003 -15"><span class='ocrx_word' id='word_1_426' title='bbox 291 2929 303 2949; x_wconf 85' lang='lat'>²</span> <span class='ocrx_word' id='word_1_427' title='bbox 329 2929 513 2963; x_wconf 90' lang='lat' dir='ltr'>Librorum</span> <span class='ocrx_word' id='word_1_428' title='bbox 533 2942 553 2964; x_wconf 89' lang='lat' dir='ltr'>a</span> <span class='ocrx_word' id='word_1_429' title='bbox 571 2931 816 2966; x_wconf 87' lang='lat' dir='ltr'>Tirolensibus</span> <span class='ocrx_word' id='word_1_430' title='bbox 841 2932 1041 2966; x_wconf 88' lang='lat' dir='ltr'>ablatorum</span> <span class='ocrx_word' id='word_1_431' title='bbox 1068 2931 1273 2976; x_wconf 82' lang='lat' dir='ltr'>catalogum</span> <span class='ocrx_word' id='word_1_432' title='bbox 1298 2943 1318 2966; x_wconf 89' lang='lat' dir='ltr'>a</span> <span class='ocrx_word' id='word_1_433' title='bbox 1345 2932 1494 2966; x_wconf 88' lang='lat' dir='ltr'>delectis</span> <span class='ocrx_word' id='word_1_434' title='bbox 1521 2932 1592 2966; x_wconf 87' lang='lat' dir='ltr'>illis</span> <span class='ocrx_word' id='word_1_435' title='bbox 1610 2932 1698 2966; x_wconf 90' lang='lat' dir='ltr'>viris</span> <span class='ocrx_word' id='word_1_436' title='bbox 1724 2932 1782 2966; x_wconf 90' lang='lat' dir='ltr'>vel</span> <span class='ocrx_word' id='word_1_437' title='bbox 1809 2944 1929 2966; x_wconf 89' lang='lat' dir='ltr'>eorum</span> 
     </span>
     <span class='ocr_line' id='line_1_47' title="bbox 170 2981 731 3027; baseline 0.007 -13"><span class='ocrx_word' id='word_1_438' title='bbox 170 2981 341 3015; x_wconf 78' lang='lat' dir='ltr'>mandatu</span> <span class='ocrx_word' id='word_1_439' title='bbox 367 2983 607 3027; x_wconf 87' lang='lat' dir='ltr'>conscriptum</span> <span class='ocrx_word' id='word_1_440' title='bbox 635 2985 731 3019; x_wconf 88' lang='lat' dir='ltr'>dicit.</span> 
     </span>
    </p>
   </div>
   <div class='ocr_carea' id='block_1_7' title="bbox 168 3033 1932 3132">
    <p class='ocr_par' dir='ltr' id='par_1_12' title="bbox 168 3033 1932 3132">
     <span class='ocr_line' id='line_1_48' title="bbox 291 3033 1932 3083; baseline 0.004 -17"><span class='ocrx_word' id='word_1_441' title='bbox 291 3036 302 3053; x_wconf 76' lang='lat'>³</span> <span class='ocrx_word' id='word_1_442' title='bbox 329 3033 539 3077; x_wconf 77' lang='lat' dir='ltr'>catalogum</span> <span class='ocrx_word' id='word_1_443' title='bbox 566 3036 661 3077; x_wconf 79' lang='lat' dir='ltr'>dicit,</span> <span class='ocrx_word' id='word_1_444' title='bbox 689 3048 794 3080; x_wconf 90' lang='lat' dir='ltr'>quem</span> <span class='ocrx_word' id='word_1_445' title='bbox 821 3037 926 3082; x_wconf 84' lang='lat' dir='ltr'>paulo</span> <span class='ocrx_word' id='word_1_446' title='bbox 951 3038 1045 3072; x_wconf 87' lang='lat' dir='ltr'>infra</span> <span class='ocrx_word' id='word_1_447' title='bbox 1071 3037 1202 3072; x_wconf 86' lang='lat' dir='ltr'>litteris</span> <span class='ocrx_word' id='word_1_448' title='bbox 1226 3037 1380 3072; x_wconf 87' lang='lat' dir='ltr'>cursivis</span> <span class='ocrx_word' id='word_1_449' title='bbox 1405 3038 1483 3072; x_wconf 84' lang='lat' dir='ltr'>sive</span> <span class='ocrx_word' id='word_1_450' title='bbox 1512 3038 1641 3072; x_wconf 86' lang='lat' dir='ltr'>italicis</span> <span class='ocrx_word' id='word_1_451' title='bbox 1659 3049 1785 3083; x_wconf 87' lang='lat' dir='ltr'>ponam</span> <span class='ocrx_word' id='word_1_452' title='bbox 1810 3037 1932 3082; x_wconf 57' lang='lat' dir='ltr'>(ffer-</span> 
     </span>
     <span class='ocr_line' id='line_1_49' title="bbox 168 3087 805 3132; baseline 0.008 -13"><span class='ocrx_word' id='word_1_453' title='bbox 168 3087 350 3120; x_wconf 64' lang='lat' dir='ltr'>zaichmtfi</span> <span class='ocrx_word' id='word_1_454' title='bbox 375 3088 478 3120; x_wconf 81' lang='lat' dir='ltr'>deren</span> <span class='ocrx_word' id='word_1_455' title='bbox 506 3088 681 3122; x_wconf 44' lang='lat' dir='ltr'>Pam-hest</span> <span class='ocrx_word' id='word_1_456' title='bbox 709 3089 805 3132; x_wconf 68' lang='lat' dir='ltr'>etc).</span> 
     </span>
    </p>
   </div>
  </div>
 </body>
</html>
