2044 3335
120 112 204 152 418
250 110 350 144 1723.
381 109 549 144 Canisius
576 110 794 154 Hieronymo
812 108 944 143 Natali.
990 109 1091 143 1724.
1120 108 1284 144 Canisius
1311 109 1344 144 S.
1364 109 1554 144 Francisco
1580 110 1744 154 Borgiae.

120 227 249 280 quelli
282 241 334 268 ne
366 227 553 280 seguira,
597 225 632 267 si
666 226 797 268 etiam
831 226 988 280 perche
1021 226 1074 268 V.
1099 227 1351 269 Reuerenza
1383 227 1490 270 resti
1521 227 1655 270 libero
1688 227 1885 269 hauendo

119 292 191 345 gia
233 291 463 334 sodisfatto
505 291 850 333 all’ubbidienza
892 291 961 332 del
1003 291 1152 344 Papa1
1199 291 1445 345 significata
1491 307 1569 346 per
1611 293 1640 333 il
1683 292 1884 334 Cardinal

119 356 485 398 C01nmend0rle³2
518 358 561 397 et
585 355 671 397 cosi
702 358 826 398 tanto
860 355 1019 409 meglio
1052 358 1180 410 petra
1213 357 1438 398 attendere
1472 357 1559 399 alla
1590 357 1886 411 predicatione

119 423 163 463 et
207 435 232 462 a
272 420 461 462 scriuere
502 421 634 463 etiam
676 421 786 463 altre
829 434 927 462 6066
970 420 1047 462 6116
1090 420 1120 462 11
1163 424 1421 463 costaranno
1463 436 1616 464 manco
1658 421 1814 472 fatica,
1860 435 1884 464 e

119 485 308 535 fastidio,
343 487 365 526 6
398 499 586 527 saranno
618 485 738 528 forsa
769 500 854 527 non
886 499 1038 527 manco
1067 485 1176 536 utili,
1211 499 1233 527 e
1264 487 1515 528 finalmente
1546 487 1589 528 13
1621 487 1887 541 Compagnia

118 564 164 591 se
196 564 250 591 ne
281 552 409 604 petra
441 550 598 604 meglio
631 551 857 605 preualere
889 551 931 591 in
966 550 1067 604 ogni
1101 564 1358 592 occorrenza
1388 551 1484 592 dell’
1504 565 1636 605 opera
1660 551 1701 593 di
1723 552 1775 595 V.
1799 551 1884 594 Re-

118 628 315 657 uerenza.
350 616 521 668 quando
556 615 665 657 detti
699 618 752 658 .3.
787 615 884 656 libri
917 615 1038 657 siano
1072 615 1313 669 stampati.
1338 618 1436 658 sera
1467 616 1549 657 ben
1582 630 1635 658 ne
1659 616 1886 658 habbiamo

118 680 300 732 qualche
333 680 457 734 copia
488 694 567 735 per
598 684 724 734 poter
755 683 945 723 mostrar
978 695 1003 722 a
1036 680 1077 723 S.
1098 680 1270 722 Santita
1303 694 1349 722 se
1383 681 1606 731 accadera,
1641 685 1685 724 et
1716 682 1758 723 al
1781 682 1884 724 Car-

119 745 235 787 dinal
268 745 597 795 Commendone,
638 760 661 787 e
702 759 778 799 per
810 745 987 787 uederla
1020 759 1180 787 ancora
1212 745 1294 795 noi,
1340 748 1384 788 61
1417 746 1599 798 qualche
1633 747 1752 789 uolta
1784 748 1887 788 sara

120 810 199 851 ben
232 824 339 852 anco
373 811 413 852 di
447 810 631 852 auisarci
655 811 696 852 di
719 825 797 852 sua
819 810 975 860 sanita,
1011 813 1055 852 et
1088 809 1152 852 cio
1187 810 1264 852 che
1294 810 1366 864 piu
1389 810 1419 852 li
1441 810 1629 864 piacera.
1663 811 1790 853 Nelle
1813 817 1884 854 etc.

119 875 173 916 Di
205 875 345 917 Roma
377 875 406 917 li
441 878 509 918 14.
544 875 584 917 di
619 875 803 918 Ottobre
840 877 966 917 1570.

237 951 398 995 Borgias,
434 954 474 986 ut
508 952 573 986 has
607 951 748 985 litteras
784 951 827 985 ad
856 951 1037 985 Canisium
1066 951 1178 991 daret,
1214 950 1390 985 adductus
1428 954 1483 985 est
1518 951 1682 996 epistulis
1714 951 1753 985 P.
1781 951 1885 985 Pauli

119 1003 259 1037 Hoffaei
293 1004 526 1049 provincialis
562 1007 597 1038 et
633 1004 671 1039 P.
699 1004 908 1038 Theoderici
937 1003 1071 1038 Canisii
1101 1003 1249 1038 rectoris
1276 1004 1468 1047 dilingani;
1506 1004 1565 1048 qui
1592 1004 1682 1038 illud
1708 1004 1886 1038 scribendi

119 1059 243 1090 contra
270 1057 459 1092 Centurias
485 1069 599 1100 genus
625 1057 678 1091 illi
704 1057 850 1091 minime
876 1058 1078 1099 convenire,
1104 1057 1223 1102 potius
1250 1059 1371 1090 autem
1397 1057 1440 1090 ad
1467 1057 1744 1091 contionandum
1779 1059 1815 1091 61
1841 1057 1884 1091 ad

119 1110 296 1145 faciliores
315 1111 454 1145 libellos
472 1112 678 1145 scribendos
698 1122 775 1144 eum
797 1110 1035 1145 adhibendum
1057 1122 1136 1144 esse
1155 1110 1402 1149 affirmabant;
1423 1122 1456 1144 v,
1476 1110 1580 1152 infra,
1600 1122 1691 1145 mon.
1706 1111 1775 1144 litt.
1794 1111 1885 1153 (42).

239 1175 402 1210 Canisius
428 1175 582 1219 Borgiae
608 1174 790 1221 respondit
818 1176 849 1210 8.
869 1176 1076 1210 Decembris
1106 1175 1206 1210 1570.

121 1290 270 1327 1723.
381 1291 598 1327 CANISIUS
633 1291 694 1327 P.
722 1290 1138 1327 HIERONYMO
1166 1290 1429 1326 NATALI
1457 1290 1509 1327 S.
1529 1290 1583 1326 J.
1610 1292 1670 1325 uni
1706 1303 1751 1325 ex
1785 1303 1885 1335 prae-

308 1346 414 1391 positi
441 1345 623 1389 generalis
648 1346 914 1379 assistentibus.
1089 1345 1234 1388 Dilinga
1261 1345 1356 1379 circa
1382 1357 1427 1379 m.
1448 1345 1526 1379 Oct.
1547 1345 1603 1379 vel
1622 1344 1713 1379 Nov.
1735 1344 1836 1378 1570.

241 1413 410 1468 Copiose
432 1415 468 1454 εἰ
490 1415 711 1468 respondet
735 1414 784 1454 dc
802 1414 1020 1455 Societcuis
1043 1414 1318 1467 scriptoribus
1343 1414 1384 1453 iu
1410 1413 1645 1453 Germania
1669 1413 1888 1466 superiore

120 1479 448 1530 constituendis;
481 1493 515 1520 υ.
548 1492 679 1534 supra
708 1493 752 1532 J).
777 1480 863 1519 417
896 1483 932 1520 et
965 1478 1100 1531 iufra,
1135 1493 1195 1532 cp.
1222 1493 1260 1521 u.
1287 1479 1414 1519 1724.

121 1609 269 1646 1724.
381 1610 598 1645 CANISIUS
626 1609 891 1646 SANGTO
920 1608 1308 1646 FRANGISCO
1338 1607 1653 1645 BORGIAE
1680 1608 1884 1653 praeposito

310 1664 472 1708 generali
499 1664 689 1699 Societatis
715 1665 807 1698 Iesu.
1277 1663 1421 1707 Dilinga
1447 1663 1479 1697 8.
1499 1662 1705 1697 Decembris
1734 1662 1835 1697 1570.

239 1729 293 1763 Ex
321 1729 525 1774 apographo
561 1729 705 1762 saeculo
732 1728 844 1762 XVII.
872 1729 1017 1773 scripto.
1064 1728 1146 1762 Cod.
1174 1740 1309 1763 monac.
1342 1728 1438 1770 „Lat
1467 1728 1577 1763 1606“
1608 1727 1631 1760 f.
1654 1725 1884 1761 1472—1481’.

121 1782 305 1827 Epistulae
333 1782 504 1827 (ascripto
531 1782 563 1815 d.
588 1782 619 1816 8.
640 1782 874 1826 Septembris)
904 1781 1101 1826 particulas
1127 1782 1330 1825 germanice
1357 1783 1557 1825 posuerunt
1583 1781 1683 1814 Riess
1708 1780 1730 1814 l.
1758 1792 1787 1813 c.
1814 1779 1884 1813 392

121 1836 187 1870 393
215 1839 251 1869 et
277 1838 430 1870 ι1111136611Υ
456 1835 478 1869 l.
503 1847 532 1868 c.
560 1834 713 1868 IV¹⁵-¹⁶
738 1835 818 1869 413.

239 1902 291 1934 De
315 1911 378 1934 suo
397 1901 565 1933 adversus
587 1900 852 1933 centuriatores
879 1900 981 1933 libro.
1018 1900 1127 1943 „Plus
1153 1910 1257 1943 quam
1285 1896 1493 1941 rulycaerial“
1530 1899 1639 1931 Valde
1664 1909 1699 1930 se
1725 1898 1882 1930 demittit.

120 1955 310 1997 Hoffaeum
329 1960 356 1987 et
381 1954 635 1986 Theodericum
659 1953 840 1986 Cuuisium
861 1953 994 1986 laudat.
1039 1953 1178 1986 Gaudet
1195 1963 1229 1985 se
1246 1953 1317 1984 iam
1337 1963 1359 1984 α
1372 1953 1571 1994 praepositi
1589 1951 1708 1993 officio
1736 1951 1884 1984 liberum

121 2019 198 2041 esse.
243 2008 296 2041 De
323 2005 599 2051 ,‚seript0ribns“
630 2007 892 2048 constituendis,
919 2008 1109 2047 visitatore,
1137 2006 1272 2038 Indicis
1298 2005 1435 2038 litteris.

333 2073 426 2114 Pax
458 2072 563 2114 Jesu
597 2075 641 2114 et
672 2071 779 2113 felix
813 2085 964 2121 annus,

546 2136 787 2178 Admodum
822 2135 1075 2178 Reuerende
1106 2135 1148 2176 in
1182 2135 1350 2177 Christo
1383 2135 1526 2176 Pater.

238 2207 398 2262 Accepi
439 2208 589 2250 literas
623 2208 667 2250 P.
702 2208 749 2249 T.
784 2202 936 2260 quibus
977 2220 1045 2248 me
1086 2205 1308 2259 indignum
1351 2205 1568 2247 cohortari
1601 2205 1804 2258 dignatur
1835 2207 1886 2246 ut

120 2288 227 2328 opus
260 2273 471 2315 edendum
504 2273 740 2322 absoluam‚
784 2286 919 2325 eoque
952 2271 1166 2313 scribendi
1207 2271 1355 2312 labore
1393 2271 1658 2324 perfunctus,
1702 2270 1756 2312 ad
1798 2269 1883 2311 alia

121 2339 265 2381 studia
306 2352 416 2392 quae
458 2340 558 2379 sunt
600 2337 726 2378 huius
758 2336 948 2379 instituti
982 2336 1120 2390 magis
1152 2336 1327 2390 propria
1358 2336 1620 2378 transeam3.
1686 2335 1881 2388 Optarim

121 2418 225 2446 sane
256 2404 365 2445 libro
397 2404 525 2444 finem
557 2402 805 2456 impositum
839 2415 947 2452 esse,
991 2401 1062 2454 qui
1096 2402 1173 2442 sub
1207 2401 1312 2442 meis
1346 2400 1560 2442 excrescit
1591 2399 1799 2449 manibus,
1839 2403 1883 2442 et

121 2469 344 2521 grauiores
377 2468 521 2510 adfert
552 2468 723 2509 labores
756 2470 800 2509 et
832 2480 1030 2519 angores,
1065 2480 1192 2519 quam
1226 2466 1415 2508 fortasse
1446 2465 1570 2507 multi
1603 2464 1882 2506 arbitrentur„

121 2534 324 2586 Ignoscat
355 2533 459 2575 mihi
491 2532 649 2574 Diuina
680 2532 852 2574 bonitas
885 2534 929 2573 et
953 2531 998 2574 P.
1024 2531 1070 2573 Τ.
1106 2531 1219 2583 quod
1252 2530 1538 2572 obedientiam
1571 2529 1651 2571 hac
1682 2529 1725 2570 in
1757 2531 1885 2583 parte

121 2599 288 2640 tardius
310 2600 542 2652 praestem,
567 2601 610 2640 et
632 2611 770 2650 neque
793 2597 907 2647 mihi,
941 2610 1079 2649 neque
1104 2595 1401 2649 Superioribus
1422 2594 1579 2637 faciam
1603 2594 1723 2644 satis,
1758 2594 1884 2635 dumb

122 2663 201 2704 hoc
242 2677 394 2705 saxum
436 2663 669 2704 infeliciter
710 2662 859 2707 noluo:
903 2665 993 2704 13111
1037 2675 1131 2702 611111
1173 2674 1252 2714 ego
1294 2660 1425 2701 miser
1462 2674 1512 2701 ac
1543 2659 1714 2713 ineptus
1754 2659 1885 2713 plane

123 2728 318 2780 scriptor,
362 2728 433 2780 qui
475 2730 591 2769 certe
633 2727 865 2769 multorum
908 2726 1105 2780 precibus
1146 2726 1200 2767 ad
1234 2726 1369 2766 Deum
1412 2738 1488 2778 pro
1521 2738 1588 2765 me
1620 2724 1727 2766 fusis
1761 2737 1881 2777 egeo.

124 2792 244 2841 Quod
276 2793 330 2833 ad
363 2792 593 2835 editionem
621 2792 791 2840 attinet,
825 2791 1022 2844 sequenti
1045 2805 1190 2832 mense
1213 2789 1420 2832 ι1311113110
1453 2790 1601 2843 1110610
1633 2789 1883 2831 subiicietur

124 2870 252 2910 opus.
299 2860 341 2899 et
382 2857 569 2899 fortasse
611 2860 712 2898 ante
753 2857 927 2899 Festum
973 2856 1083 2897 diem
1125 2854 1383 2897 Paschatis4
1424 2868 1507 2896 non
1550 2854 1800 2896 absoluetur
1839 2853 1882 2895 in

242 2929 269 2959 a)
291 2931 324 2954 In
346 2938 392 2961 “P-
412 2933 573 2961 sequuntur
594 2938 635 2954 vv.
657 2930 688 2954 et
707 2929 769 2954 cosi
789 2926 908 2954 restariz
928 2928 1033 2961 libero,
1053 2938 1070 2954 a
1091 2930 1157 2954 libr.
1179 2929 1267 2954 oblitt.
1341 2926 1371 2960 b)
1392 2927 1451 2952 dun
1472 2936 1518 2959 ap.

246 3041 255 3060 ¹
282 3039 316 3073 S.
343 3040 396 3072 Pii
422 3039 466 3073 V.
612 3041 624 3059 ²
650 3040 740 3074 Vide
770 3043 858 3075 Can.
885 3041 916 3075 V
944 3041 1142 3075 480-481,

244 3093 257 3112 3
281 3091 372 3125 Vide
398 3103 505 3135 supra
531 3104 562 3136 p.
582 3093 661 3125 417.
807 3095 818 3112 ⁴
849 3094 901 3127 15.
928 3093 1075 3137 Aprilis.
