2044 3335
646 107 812 151 Augusta
831 106 1099 140 Vindelicorum
1128 105 1182 139 13.
1203 104 1282 138 Iulii
1311 104 1412 138 1569.
1788 104 1869 144 347

110 219 216 264 annuj
243 221 284 253 vt
310 219 350 254 P.
378 217 614 252 Wendelinus
640 217 790 250 duarum
817 228 938 251 curam
966 217 1117 260 gereret,
1153 215 1215 249 sed
1248 216 1398 254 secreto,
1434 212 1545 247 5611161
1580 212 1614 246 in
1642 212 1875 253 hebdomade,

108 274 214 306 noctu
240 282 432 316 nunquam,
469 272 505 304 et
530 271 708 315 tantisper
734 270 844 304 donec
880 281 900 304 a
926 270 966 304 P.
986 270 1029 304 V.
1056 279 1265 313 responsum
1293 267 1460 301 haberem
1498 278 1542 301 an
1575 265 1875 310 progrediendum

108 337 173 359 nec
198 337 252 365 ne,
279 328 315 359 et
340 328 381 358 vt
405 324 473 358 hoc
498 335 708 368 responsum
736 334 849 366 aequo
876 323 993 356 animo
1019 321 1340 366 amplecterentur:
1368 320 1513 364 placuit.
1548 319 1650 353 Nunc
1677 318 1808 352 vellem
1836 320 1876 352 vt

109 378 148 414 P.
167 378 209 412 V.
236 390 306 412 non
331 379 492 420 negaret,
527 388 609 410 nam
645 388 772 410 reuera
798 375 918 409 nullus
953 375 1047 420 apud
1074 376 1242 408 externos
1269 376 1333 414 est,
1371 374 1430 417 qui
1463 373 1554 406 citra
1580 371 1790 406 scandalum
1817 371 1875 405 ob-

109 443 229 465 sessos
256 433 379 465 curet:
416 432 499 464 sunt
535 432 654 463 autem
691 429 808 463 dictae
845 440 1019 473 personae
1046 428 1236 461 0115655363
1263 438 1283 460 3
1309 426 1435 460 multis
1471 426 1574 460 annis
1600 424 1696 459 filiae
1731 427 1875 459 nostrae

108 483 353 523 confessionis,
381 495 470 528 quas
496 483 625 517 iccirco
651 484 822 516 externus
849 493 974 516 curare
999 480 1112 514 nollet·
1139 482 1177 513 vt
1202 479 1254 513 fit.
1307 479 1470 513 Alterum
1497 480 1562 518 est,
1598 478 1728 523 resciuj
1757 477 1799 512 D.
1818 478 1876 512 Jo-

107 549 236 572 annem
271 537 478 580 Fuggerum
517 538 552 570 et
589 535 776 569 Dominam
803 535 973 569 Vrsulam
1012 534 1199 577 coniugem
1235 532 1376 577 Dominj
1414 532 1558 577 Georgij
1598 531 1755 576 Fuggerj
1795 542 1876 566 cum

108 591 296 635 Vtriusque
323 590 485 634 coniugis
512 590 655 623 illorum
683 589 884 623 consensu¹
910 588 1082 622 statuisse
1109 598 1172 631 per
1198 586 1393 620 Lauretum
1416 585 1565 619 Romam
1593 584 1815 629 peregrinari
1842 587 1877 618 et

107 655 227 678 secum
264 644 393 678 ducere
428 643 564 687 aliquot
598 642 759 686 virgines
795 653 946 685 quarum
982 641 1072 674 duae
1109 639 1303 673 creduntur
1342 638 1546 679 obsessae2,
1583 638 1801 682 cupiuntque
1836 640 1878 671 vt

108 698 146 731 P.
174 696 412 731 Wendelinus
446 696 495 731 sit
521 707 651 736 comes,
687 695 780 739 quod
807 694 981 728 Dominus
1007 694 1164 727 Joannes
1190 692 1324 736 scripto
1361 703 1379 725 a
1413 691 1453 725 P.
1481 691 1524 725 V.
1560 691 1662 724 hodie
1699 691 1877 735 petiturus

106 751 259 792 videtur,
295 762 506 794 mecumque
543 761 585 784 ea
621 749 663 783 de
695 761 733 782 re
760 750 907 782 acturus
934 746 1049 781 hodie.
1100 745 1168 779 Hic
1194 756 1280 787 rogo
1308 745 1348 778 P.
1367 745 1411 778 V.
1438 746 1479 777 vt
1504 745 1614 787 neget
1640 743 1671 788 ej
1699 744 1792 777 hanc
1818 755 1877 787 pe-

105 804 267 838 titionem
303 809 338 838 et
375 803 583 837 dissuadeat
617 802 725 837 simul
760 813 804 835 ne
837 801 986 834 Romam
1022 800 1159 844 petant,
1196 798 1350 842 partimb
1385 809 1466 831 nam
1503 808 1625 831 eorum
1661 797 1877 830 desiderium

107 857 306 902 profectum
333 856 476 891 videtur
515 868 560 890 ex
598 854 810 900 periculosis
848 852 1129 888 reuelationibus
1167 863 1231 885 seu
1269 850 1565 895 inspirationibus
1606 850 1752 894 (quibus
1790 849 1878 883 mihi

106 910 215 944 etiam
250 910 345 944 circa
381 909 471 943 alias
505 920 563 943 res
597 909 727 942 misere
763 910 799 941 et
828 906 1027 952 periculose
1053 905 1176 949 seducj
1204 904 1400 947 videntur,)
1439 903 1569 948 partim
1605 903 1698 947 quod
1725 902 1876 936 Domina

106 963 230 997 vrsula
256 965 311 997 est
337 962 603 997 valetudinaria
615 963 637 1003 ³,
673 961 804 1006 partim
832 960 924 1004 quod
955 970 1077 993 secum
1103 957 1253 992 trahunt
1279 957 1446 992 obsessas
1483 969 1562 991 cum
1590 968 1721 1000 magno
1748 967 1876 999 graua-

107 1017 200 1050 mine
236 1018 272 1050 et
306 1017 412 1050 etiam
450 1015 609 1060 periculo
641 1027 685 1048 ne
722 1015 837 1048 dicam
873 1013 1053 1052 scandalo,
1089 1011 1221 1056 partim
1249 1011 1343 1055 quod
1380 1023 1448 1045 non
1476 1010 1619 1044 videtur
1655 1010 1780 1044 decere
1811 1020 1876 1043 nec

105 1070 370 1104 aedificatiuum
407 1080 485 1103 esse
512 1071 551 1103 vt
577 1068 763 1102 societatis
797 1067 966 1101 sacerdos
1001 1068 1054 1099 tot
1079 1064 1260 1108 virginum
1296 1064 1344 1098 sit
1371 1076 1489 1098 comes
1516 1063 1747 1108 quotidianus
1772 1074 1871 1107 prae-

104 1123 227 1157 sertim
255 1135 319 1168 per
345 1122 503 1163 Jtaliam,
540 1124 576 1156 et
602 1122 662 1166 qui
689 1121 819 1155 donum
854 1132 922 1154 non
949 1119 1059 1154 habet
1093 1118 1268 1163 liberandj
1296 1121 1364 1152 etc.
1391 1119 1521 1163 partim
1558 1117 1652 1161 quod
1682 1117 1873 1151 incommo-

105 1176 250 1210 dissime
276 1177 317 1210 P.
335 1175 541 1210 Wendelini
577 1175 782 1220 praesentia
808 1173 866 1207 hic
892 1173 1114 1207 carebimus:
1150 1171 1287 1206 nullum
1314 1171 1407 1205 enim
1435 1171 1486 1205 illi
1513 1170 1681 1205 sufficere
1707 1181 1872 1215 possum:

104 1232 284 1274 postremo
319 1230 427 1263 etiam
461 1241 506 1263 116
541 1229 683 1263 illorum
719 1227 930 1272 periculosis
957 1225 1237 1260 reuelationibus
1264 1224 1482 1270 patrocinarj
1509 1224 1717 1258 videamur:
1754 1225 1788 1257 et
1815 1235 1874 1268 op-

105 1286 218 1316 tarem
244 1285 286 1316 vt
311 1283 350 1317 P.
377 1282 420 1316 V.
448 1282 531 1317 hinc
563 1281 786 1316 occasionem
814 1280 994 1325 acciperet-
1030 1281 1065 1313 et
1091 1279 1282 1313 Dominum
1309 1278 1485 1312 ι10311116111
1521 1279 1667 1322 paterne
1703 1279 1874 1318 moneret,

103 1348 147 1370 ne
173 1339 247 1370 tam
274 1336 380 1370 facile
406 1335 639 1370 daemonibus
666 1334 838 1371 crederet,
866 1333 927 1377 qui
953 1345 992 1367 se
1019 1333 1207 1366 damnatas
1234 1332 1372 1366 animas
1399 1332 1549 1375 fingunt,
1586 1342 1676 1375 quas
1703 1333 1875 1364 externus

103 1389 247 1433 quidam
285 1389 441 1424 absoluit
474 1388 787 1424 sacramentaliter
823 1390 857 1420 et
895 1385 1134 1430 communjcat
1170 1386 1205 1419 in
1241 1385 1404 1430 personis
1440 1385 1613 1425 obsessis,
1654 1386 1688 1418 et
1724 1395 1875 1428 quarum

104 1443 248 1477 oracula
284 1442 518 1477 consuluntur
544 1442 598 1476 vti
634 1443 708 1476 fere
744 1441 839 1486 apud
866 1440 1006 1474 diuinos
1032 1439 1093 1474 fit:
1130 1441 1166 1473 et
1191 1439 1232 1473 D.
1254 1439 1412 1473 ε103111165
1448 1439 1640 1482 absorptus
1676 1439 1732 1472 est
1766 1437 1876 1471 nimia

103 1496 336 1531 credulitate:
371 1496 575 1530 hauddubie
601 1498 721 1529 manet
747 1495 847 1528 illum
874 1505 1006 1537 magna
1032 1493 1091 1526 vel
1117 1493 1319 1527 humiliatio
1346 1492 1404 1526 vel
1432 1492 1605 1537 deceptio,
1642 1492 1735 1535 quod
1762 1491 1875 1525 absit:

102 1550 255 1584 Domina
281 1549 406 1584 vrsula
440 1549 559 1594 ipsum
586 1550 777 1589 confortat,
814 1551 849 1582 et
874 1559 953 1581 11160
980 1547 1110 1581 iudicio
1143 1546 1291 1580 nimium
1328 1546 1394 1580 sibi
1422 1546 1551 1580 sumit:
1588 1557 1700 1589 eoque
1726 1546 1874 1578 ventum

105 1606 161 1637 est
192 1606 232 1637 vt
266 1615 330 1637 suo
366 1603 496 1637 iudicio
531 1604 679 1646 suisque
715 1600 1008 1646 inspirationibus
1045 1600 1126 1646 plus
1162 1600 1312 1634 credant
1348 1611 1455 1643 quam
1491 1599 1655 1633 omnibus
1691 1598 1876 1633 Ecclesiae

107 1657 320 1698 doctoribus,
356 1659 458 1690 taceo
493 1656 585 1700 quod
622 1656 714 1690 istae
749 1655 857 1689 fictae
894 1654 1032 1688 animae
1058 1653 1267 1698 turpissime
1294 1653 1480 1687 diffament
1506 1653 1608 1686 viuos
1645 1654 1680 1686 et
1705 1654 1876 1693 mortuos,

106 1710 171 1745 sub
210 1710 302 1745 falso
340 1713 531 1755 praetextu
569 1710 811 1755 poenitentiae
847 1708 1104 1742 assumendae:
1144 1709 1180 1741 et
1218 1707 1391 1752 eiusmodj
1428 1706 1697 1741 diffamationes
1735 1706 1876 1740 curauit

106 1764 279 1799 Dominus
305 1765 463 1798 Joannes
499 1764 632 1808 scripto
660 1762 807 1804 concipi,
844 1773 977 1806 easque
1004 1761 1211 1795 conuocatis
1244 1760 1401 1804 aliquotu·
1428 1760 1611 1805 primarijs
1638 1759 1727 1793 viris
1754 1760 1875 1802 Augu—

106 1818 230 1860 stanis,
259 1817 310 1852 615
336 1817 489 1862 ipsemet
516 1816 703 1862 praelegit,
731 1816 792 1859 qui
819 1827 887 1849 11011
915 1815 1066 1849 obscure
1092 1817 1216 1848 notare
1242 1816 1438 1859 potuerunt
1464 1814 1506 1848 D.
1528 1814 1703 1847 Joannem
1731 1813 1875 1857 absorp-

105 1874 181 1906 tum
209 1883 287 1906 esse
313 1871 388 1905 zelo
414 1883 501 1905 non
528 1882 639 1904 secu
651 1870 785 1904 ndum
813 1869 1097 1903 5616111131114
1123 1870 1159 1902 61
1185 1879 1254 1901 11011
1281 1867 1510 1901 mediocriter
1536 1868 1737 1912 deceptum.
1772 1866 1816 1900 V.
1836 1866 1876 1900 P.

107 1937 239 1969 quaeso
265 1925 397 1959 habeat
423 1924 489 1958 sibi
517 1924 610 1958 hanc
628 1923 874 1966 Fuggerorum
894 1922 1068 1956 familiam
1089 1921 1374 1956 commendatam
1402 1933 1446 1955 ne
1466 1933 1511 1955 ex
1530 1921 1739 1965 deceptione
1758 1920 1875 1960 cadat,

106 1981 340 2023 posteaquam
376 1981 449 2012 tam
485 1978 574 2012 bene
610 1977 652 2011 de
688 1977 862 2011 societate
888 1976 1017 2010 mereri
1048 1976 1200 2010 studet.“
1257 1975 1323 2009 His
1358 1974 1491 2009 litteris
1518 1976 1692 2018 Hoffaezcs
1727 1985 1879 2019 parvam

107 2032 344 2066 *schedulam
364 2031 539 2073 adiunxit,
565 2031 600 2064 in
628 2042 698 2074 qua
725 2030 813 2064 haec
840 2030 1007 2063 notabat:
1038 2030 1172 2072 „Aiunt
1190 2028 1231 2063 D.
1248 2029 1423 2063 Joannem
1451 2031 1487 2062 et
1505 2028 1694 2062 Dominam
1709 2027 1878 2061 Vrsulam

106 2086 238 2120 habere
273 2097 318 2119 ex
352 2085 586 2130 inspiratione
623 2084 680 2118 vel
716 2083 914 2118 relatione]
936 2082 982 2127 [2³]
1009 2082 1184 2117 sathanae
1220 2082 1381 2126 grauiter
1418 2082 1451 2115 in
1488 2094 1635 2127 corpore
1661 2081 1880 2126 puniendum

108 2151 188 2173 esse
223 2139 283 2183 qui
309 2138 513 2184 impedierit
548 2149 616 2182 quo
643 2137 761 2171 minus
789 2138 827 2172 P.
847 2136 1086 2171 VVendelinus
1121 2137 1168 2170 sit
1196 2147 1316 2170 comes
1342 2136 1377 2170 in
1406 2136 1542 2171 vrbem.
1595 2135 1670 2179 Ego
1697 2134 1784 2169 mihi
1810 2146 1879 2168 non

106 2193 290 2227 timerem“
325 2192 386 2233 (ex
412 2191 666 2237 autographis3
696 2191 738 2225 G.
765 2191 830 2235 Ep.
858 2190 890 2224 X
917 2190 943 2224 f.
966 2190 1212 2234 1012—1022).

227 2247 280 2280 Ad
308 2246 402 2279 idem
428 2246 503 2279 fere
529 2247 673 2290 tempus
709 2247 745 2278 et
770 2244 926 2278 fortasse
961 2244 1005 2277 ad
1033 2243 1182 2277 eandem
1210 2255 1352 2287 quoque
1379 2243 1521 2277 Ioannis
1548 2242 1706 2285 Fuggeri
1732 2241 1880 2275 nimiam

108 2299 358 2333 credulitatem
385 2301 550 2343 spectare
577 2298 746 2332 videntur
772 2309 824 2338 63,
852 2309 944 2341 quae
970 2297 1013 2331 de
1033 2296 1177 2331 Canisio
1204 2297 1357 2341 aliisque
1384 2296 1498 2330 Sociis
1525 2295 1740 2339 augustanis
1759 2296 1881 2328 Lucas

111 2354 316 2396 Geizlcofler
346 2352 612 2395 (1550-1620)
641 2363 734 2385 unus
770 2363 814 2385 ex
841 2351 1045 2395 praecipuis
1071 2350 1318 2394 Fuggerorum
1354 2352 1640 2392 augustanorum
1667 2347 1882 2382 consiliariis

108 2407 203 2441 circa
230 2417 260 2440 a.
279 2406 370 2441 1590
397 2406 431 2439 in
459 2417 525 2439 sua
551 2404 850 2449 autobiographia
876 2404 1050 2438 narravit.
1090 2404 1135 2445 Is,
1163 2415 1243 2438 cum
1271 2403 1314 2437 de
1341 2403 1452 2437 variis
1480 2403 1587 2437 rebus
1614 2405 1698 2436 ante
1725 2403 1759 2435 et
1787 2402 1881 2436 circa

108 2460 264 2494 medium
291 2459 476 2494 saeculum
504 2458 599 2493 XVI.
627 2458 742 2501 gestis
768 2458 992 2502 scripsisset,
1028 2457 1117 2491 haec
1153 2457 1309 2491 addidit:
1350 2457 1418 2498 „Es
1445 2456 1570 2490 thaten
1597 2455 1689 2489 auch
1717 2455 1882 2490 damalen

110 2514 166 2547 die
192 2514 309 2547 Herrn
336 2513 480 2556 Fugger
515 2512 593 2546 sich
619 2512 672 2545 nit
707 2523 747 2546 so
774 2511 858 2545 sehr
891 2511 952 2544 der
978 2510 1232 2556 Papistischen
1268 2510 1322 2544 als
1349 2510 1411 2543 der
1438 2509 1700 2543 Lutherischen
1728 2509 1808 2552 (das
1834 2508 1883 2543 ist

109 2567 212 2601 recht
252 2566 479 2601 katholische
519 2564 700 2608 Christen)
746 2576 873 2607 wegen
916 2564 1013 2598 ihrer
1055 2567 1188 2607 gueten
1231 2563 1385 2608 qualit-at
1428 2563 1499 2596 und
1543 2565 1715 2606 getreuen
1754 2561 1883 2596 Dienst

230 2644 257 2675 a)
279 2645 339 2668 Hoc
359 2651 383 2668 v.
404 2651 497 2674 supra
518 2650 632 2668 versum
653 2642 794 2673 scriptum
817 2645 866 2666 est.
923 2640 954 2671 b)
976 2642 1036 2665 Hoc
1057 2649 1079 2665 v.
1099 2642 1149 2665 hoc
1169 2641 1226 2665 loco
1246 2641 1281 2664 ab
1296 2641 1333 2664 II.
1353 2647 1445 2671 snpra
1470 2647 1581 2664 rersnm
1597 2640 1738 2670 scriptum
1753 2642 1813 2670 est;
1832 2639 1882 2663 sed

109 2686 235 2710 scribere
256 2686 380 2710 voluisse
402 2685 536 2710 videtur:
557 2691 626 2709 nam
647 2682 769 2716 partim.
859 2686 883 2711 6)
904 2684 951 2707 Ita
972 2683 1008 2707 H.
1029 2683 1157 2707 carrea-it
1180 2690 1215 2706 est
1235 2679 1369 2713 aliquod.
1455 2680 1485 2711 d)
1507 2682 1571 2711 Sic,·
1594 2681 1738 2706 rolebatne
1758 2681 1885 2705 scribere

110 2726 297 2752 reuelatione
306 2727 318 2751 ζ)

234 2834 244 2853 ¹
271 2833 413 2868 Ioannis
438 2845 529 2867 uxor
556 2835 634 2867 erat
652 2831 861 2866 Elisabetha
881 2830 1059 2865 Nothhaft
1077 2831 1120 2864 de
1132 2830 1417 2869 YVeissensteim
1446 2830 1491 2864 cf.
1508 2831 1595 2864 Can.
1616 2829 1666 2863 III
1685 2830 1885 2864 663—665.

231 2888 243 2907 ‘³
271 2887 407 2921 Harum
433 2899 504 2921 una
531 2889 608 2920 erat
634 2886 818 2925 Susanna;
845 2885 888 2918 de
915 2896 985 2929 qua
1012 2884 1115 2929 plura
1141 2884 1236 2917 infra
1262 2884 1436 2919 dicentur.

233 2942 245 2961 ³
270 2941 459 2984 Philippus
485 2941 683 2974 Edam-das
712 2941 896 2983 Fayyerus
931 2939 965 2972 in
993 2937 1320 2982 *Ephemeridibus
1346 2938 1428 2971 anni
1458 2938 1567 2972 1569:
1609 2938 1674 2979 „18
1702 2936 1883 2981 [Augusti,

112 2994 258 3039 scripsit
282 2993 371 3028 mihi
397 2992 634 3037 Octavianus]
663 2993 789 3026 Frater
815 2992 849 3025 di
876 2991 1057 3036 Louayna,
1089 2991 1155 3025 che
1182 2991 1216 3024 la
1242 2991 1388 3034 signora
1414 2991 1537 3024 madre
1565 2994 1582 3024 6
1609 2992 1710 3024 tanto
1737 2990 1883 3024 assidua

113 3048 205 3082 nelle
232 3047 444 3081 reuelationi
469 3047 562 3081 delle
589 3058 652 3081 sue
673 3048 759 3090 pute
778 3046 842 3079 che
861 3057 930 3078 non
950 3045 1071 3078 dorme
1090 3045 1194 3089 quasi
1212 3045 1351 3078 niente“
1376 3045 1439 3089 (ex
1458 3047 1613 3087 autogr.:
1635 3044 1718 3078 Cod.
1738 3044 1881 3078 vindob.

115 3102 204 3137 7447
233 3101 257 3136 f.
276 3099 368 3144 46¹³).
516 3101 529 3121 ⁴
555 3100 644 3134 Rom
674 3100 727 3139 10,
756 3100 786 3133 2.
