2044 3335
175 101 300 124 xxviu
731 89 775 123 11.
803 89 1027 124 Prooemium
1054 88 1245 124 voluminis
1271 89 1378 124 sexti.

173 217 213 240 eo
240 206 372 240 Ursula
399 206 542 249 Georgii
570 205 726 248 Fuggeri
753 217 852 245 uxor,
880 217 986 249 quarn
1014 204 1098 245 dixi,
1138 205 1418 246 „revelationes“
1448 205 1539 246 illas,
1574 206 1761 240 sacerdote
1787 206 1940 250 quodam

172 259 349 293 saeculari
365 259 577 294 connivente
591 258 704 301 (334),
723 259 904 292 mordicus
918 258 1107 298 tenebant;
1126 269 1218 302 quae
1233 259 1341 292 etiam
1360 259 1490 293 litteris
1505 259 1809 302 consignabantur
1826 259 1941 302 (255),

172 312 206 345 in
226 312 358 354 vulgus
377 314 501 356 postea
528 311 749 351 efferendae;
778 323 893 355 neque
920 311 1001 356 plus
1028 311 1071 345 ab
1092 311 1136 344 iis
1162 311 1351 355 impetrari
1376 314 1529 356 poterat,
1557 323 1663 356 quam
1690 317 1730 346 ut
1754 323 1793 346 se
1810 312 1941 346 summi

174 365 352 409 pontificis
390 366 491 399 scitis
530 364 647 398 omnia
673 364 898 398 subiecturos
938 376 1017 398 esse
1049 364 1268 408 sponderent
1313 365 1437 408 (353s4
1464 366 1531 399 375
1559 365 1657 407 393).
1709 365 1795 399 Pius
1829 365 1942 408 igitur

174 418 337 462 pontifex
373 418 469 462 ipsos
505 429 525 450 a
561 418 732 451 daemone
758 417 883 452 illusos
919 429 998 451 esse
1025 417 1272 461 pronuntiavit
1309 418 1432 460 (376);
1470 418 1576 452 simul
1611 418 1653 451 de
1680 418 1843 452 Susanna
1868 418 1941 458 illa,

173 482 279 514 quam
307 482 415 514 supra
433 471 516 510 dixi,
546 470 713 504 Ursulam
733 471 867 514 scripto
898 470 1007 514 (quod
1026 470 1159 504 Romae
1186 473 1374 514 acceptum
1401 471 1594 504 cardinalis
1620 471 1820 505 Truchsess
1847 471 1941 505 clam

173 524 322 558 Alberto
349 524 390 557 V.
420 524 533 566 misit)
561 523 726 557 hortatus
762 525 827 563 est,
863 526 903 557 ut
938 535 980 557 ea
1014 523 1073 557 vel
1098 523 1134 557 in
1170 524 1398 558 matrimonio
1433 524 1491 558 vel
1518 525 1551 558 in
1579 525 1795 558 monasterio
1821 523 1941 568 aliquo

173 576 346 611 collocata
381 589 423 611 ac
458 577 565 611 rebus
600 577 643 610 ad
681 577 875 610 vivendum
911 577 1125 610 necessariis
1160 577 1337 611 instructa
1363 577 1408 611 ad
1435 577 1506 611 alia
1532 577 1678 622 pietatis
1704 589 1821 622 opera,
1849 588 1941 620 quae

172 630 388 674 reipublicae
415 629 633 664 christianae
668 630 837 663 maiorem
873 630 1065 664 utilitatem
1103 630 1231 664 afferre
1266 632 1423 674 possent,
1458 642 1496 664 se
1533 633 1759 664 converteret
1786 630 1941 675 (393s4).

173 682 386 716 Franciscus
412 686 531 716 autem
551 683 704 725 Borgias
730 683 993 717 institutionem
1021 683 1063 716 de
1088 683 1227 717 ratione
1253 683 1436 717 tractandi
1463 695 1722 727 energumenos
1749 695 1770 717 a
1795 695 1834 717 se
1860 695 1939 717 con-

173 736 345 780 scriptam
374 736 516 770 Canisio
543 738 580 770 et
606 736 755 770 Hoffaeo
781 736 889 776 misit,
917 748 1009 780 quae
1035 736 1196 780 pontifici
1215 747 1356 780 quoque
1382 739 1582 771 monstrata
1607 737 1652 771 ab
1679 748 1791 781 eoque
1816 748 1941 781 appro-

174 790 258 823 bata
284 801 361 823 esse
398 789 539 823 omnino
575 789 718 823 videtur
754 791 790 823 et
821 801 915 823 nunc
942 790 1095 833 primum
1121 790 1220 834 typis
1256 790 1438 833 vulgatur.
1485 790 1635 833 Borgias
1661 789 1760 830 haec,
1799 792 1943 834 praeter

172 842 285 876 inulta
303 842 383 881 alia,
413 845 551 876 monet:
580 843 672 876 Ante
692 842 932 876 exorcismum
952 845 1106 884 curetur,
1134 846 1174 876 ut
1203 842 1329 887 „plane
1357 846 1579 888 compertum
1606 844 1663 883 sit,
1690 854 1814 877 veram
1841 842 1942 876 illam

175 907 254 929 esse
291 896 473 929 daemonis
509 896 795 936 obsessionem“;
842 908 934 929 neve
970 896 1132 930 daemoni
1165 896 1254 930 fides
1289 897 1486 936 habeatur,
1521 897 1663 930 etiamsi
1698 896 1788 930 bona
1823 896 1942 930 dicere

176 948 359 982 videatur:
387 961 478 983 neve
505 949 658 983 multum
684 950 856 994 temporis
882 950 918 983 in
945 949 1181 983 exorcizando
1207 949 1437 990 absumatur;
1467 950 1649 984 Sociorum
1669 952 1787 984 estex
1813 949 1942 983 animis

176 1002 294 1046 potius
321 1014 428 1045 quam
456 1014 500 1036 ex
527 1002 735 1047 corporibus
763 1003 954 1036 daemones
972 1004 1106 1043 eicere;
1133 1005 1323 1047 propterea
1342 1003 1505 1047 ignatius
1523 1014 1704 1047 nunquam
1723 1002 1943 1037 exorcismos

176 1055 263 1089 tecit
291 1056 444 1098 (3913‘4).
495 1056 653 1090 Maxime
691 1056 843 1100 denique
883 1055 1026 1090 Canisio
1063 1056 1239 1100 placebat,
1278 1057 1370 1100 quod
1409 1057 1560 1100 Borgias
1599 1056 1859 1096 constituebat,
1897 1067 1941 1089 ne

177 1108 269 1143 Socii
297 1109 522 1142 exorcizandi
549 1121 678 1143 munus
696 1111 923 1154 susciperent
940 1109 1008 1143 nisi
1026 1110 1223 1154 praepositi
1250 1109 1484 1154 provincialis
1510 1110 1697 1155 permissu,
1732 1121 1824 1143 neve
1850 1108 1881 1142 is
1907 1108 1942 1142 id

179 1161 404 1205 permitteret
431 1162 499 1196 nisi
526 1163 561 1195 in
589 1174 720 1205 magna
747 1164 964 1196 necessitate
992 1162 1106 1205 (400).
1150 1163 1315 1207 „Spero“,
1342 1163 1459 1207 inquit
1486 1163 1651 1197 Canisius
1678 1162 1831 1205 Borgiae
1857 1162 1940 1196 scri-

178 1215 276 1253 bens,
308 1227 382 1256 „me
408 1227 591 1259 nunquam
619 1216 774 1260 amplius
801 1217 1015 1250 exorcistam
1044 1217 1225 1250 futurum“
1259 1216 1373 1260 (401).
1417 1217 1513 1250 Idem
1540 1216 1577 1250 in
1602 1216 1761 1250 manuali
1788 1215 1941 1259 quodam

178 1279 243 1301 suo
269 1268 380 1302 multa
409 1268 478 1302 alia
513 1269 690 1302 adversus
726 1269 908 1303 daemonis
945 1270 1158 1303 vexationes
1192 1269 1351 1303 remedia
1377 1270 1533 1313 collegit,
1568 1272 1609 1303 ut
1635 1269 1848 1304 cotidianam
1887 1280 1942 1302 co-

177 1332 284 1354 ronae
318 1322 499 1355 marianae
534 1322 800 1361 recitationem,
843 1322 1068 1366 frequentem
1110 1323 1414 1363 communionem,
1456 1334 1579 1356 sacras
1622 1322 1941 1367 peregrinationes,

178 1385 307 1417 aquam
334 1379 524 1416 sacratarn,
556 1375 699 1417 „Agnos
730 1375 828 1417 Dei“‚
856 1375 1119 1410 invocationem
1147 1375 1267 1418 angeli
1294 1376 1452 1410 custodis
1479 1378 1546 1410 etc.
1577 1375 1690 1419 (715).

298 1427 395 1461 Haec
422 1429 465 1462 ad
493 1428 799 1471 daemonologiam
837 1429 906 1470 vel,
945 1430 976 1462 si
1014 1429 1065 1463 ita
1099 1429 1217 1463 dicere
1252 1429 1376 1470 malis,
1412 1429 1456 1463 ad
1493 1428 1711 1471 theologiam
1750 1428 1942 1472 mysticam

178 1482 345 1524 spectant
371 1484 407 1514 et
432 1485 535 1515 sexto
562 1481 644 1514 huic
670 1482 843 1516 volumini
869 1483 1013 1528 propria
1039 1484 1142 1522 sunt;
1177 1482 1264 1516 illud
1297 1494 1383 1516 vero
1419 1494 1499 1516 cum
1525 1481 1674 1525 reliquis
1700 1480 1942 1523 voluminibus

177 1533 210 1567 ei
235 1546 422 1568 commune
448 1537 513 1574 est,
541 1535 633 1578 quod
660 1536 780 1569 varias
808 1536 850 1570 de
877 1536 1020 1570 iesuitis
1046 1536 1240 1570 fabulas
1265 1535 1386 1569 habet.
1426 1536 1612 1579 Augustae
1639 1535 1675 1568 in
1699 1535 1801 1568 domo
1821 1534 1942 1578 aliqua

178 1588 366 1630 t‘uggerica
393 1587 575 1629 Iesuitam,
602 1589 660 1632 qui
689 1589 846 1623 famulae
872 1590 1060 1623 terrendas
1095 1600 1204 1623 causa
1230 1589 1414 1623 daemonis
1440 1589 1596 1633 speciem
1622 1588 1808 1629 induisset,
1834 1590 1942 1621 noctu

178 1641 395 1675 trucidatum
436 1653 515 1675 esse
553 1644 590 1676 et
615 1642 742 1685 figuris
780 1643 816 1676 in
843 1643 941 1686 ligno
975 1643 1099 1677 incisis
1135 1645 1171 1677 et
1204 1642 1370 1676 versibus
1407 1643 1552 1676 excusis
1577 1641 1796 1685 vulgabatur
1825 1641 1940 1684 (338).

179 1694 269 1728 Item
307 1706 384 1728 cuin
425 1694 558 1728 Romae
597 1695 689 1729 Socii
728 1696 763 1729 in
802 1698 965 1739 egestate
1005 1698 1145 1738 essent,
1192 1707 1252 1730 eos
1288 1696 1362 1729 illic
1401 1707 1557 1730 annuum
1597 1695 1751 1729 reditum
1793 1694 1941 1729 100000

179 1759 387 1781 coronarum
423 1748 554 1782 habere
593 1749 741 1783 Alberto
770 1749 812 1784 V.
850 1749 1026 1783 Bavariae
1064 1750 1144 1783 duci
1180 1752 1367 1783 narratum
1406 1751 1462 1783 est
1500 1749 1614 1793 (736).
1664 1748 1789 1792 Neque
1824 1748 1941 1790 magis

180 1812 304 1834 verum
341 1804 435 1842 erat,
484 1801 576 1845 quod
616 1801 729 1835 Roma
767 1802 810 1836 ad
850 1803 1137 1837 Maximilianum
1172 1803 1217 1837 11.
1256 1803 1508 1847 imperatorem
1551 1802 1663 1845 aliqui
1704 1800 1940 1835 rettulerunt:

182 1853 364 1888 Canisium
390 1855 550 1898 aliosque
578 1855 700 1889 Socios
726 1856 760 1889 in
787 1856 904 1900 ipsum
931 1857 1023 1901 apud
1051 1856 1156 1890 Pium
1169 1856 1212 1890 V.
1240 1856 1334 1890 mala
1360 1855 1584 1889 machinatos
1610 1866 1689 1889 esse
1717 1855 1830 1898 (237).
1869 1853 1943 1888 Alii

182 1906 364 1942 Canisium
405 1909 448 1941 ad
488 1910 730 1953 protestantes
772 1909 947 1943 transisse
990 1910 1132 1953 iamque
1171 1909 1205 1942 in
1249 1921 1326 1943 eam
1366 1908 1583 1943 sententiam
1622 1908 1839 1952 aliquotiens
1877 1919 1941 1952 pro

180 1962 343 1995 contione
369 1962 503 1995 dixisse
528 1962 741 1999 narrabant:
776 1963 812 1996 id
838 1963 930 2007 quod
957 1975 1020 2008 per
1045 1963 1278 1997 Franconiam
1314 1966 1416 1997 tanta
1443 1973 1523 1996 cum
1549 1962 1751 1996 constantia
1777 1964 1814 1995 et
1838 1961 1942 1995 certi-

180 2015 303 2048 tudine
330 2015 570 2056 asserebatur,
606 2018 645 2049 ut
679 2016 823 2050 tandem
853 2017 1017 2051 Canisius
1046 2016 1267 2061 Herbipolim
1303 2016 1458 2061 episcopi
1495 2018 1623 2059 rogatu
1655 2016 1796 2049 veniret
1833 2017 1871 2049 et
1896 2025 1942 2049 ex

176 2068 301 2112 templi
328 2068 544 2102 cathedralis
570 2072 747 2112 suggestu
774 2069 989 2104 calumniam
1016 2070 1113 2103 illam
1141 2071 1294 2104 dilueret
1321 2070 1405 2112 (185
1438 2070 1535 2111 555).

297 2121 464 2156 Omnium
501 2122 657 2156 maxime
684 2122 874 2157 Societatis
909 2123 1112 2157 hominibus
1147 2123 1363 2157 ministri
1400 2124 1740 2167 protestantes
1772 2120 1874 2155 libris
1901 2132 1941 2154 eo

178 2177 336 2220 tempore
373 2175 479 2209 editis
513 2175 788 2210 maledicebant.
841 2176 1022 2210 Canisium
1065 2176 1238 2210 scientem
1284 2187 1422 2210 errores
1456 2175 1646 2209 defendere
1683 2173 1795 2208 semel
1833 2176 1941 2217 atque

176 2229 304 2262 iterum
327 2229 474 2262 loannes
494 2228 692 2273 Gnypheus
710 2229 856 2274 scripsit
877 2230 991 2274 (699).
1023 2229 1124 2264 Sicut
1141 2230 1268 2270 Turca,
1288 2230 1405 2274 inquit
1423 2229 1574 2263 Ioannes
1590 2228 1802 2272 WVigandus,
1822 2227 1940 2271 gladio

177 2294 334 2326 corpora.
371 2282 421 2316 ita
449 2281 615 2316 Canisius
641 2283 859 2317 catechismo
885 2283 1025 2317 animas
1052 2284 1200 2323 occidit;
1237 2295 1303 2317 nec
1338 2283 1479 2317 nomine
1506 2283 1588 2317 Iesu
1624 2283 1654 2316 is
1689 2281 1793 2316 aliter
1827 2281 1941 2315 utitur

177 2347 284 2379 quam
311 2335 354 2368 ad
381 2335 542 2369 homines
569 2336 796 2380 decipiendos
824 2336 938 2380 (696).
976 2336 1148 2371 Similiter
1173 2336 1329 2370 ministri
1356 2334 1664 2379 1·ussiaci(Reuss)
1692 2335 1780 2369 duce
1799 2334 1940 2368 Simone

177 2389 324 2422 Musaeo
351 2388 564 2429 clamabant,
592 2389 627 2422 in
655 2389 872 2424 catechismo
896 2390 1060 2424 iesuitico
1079 2390 1277 2424 doctrinam
1305 2390 1347 2423 de.
1374 2388 1628 2423 iustificatione
1646 2388 1738 2422 tradi
1763 2388 1940 2422 turcicam

178 2444 214 2475 et
239 2442 438 2481 ethnicain;
464 2453 579 2486 neque
607 2443 698 2476 enim
727 2443 986 2477 satisfactionis
1013 2443 1147 2478 Christi
1173 2443 1207 2476 in
1236 2455 1275 2477 eo
1301 2443 1378 2476 fieri
1415 2443 1629 2476 mentionem
1659 2441 1773 2484 (657).
1824 2440 1940 2474 Lucae

178 2497 295 2528 autern
324 2495 500 2528 Osiandro
535 2496 689 2528 lesuitae
725 2499 809 2530 sunt
834 2496 1055 2541 hypocritae,
1091 2497 1235 2540 tyranni
1271 2496 1454 2537 crudeles,
1492 2495 1672 2535 Esauissae,
1708 2493 1938 2534 Iesabelitae;

179 2548 320 2581 eosdem
348 2548 501 2582 Ioachim
531 2548 766 2593 Westphalus
793 2561 875 2583 sues
902 2550 1069 2594 impuras,
1108 2549 1247 2583 Flacius
1283 2549 1435 2593 denique
1461 2548 1627 2593 Illyricus
1653 2548 1755 2592 lupos
1781 2558 1940 2591 rapaces,

178 2604 338 2642 noctuas,
374 2602 658 2645 vespertiliones,
694 2614 819 2636 servos
846 2603 1059 2637 Antichristi
1094 2605 1226 2636 vocant
1259 2603 1344 2646 (402
1371 2602 1478 2644 692s3
1506 2602 1618 2644 697¹).
1669 2601 1751 2634 ldeo
1786 2611 1846 2634 eos
1872 2600 1941 2644 piis

179 2654 342 2687 omnibus
368 2654 446 2687 odio
472 2666 550 2688 esse
577 2655 705 2688 debere
732 2655 882 2689 Ioannes
909 2655 1138 2690 Marbachius
1165 2656 1268 2689 docet
1295 2656 1411 2699 (653).

298 2707 396 2740 Haec
422 2719 442 2740 a
469 2707 581 2741 Sociis
607 2719 670 2752 per
695 2708 803 2749 facta,
840 2720 909 2742 non
943 2721 1007 2753 per
1032 2709 1143 2742 verba
1169 2708 1417 2751 redarguenda
1443 2719 1522 2741 esse
1549 2706 1702 2740 Sanctus
1728 2705 1941 2740 Franciscus

179 2759 329 2802 Borgias
355 2761 580 2804 praepositus
606 2760 784 2803 generalis
811 2762 1043 2795 existimabat
1071 2762 1194 2805 (199);
1230 2772 1346 2805 neque
1372 2764 1492 2795 tamen
1528 2760 1676 2794 deerant
1702 2759 1852 2799 externi,
1879 2759 1941 2802 qui

180 2824 259 2857 pro
286 2813 347 2846 iis
373 2814 606 2847 calamum
631 2819 891 2855 sumerent;
920 2815 970 2848 ita
998 2815 1213 2849 Benedictus
1238 2814 1396 2848 Moreius
1421 2813 1594 2858 hispanus
1621 2815 1744 2847 contra
1769 2811 1941 2846 Heshusii

180 2866 222 2899 de
241 2865 415 2900 Thornaei
431 2867 612 2910 apostasia
634 2866 858 2908 „Gratiarum
880 2868 1075 2901 actione1n“
1098 2867 1318 2912 Antverpiae
1337 2867 1509 2908 „Brevem
1528 2869 1564 2899 et
1583 2877 1705 2900 veram
1721 2865 1936 2899 Historiam‘

181 2918 292 2952 edidit
321 2920 472 2961 (malfe),
500 2919 648 2953 [odocus
674 2920 882 2964 Ravesteyn
908 2921 1156 2955 universitatis
1190 2920 1411 2954 lovaniensis
1446 2920 1628 2964 professor
1654 2917 1787 2952 Canisii
1813 2918 1939 2952 doctri-

180 2982 262 3005 nam
289 2971 331 3005 de
357 2972 611 3006 iustificatione
637 2984 657 3006 a
683 2973 927 3007 ministrorum
954 2973 1260 3018 antverpiensium
1287 2975 1323 3006 et
1341 2973 1452 3006 Flacii
1470 2972 1606 3017 Illyrici
1633 2970 1940 3006 criminationibus

180 3024 215 3057 in
243 3024 380 3058 duobus
406 3024 506 3059 libris
533 3025 691 3059 defendit
720 3026 832 3069 (665),
861 3027 1019 3060 Adamus
1039 3026 1226 3060 Walasser
1250 3026 1364 3059 laicus
1388 3025 1593 3068 dilinganus
1619 3024 1708 3058 libro
1736 3023 1938 3067 germanico

183 3077 286 3119 edito,
315 3077 458 3121 quantis
484 3078 622 3112 iniuriis
649 3078 808 3112 Societas
835 3090 855 3112 a
881 3079 1164 3123 protestantibus
1190 3078 1405 3119 afficeretur,
1432 3078 1693 3112 demonstravit
1721 3076 1832 3121 (339).
