2044 3335
351 102 452 137 1673.
481 101 645 136 Canisius
672 100 706 136 S.
726 101 916 136 Francisco
943 101 1106 145 Borgiae.
1146 100 1291 145 Dilinga
1317 101 1373 135 23.
1394 100 1485 134 Iunii
1506 101 1607 135 1569.
1781 104 1867 145 333

215 220 246 254 4.
275 219 408 253 Eodem
435 230 528 253 anno
549 219 639 253 1569
667 218 725 252 vel
751 220 833 263 post
851 218 969 253 Osorii
994 219 1127 253 librum
1145 218 1203 251 vel
1224 238 1265 241 ——
1286 218 1319 252 id
1348 217 1440 262 quod
1468 217 1556 252 mihi
1584 217 1728 261 quidem
1754 219 1867 253 multo

96 272 214 316 magis
251 272 424 317 probatur
452 292 493 295 —
522 273 605 305 ante
644 283 724 305 eum
763 271 932 315 Dilingae
970 283 1105 306 excusa
1143 273 1198 305 est
1239 271 1504 312 „confessionis
1542 270 1866 314 Augustinianae“,

96 337 203 370 quam
231 325 374 360 Canisio
400 325 568 359 hortante
595 326 631 358 et
656 325 853 359 adiuvante
879 325 919 360 P.
946 324 1190 370 Hieronymus
1217 324 1407 358 Torrensis
1433 324 1467 358 S.
1485 324 1518 358 J.
1545 325 1700 369 primum
1728 336 1759 358 a.
1775 326 1864 360 1567

93 378 225 412 ibidem
251 379 411 412 ediderat
441 378 491 420 (v.
514 378 599 411 Cau.
619 377 652 411 V
675 377 774 421 818),
802 378 910 412 editio
937 378 1095 412 secunda
1121 389 1234 421 eaque
1254 377 1360 411 valde
1386 378 1626 422 amplificata:
1658 377 1865 419 „Confessio

96 431 360 475 Augustiniana
385 431 420 465 in
446 431 556 465 libros
583 432 738 474 quatuor
763 431 967 473 distributa,
995 433 1031 465 et
1058 430 1167 465 certis
1186 430 1365 475 capitibus
1391 430 1549 465 locorum
1568 430 1865 475 theologicorum,

94 485 156 529 qui
190 488 275 519 sunt
309 485 413 519 hodie
448 484 543 519 scitu
578 484 792 528 dignissimi,
828 484 1105 530 comprehensa:
1145 496 1190 517 ex
1225 484 1391 518 omnibus
1427 484 1465 517 B.
1494 484 1633 518 Aurelii
1668 484 1865 528 Augustini

93 537 195 572 libris
233 539 269 572 in
304 550 414 572 vnum
449 549 537 582 opus
573 537 665 571 bona
699 538 769 571 fide
808 549 849 572 ac
887 538 1006 572 studio
1043 537 1222 580 singulari
1260 537 1408 570 redacta
1444 549 1506 582 per
1532 537 1574 571 D.
1602 539 1864 582 Hieronymum

98 592 318 635 Torrensem,
344 591 536 626 Societatis
561 591 645 625 Iesv
671 590 906 634 Theologum,
946 593 982 625 et
1008 590 1224 625 Academiae
1251 589 1468 632 Dilinganae
1494 591 1753 625 Professorem.
1804 591 1863 625 Se-

93 645 210 678 cunda
245 644 353 679 editio
388 656 456 678 non
493 644 608 678 solum
636 643 868 684 emendatior,
904 644 968 678 sed
1005 645 1114 678 etiam
1150 643 1259 677 tertia
1294 645 1396 688 parte
1433 643 1504 676 iam
1532 644 1672 677 auctior
1707 646 1742 677 et
1768 643 1863 678 locu-

92 697 233 742 pletior.
345 697 433 731 Cum
460 697 578 741 gratia
605 699 640 731 et
666 697 863 740 Priuilegio
890 697 992 731 Caes.
1020 697 1162 731 Maiest.
1188 696 1356 738 Dilingae
1383 696 1477 740 apud
1505 695 1698 730 Sebaldum
1723 697 1862 742 Mayer.

92 751 141 785 M.
161 750 202 785 D.
221 751 366 785 LXIX.“
420 751 460 784 ln
495 750 580 784 folio
612 750 758 785 ultimo:
800 751 1037 795 „impressum
1064 750 1242 794 Dilingae.
1294 749 1346 783 De
1382 749 1528 783 licentia
1554 749 1862 784 Reverendissimi

92 803 271 838 Ordinarii
298 806 334 838 et
359 803 509 838 aliorum
535 803 794 846 legittimorum
823 804 1097 848 Superiorum“;
1125 804 1187 844 20;
1214 804 1249 837 ff.
1277 803 1370 845 sign.
1398 802 1486 843 ‘284;
1514 806 1701 847 praeterea
1728 804 1763 837 ff.
1790 815 1860 837 non

90 858 183 901 sign.
210 857 246 891 in
273 858 373 892 initio
402 858 444 892 18
473 856 610 900 (addito
636 857 791 900 titulari)
820 860 856 891 et
881 858 917 891 in
943 858 1012 891 fine
1039 857 1095 892 33.
1146 857 1187 890 In
1216 855 1389 898 „Ratione
1416 856 1594 890 secundae
1622 856 1789 890 editionis
1815 857 1859 891 ad

93 910 296 945 Lectorem“
337 911 421 945 data
447 909 636 944 Torrensis
670 910 801 944 refert:
842 910 1124 953 „Desiderabant
1160 921 1180 943 a
1216 910 1317 943 nobis
1343 909 1411 942 viri
1448 909 1544 943 docti
1579 911 1616 943 et
1642 909 1702 954 pij,
1738 912 1778 943 vt
1814 922 1859 944 ex

91 964 242 998 aliorum
277 975 418 1008 quoque
450 963 783 1007 antiquissimorum
810 963 960 998 Patrum
993 963 1185 1007 Ambrosij,
1213 962 1435 1006 Hieronymi,
1471 962 1636 1007 Gregorij
1674 963 1859 998 immensis

91 1017 332 1052 voluminibus
357 1017 416 1051 vel
442 1017 487 1051 ad
513 1017 712 1060 marginem
739 1017 869 1051 saltem
895 1029 1109 1052 consensum
1137 1017 1404 1057 adnotaremus,
1441 1016 1535 1059 quod
1561 1028 1631 1050 non
1659 1019 1737 1050 erat
1763 1017 1859 1051 futu-

89 1082 169 1105 rum
194 1072 245 1105 ita
270 1070 429 1111 difficile,
464 1070 526 1104 sed
554 1070 638 1113 quia
668 1069 984 1116 Hieronymianam
1011 1081 1144 1114 magna
1178 1069 1249 1104 iam
1277 1081 1322 1103 ex
1348 1070 1450 1113 parte
1477 1069 1666 1103 collectam
1693 1071 1859 1104 nouimus

89 1126 197 1168 atque
223 1124 430 1169 propediem
456 1124 491 1157 in
518 1123 634 1157 lucem
661 1124 829 1158 similiter
847 1124 1026 1158 exituram
1051 1123 1280 1169 speramus¹z
1308 1123 1559 1156 existimamus
1578 1123 1691 1157 multo
1718 1124 1753 1157 id
1779 1135 1860 1158 esse

89 1177 359 1219 conducibilius,
386 1177 609 1221 singulorum
636 1180 778 1222 patrum
803 1178 968 1221 singulas
987 1177 1231 1212 confessiones
1257 1188 1320 1221 per
1338 1177 1449 1210 otium
1469 1177 1562 1218 cudi,
1589 1179 1698 1222 atque
1717 1178 1860 1211 menda-

88 1232 243 1266 cissimis
269 1231 383 1266 nostri
408 1231 580 1275 temporis
607 1230 870 1265 haereticorum
898 1231 1183 1265 confessionibus
1210 1230 1358 1275 opponi“
1392 1229 1432 1274 (f.
1449 1231 1476 1272 β
1492 1229 1559 1273 5²³).

89 1334 239 1372 16'73.
339 1336 558 1371 CANISIUS
587 1334 853 1372 SANCTO
882 1333 1272 1372 FRANGISCO
1300 1333 1619 1371 BORGIAE
1655 1336 1861 1381 praeposito

279 1390 439 1434 generali
465 1390 656 1426 Societatis
682 1390 774 1424 Iesu.
1334 1389 1481 1432 Dilinga
1508 1389 1564 1424 23.
1590 1390 1681 1423 lunii
1711 1390 1812 1424 1569.

208 1455 263 1489 Ex
290 1454 513 1500 autographo
543 1455 619 1497 (203
648 1454 715 1497 272
735 1466 813 1499 pp.;
843 1455 878 1488 in
897 1455 966 1499 p.4
992 1455 1112 1496 insen,
1138 1454 1210 1488 alia
1229 1466 1336 1488 manu
1356 1454 1484 1499 posita,
1511 1456 1548 1488 et
1571 1454 1744 1498 reliquiae
1763 1455 1861 1497 sig),

91 1508 212 1544 Germ.
234 1508 299 1543 183
327 1521 361 1543 n.
380 1509 450 1543 238
478 1508 518 1552 (f.
541 1509 603 1542 141
635 1508 731 1551 142).
768 1508 987 1542 Litterarum
1014 1520 1099 1553 pars
1126 1509 1259 1552 exigua
1286 1508 1382 1542 edita
1408 1511 1464 1542 est
1490 1508 1525 1542 in
1555 1508 1641 1552 Epp.
1662 1509 1785 1542 Nadal
1810 1508 1862 1542 ΙΙΙ

88 1562 178 1602 813;
205 1562 399 1596 earundem
424 1564 565 1607 partem
593 1562 764 1596 maiorem
791 1562 996 1606 germanice
1022 1561 1144 1607 posuit
1169 1563 1288 1605 Dulcr,
1309 1561 1637 1596 Jes.1732-733.

212 1634 399 1667 Coutioues
434 1638 665 1676 azcyustanae.
721 1634 861 1666 Caue'sii
898 1634 937 1666 iu
969 1634 1149 1667 Centuric’s
1182 1634 1390 1676 refutandis
1427 1633 1586 1676 labor-⁶232·
1624 1635 1698 1666 eius
1734 1636 1861 1667 socius.

92 1687 245 1720 Ioannes
279 1691 310 1720 et
335 1688 465 1721 Ursula
492 1687 635 1730 Fnyyer
660 1698 799 1730 parsum
831 1688 986 1720 audiunt
1016 1687 1201 1720 Canisium
1227 1688 1397 1730 aliosque,
1429 1691 1616 1730 mouentes,
1650 1698 1691 1720 ue
1717 1688 1863 1720 credant

88 1744 313 1774 mortuorum
340 1741 482 1773 animas
518 1742 555 1773 in
582 1751 736 1783 corpora
769 1742 913 1783 ‘iuqredi
937 1742 1126 1774 viventium
1153 1745 1211 1774 etc.
1263 1741 1420 1774 Pecunia
1451 1751 1522 1783 pro
1548 1742 1674 1783 templo
1700 1751 1862 1774 romano.

92 1793 243 1837 Colleye'o
266 1795 470 1837 yermuuico
504 1794 664 1827 subsidia
699 1795 857 1837 synodus
891 1794 1166 1836 salisburyensis
1191 1795 1281 1827 dare
1312 1795 1436 1837 uoluit,
1472 1795 1653 1827 Bavarc‘ae
1679 1795 1755 1827 dux
1778 1805 1863 1836 pro-

86 1848 203 1880 videre
227 1848 350 1880 studet.
389 1848 605 1881 Seminaria.
642 1848 825 1881 Nobilium
852 1848 920 1889 filu·
940 1849 1085 1881 Romam
1113 1849 1286 1881 mittendi.
1324 1849 1446 1889 Imfayo
1474 1849 1515 1881 B.
1532 1848 1580 1880 M.
1601 1849 1635 1881 V.
1675 1848 1864 1881 Societatis

85 1901 288 1934 desertores
334 1901 461 1935 Rector
487 1903 756 1944 oem'pontauus.
805 1902 990 1934 Conta'ones
1015 1912 1037 1934 α
1064 1901 1101 1934 P.
1122 1902 1279 1943 Roseffio
1306 1901 1468 1934 edendae.
1508 1901 1547 1934 P.
1568 1901 1749 1934 Tum-iani
1773 1901 1863 1934 liber

87 1955 289 1996 excuditur,
318 1955 503 1987 Societatis
530 1956 670 1988 nomine
688 1957 943 1998 praetermisso
969 1960 999 1987 et
1026 1955 1111 1988 locis
1136 1955 1341 1988 acrioribus
1365 1955 1547 1997 mitiyate's.
1600 1955 1768 1987 Eiusdem
1793 1965 1862 1998 pro

86 2008 282 2040 canonibus
308 2009 512 2051 apostolicis
537 2013 596 2042 etc.
623 2009 724 2042 liber.
775 2009 934 2042 Litterae
959 2009 1111 2041 fmle'cae.

251 2079 278 2131 †
312 2079 405 2121 Pax
436 2079 595 2122 Christi
627 2079 749 2122 nobis
781 2083 975 2130 aeterna,
1011 2079 1254 2122 Admodum
1288 2079 1544 2121 Reuerendo
1576 2083 1714 2133 pater.

206 2149 364 2193 Veniet
384 2150 466 2192 huc
488 2150 608 2192 breui
626 2151 759 2193 Pater
776 2151 1055 2193 Prouintialis
1067 2153 1096 2201 2,
1121 2165 1218 2193 cum
1241 2165 1324 2204 quo
1348 2165 1476 2204 agam
1500 2165 1659 2201 coram,
1684 2150 1859 2192 vbinam

86 2215 193 2257 uelit
219 2229 286 2257 me
309 2230 405 2257 cum
428 2216 589 2258 nostris
610 2216 822 2260 habitare.
867 2217 1070 2270 Augusta
1092 2217 1264 2270 quidem
1289 2217 1478 2267 discessi,
1514 2220 1636 2259 ratus
1659 2216 1859 2259 Paterni-

62 2281 169 2323 -tati
202 2281 321 2323 Tuae
354 2281 628 2335 placiturum,
663 2282 776 2334 quod
809 2297 904 2324 cun]
939 2283 1051 2324 bona
1083 2282 1212 2325 uenia
1233 2282 1531 2336 Fuggerorum
1566 2296 1674 2323 onus
1696 2282 1860 2324 Mauri-

86 2346 233 2389 tianae
266 2346 513 2397 cathedrae,
548 2347 616 2388 cui
646 2347 731 2388 iam
766 2348 936 2401 alligati
968 2348 1235 2398 uidebamur,
1271 2347 1578 2402 deposuissem.
1643 2348 1701 2390 Et
1733 2361 1861 2401 spero

88 2425 172 2453 non
214 2412 463 2454 defuturum
512 2415 764 2463 externum,
814 2427 941 2466 quem
988 2413 1117 2467 ijdem
1159 2413 1349 2466 Fuggeri
1399 2412 1732 2454 commodiorem
1781 2413 1862 2455 sibi

88 2479 306 2531 putarent,
340 2477 381 2518 in
416 2477 497 2519 hac
529 2478 779 2520 cathedra3.
840 2478 1059 2531 Dilingam
1092 2492 1195 2520 uero
1230 2479 1308 2519 oba
1339 2478 1496 2527 studia,
1531 2491 1640 2531 quae
1673 2478 1778 2520 mihi
1810 2479 1862 2520 de

87 2544 262 2584 caetero
294 2543 528 2585 tractanda
561 2546 675 2593 sunt,
708 2544 942 2597 petendam
975 2544 1139 2597 putaui,
1175 2544 1290 2596 quod
1321 2544 1466 2597 plures
1498 2543 1586 2584 illic
1619 2543 1864 2597 Theologos

88 2610 133 2649 et
174 2607 381 2650 maiorem
424 2608 631 2650 librorum
675 2609 842 2663 copiam
880 2609 1107 2662 reperiam.
1172 2609 1409 2651 Praeterea
1442 2608 1645 2650 existimo
1680 2609 1724 2652 P.
1760 2610 1862 2652 Pro-

89 2672 313 2715 uintialem
362 2688 447 2715 non
495 2674 714 2727 grauatim
762 2673 817 2716 ad
858 2674 1168 2716 Mauritianam
1216 2673 1467 2716 cathedram
1515 2673 1779 2726 rediturum,
1828 2675 1866 2717 si

91 2738 280 2792 Fuggeri
305 2753 437 2780 unum
471 2753 493 2781 e
528 2739 687 2782 nostris
719 2741 874 2794 petant
906 2739 1263 2782 contionatorem.
1320 2739 1404 2781 Sed
1426 2739 1636 2782 Rectores
1657 2739 1864 2791 iudicant,

88 2803 202 2846 sicut
239 2806 283 2846 et
315 2817 411 2857 ego,
454 2818 540 2846 non
572 2804 792 2858 expedire,
836 2807 885 2846 vt
918 2804 1045 2846 alicui
1078 2804 1322 2846 Cathedrae
1354 2804 1412 2846 sit
1443 2805 1651 2858 alligatus
1683 2805 1864 2848 Prouin-

90 2867 221 2919 tialis,
261 2868 373 2911 sicut
405 2869 594 2923 Fuggeri
627 2870 852 2923 postulant
884 2870 1025 2923 plane.
1089 2869 1211 2919 Quod
1243 2869 1278 2911 si
1313 2869 1440 2912 aliter
1473 2870 1525 2912 de
1558 2884 1625 2912 me
1658 2871 1865 2914 statuerit

211 2955 238 2986 a)
260 2957 317 2987 Ita,
337 2958 368 2980 'ut
388 2956 514 2986 videtur,
535 2957 562 2980 C.
584 2956 712 2982 correin
733 2964 768 2981 eat
788 2955 836 2986 ad,
857 2956 930 2987 quod
947 2955 1079 2987 primum
1101 2956 1271 2987 scripserat.

215 3052 223 3071 ¹
251 3051 302 3085 De
328 3051 384 3085 his
416 3049 748 3093 „Confessionibus“
780 3052 826 3086 cf.
856 3053 942 3085 Can.
963 3050 995 3084 V
1019 3050 1099 3085 820.

213 3105 227 3125 ²
252 3104 387 3139 Paulus
413 3103 596 3139 Hoffaeus.
743 3106 755 3124 ³
782 3105 833 3139 De
859 3105 927 3139 hac
952 3116 990 3138 re
1018 3104 1063 3139 cf.
1091 3116 1199 3150 supra
1225 3116 1258 3150 p.
1278 3105 1374 3140 323².
