2044 3335
112 79 196 120 602
385 78 480 113 Mon.
507 78 696 112 973—974
721 78 798 112 sive
825 89 901 112 oen.
923 76 1098 120 (1)-(2).
1143 78 1280 112 1.-19.
1301 77 1457 121 Augusti
1486 77 1586 112 1567.

111 195 197 228 aula
224 194 362 227 Alberti
388 195 424 228 V.
451 194 561 236 ducis,
588 197 627 226 ut
651 194 807 233 videtur)
835 194 1090 227 contionatoris
1116 194 1232 235 officio
1261 194 1490 237 funyebatur,
1515 194 1680 237 scripsit:
1705 193 1743 227 P.
1771 192 1877 228 Scho-

111 246 216 280 ritius
234 246 319 280 mihi
340 246 528 289 negocium
547 246 715 280 facessit:
742 257 903 279 manus
922 245 1024 280 eius
1052 248 1220 280 contra
1247 257 1406 280 omnes
1432 248 1476 280 et
1495 246 1695 280 omnium
1723 248 1878 281 contra

111 299 261 343 ipsum
278 300 298 337 ¹,
324 310 393 331 non
419 298 504 339 scio,
531 310 630 332 come
656 298 834 333 riuscera:
868 299 903 332 in
930 298 1037 332 aliam
1073 299 1293 343 prouinciam
1329 299 1523 339 affectauit,
1558 299 1592 333 id
1628 311 1721 334 nunc
1747 299 1877 343 agitur.

110 352 194 386 Misi
221 351 261 384 R.
292 352 329 385 P.
357 351 537 385 Canisium
565 352 797 386 recreationis
833 363 943 386 causa
969 351 1195 386 Monaohium
1233 354 1270 385 et
1295 354 1336 386 vt
1362 351 1469 386 simul
1497 352 1639 386 Patrem
1677 352 1778 386 illum
1803 352 1878 397 pla—

112 406 220 445 caret,
247 404 309 438 sed
336 415 460 449 parum
488 407 544 439 est
569 406 747 440 effectum.
783 405 1022 449 Conqueritur
1038 417 1107 439 non
1134 416 1238 450 posse
1263 417 1303 439 se
1321 417 1401 439 cum
1425 405 1638 449 quibusdam
1665 405 1700 439 in
1720 405 1879 448 Collegio

111 458 244 498 viuere,
272 457 351 491 ideo
377 469 416 492 se
442 458 676 493 mutationem
695 458 880 493 meditari:
907 458 970 492 sed
996 470 1062 502 ego
1081 458 1248 492 existimo
1275 458 1382 492 aliam
1411 470 1490 493 esse
1516 470 1684 493 causam:
1711 458 1878 493 nimirum

110 510 344 544 vehementer
379 510 455 545 eius
490 523 606 546 mores
642 514 677 546 et
714 512 809 546 modi
846 511 1037 556 displicent
1074 511 1422 556 praepotentioribus
1456 511 1618 553 aulicis²‚
1657 522 1807 555 quorum
1842 512 1878 545 in

111 563 225 598 oculis
250 575 320 597 non
346 563 500 598 libenter
525 566 711 599 versatur:
738 565 907 599 condoleo
933 565 1024 598 bono
1044 564 1142 608 Patrj
1164 592 1170 599 .
1191 591 1198 598 .
1218 592 1225 598 .
1262 564 1407 598 Summa
1432 575 1653 598 summarum
1672 564 1880 598 Reuerende

112 617 230 656 Pater,
249 617 364 651 Aulae
378 619 520 652 nostros
534 618 689 662 perdunt
703 620 740 652 et
753 618 883 663 perditi
898 629 962 651 nos
977 617 1144 660 fatigant,
1164 629 1205 651 ac
1220 617 1290 651 alia
1305 617 1448 652 videtur
1461 617 1616 651 ineunda
1629 617 1720 651 ratio
1733 617 1879 651 tandem

113 681 193 704 cum
211 670 439 715 Principibus
464 682 508 705 ne
526 671 673 705 turbent
689 674 851 705 nostrum
869 671 1083 716 procedendi
1102 671 1254 711 modum,
1282 671 1451 714 quicquid
1470 670 1578 704 etiam
1597 670 1679 704 inde
1697 672 1880 714 sequatur.

232 723 421 757 Caeterum
440 724 631 768 collegium
650 736 863 758 monacense
880 724 1042 758 florebat.
1080 725 1301 769 „Reynertus
1319 723 1532 758 Fabricius“
1553 723 1586 758 S.
1602 724 1634 758 J.
1654 723 1688 757 in
1707 722 1881 758 *Litteris

113 777 261 818 annuis,
296 777 485 812 Monachio
524 779 552 812 1.
580 777 748 812 Octobris
776 779 866 813 1570
900 777 1011 818 datis,
1047 779 1190 812 narrat:
1226 777 1411 811 Habemus
1443 777 1525 822 plus
1559 788 1666 820 quam
1702 776 1772 811 540
1797 777 1880 811 adu-

111 828 289 864 lescentes
314 830 516 864 litterarum
543 831 741 872 studiosos3
779 843 824 865 ex
851 831 981 875 quibus
1014 830 1158 876 plurimi
1185 830 1339 873 singulis
1374 830 1605 864 hebdomadis
1639 830 1881 875 paenitentiae

112 886 377 917 sacramentum
403 884 615 928 suscipiunt.
672 885 739 926 „Jn
765 884 970 918 sodalitium
998 884 1138 929 Rosarij
1165 884 1205 918 Β.
1232 883 1393 927 Virginis
1419 883 1567 925 Mariae,
1604 885 1796 918 sexcentas
1830 883 1881 917 in-

112 936 220 970 scribi
247 937 453 971 curauimus
487 949 670 982 personas,
705 940 742 972 et
775 937 868 971 hanc
893 949 967 971 rem
1003 937 1209 980 religiosam
1245 937 1446 978 admodum,
1482 936 1666 971 veteribus
1693 936 1881 970 Germanis

113 989 220 1024 valde
239 990 421 1031 vsitatam,
441 991 687 1025 dissuetudine
705 991 819 1025 ferme
836 991 1119 1033 intermortuam,
1138 990 1312 1035 paulatim
1331 990 1611 1025 resuscitamus“
1636 990 1698 1033 (ex
1716 989 1881 1035 exemplo

114 1044 327 1088 archetypo;
356 1044 475 1078 Germ.
497 1044 564 1079 140
590 1044 614 1078 f.
634 1045 746 1087 274³).

233 1101 287 1138 Ad
312 1102 545 1138 monacensia
572 1101 708 1139 canisii
733 1103 967 1139 monumenta
993 1103 1166 1149 spectant
1192 1101 1306 1138 etiam
1331 1111 1426 1138 mou.
1446 1101 1512 1138 966
1538 1100 1625 1137 1034
1651 1100 1736 1137 1069
1763 1100 1852 1137 1081.

975 1220 1011 1263 Η

328 1304 785 1348 MONUMENTA
819 1303 1345 1347 OENIPONTANA
1379 1303 1676 1346 CANISII.

117 1385 221 1423 973
248 1386 327 1421 sive
355 1395 474 1421 oen.
496 1385 590 1430 (1).
665 1384 718 1420 Ab
744 1384 769 1420 1.
789 1384 835 1420 ad
861 1385 909 1421 18.
928 1384 1087 1432 Augusti
1115 1383 1208 1420 1567.

234 1452 289 1486 Ex
315 1451 549 1496 autographo.
602 1450 643 1487 G.
662 1451 727 1496 Ep.
747 1451 832 1485 VIII
859 1451 882 1486 f.
905 1451 998 1486 188³.

237 1511 406 1545 Canisz'us
427 1512 616 1554 Oem'ponte
642 1512 824 1553 colleyz'um
848 1512 977 1555 visitat,
1004 1516 1081 1544 vota
1108 1512 1249 1555 excipit,
1277 1522 1354 1544 cum
1372 1510 1563 1543 archiduce
1585 1510 1726 1553 eiusque
1750 1508 1884 1542 sorori-

115 1566 177 1598 bus
203 1566 286 1607 (cyit.

234 1626 283 1667 P.
318 1625 523 1667 Nicotaus
563 1626 757 1668 Lcmoius
798 1626 841 1667 S.
884 1626 927 1668 J.
971 1626 1130 1678 colleqt'i
1169 1625 1443 1679 oempontani
1481 1628 1616 1665 rector
1658 1622 1885 1676 Oenipoute

117 1692 185 1733 16.
220 1692 404 1745 Auyusti
437 1692 554 1733 1567
585 1692 629 1733 S.
654 1691 885 1734 Francisco
917 1692 1102 1745 Boo-qtae
1132 1691 1371 1746 praeposito
1400 1690 1591 1744 qenerali
1622 1689 1683 1729 ita
1715 1689 1885 1741 scripsit

117 1757 165 1797 de
210 1756 393 1809 Cauisio,
438 1757 715 1798 Fer-amando
757 1757 819 1798 II.
856 1757 1097 1809 archiduce,
1140 1756 1403 1810 Maydalena
1445 1759 1481 1796 et
1522 1754 1685 1795 Helena
1726 1753 1885 1808 reyinis

117 1820 191 1874 (cf.
212 1836 345 1876 supra
364 1837 406 1877 p.
427 1822 617 1873 6—24):
645 1821 687 1863 ξΙΙ
712 1821 758 1864 Ρ.
783 1821 1054 1863 Prouinciale
1077 1821 1221 1863 arriuo
1245 1822 1329 1874 qua
1351 1820 1381 1861 il
1403 1819 1542 1873 primo
1566 1819 1606 1860 di
1629 1820 1782 1871 questo
1806 1831 1884 1859 con

117 1899 329 1939 speranza
351 1886 393 1927 di
426 1886 521 1928 fare
552 1887 637 1927 fine
661 1886 748 1928 alla
770 1900 848 1927 sua
870 1886 1002 1928 visita
1025 1885 1243 1927 ordinaria
1272 1885 1314 1926 di
1347 1888 1498 1938 questo
1522 1883 1712 1937 Collegio
1735 1885 1806 1925 tra
1830 1884 1883 1925 .6.

118 1965 142 1992 0
172 1952 210 1993 8.
242 1951 397 2005 giornj,
431 1966 502 1993 ma
534 1951 802 1993 trauenendo
835 1951 937 1994 altri
970 1951 1129 1992 diuersi
1162 1950 1325 2004 negotij
1359 1950 1417 1991 dil
1450 1949 1664 1991 Arciduca
1697 1950 1741 1990 et
1773 1948 1885 1990 delle

118 2015 297 2069 Regine,
340 2017 383 2058 la
414 2017 698 2059 renouatione
732 2017 831 2058 delli
863 2017 957 2058 voti
997 2017 1039 2058 13
1073 2017 1200 2069 quale
1233 2016 1268 2057 si
1310 2015 1449 2057 douea
1490 2015 1584 2056 fare
1616 2014 1645 2055 il
1688 2013 1731 2055 di
1772 2013 1885 2055 della

118 2081 233 2124 festa
266 2082 308 2123 di
331 2082 466 2124 Santo
488 2082 680 2124 Lorenzo
714 2084 760 2124 se
793 2082 982 2124 differita
1013 2081 1125 2123 insin
1158 2081 1230 2123 all'
1255 2080 1507 2123 assumtione
1523 2081 1551 2131 3,
1587 2082 1630 2121 et
1662 2093 1768 2133 pure
1801 2092 1885 2120 non

119 2146 155 2187 si
187 2160 236 2188 sa
262 2147 297 2188 si
322 2147 362 2189 S.
386 2146 527 2189 Altez.
552 2161 683 2188 vorra
715 2147 922 2189 retenirlo
955 2147 1028 2201 piu
1059 2149 1206 2200 tempo
1240 2160 1317 2200 per
1347 2148 1512 2188 trattar
1544 2145 1680 2186 ancho
1714 2143 1756 2185 di
1788 2157 1885 2185 cose

119 2212 197 2253 che
230 2215 411 2254 toccano
445 2212 532 2254 alla
564 2212 743 2254 risorma
776 2213 890 2254 della
921 2211 1143 2266 religione.
1193 2211 1455 2254 Altrimente
1486 2224 1678 2265 propone
1711 2209 1753 2250 di
1785 2222 1885 2262 par-

118 2276 214 2319 tirsi
246 2277 423 2319 lunedi4
454 2291 531 2332 per
563 2277 804 2320 Monachio.

239 2347 370 2382 Exstat
405 2347 517 2381 oratio
551 2348 629 2382 sive
659 2347 901 2390 „exhortatio“
932 2359 952 2381 a
980 2346 1123 2382 Canisio
1158 2347 1203 2380 ad
1238 2345 1381 2389 collegii
1415 2344 1644 2390 oenipontani
1670 2343 1792 2378 Socios
1822 2343 1886 2385 „de

118 2401 350 2435 renovatione
383 2402 566 2435 votorum²
597 2401 720 2435 habita
747 2401 803 2435 die
829 2402 862 2435 5.
888 2401 1055 2443 Augusti,
1091 2412 1183 2434 anno
1218 2401 1364 2438 incerto,
1400 2400 1483 2433 ante
1510 2410 1540 2432 a.
1571 2397 1660 2432 1580
1689 2397 1887 2440 (Schlosser

117 2453 142 2487 1.
169 2465 197 2488 0.
225 2454 440 2497 287—297).
491 2454 578 2488 Eam
605 2454 672 2488 hoc
697 2466 788 2488 311110
817 2454 906 2488 1567
934 2453 1094 2488 habitam
1120 2465 1199 2487 esse
1225 2452 1420 2487 verisimile
1446 2453 1521 2492 est,
1559 2450 1770 2496 praesertim
1806 2461 1884 2484 cum

120 2509 261 2541 constet
286 2507 408 2542 Socios
434 2510 519 2542 vota
544 2519 718 2542 renovare
746 2508 903 2542 voluisse
930 2507 962 2542 d.
993 2508 1046 2542 10.
1073 2507 1240 2550 Augusti.

123 2620 229 2658 9¹24
254 2624 332 2657 sive
360 2632 479 2658 oen.
500 2622 600 2668 (2).
676 2621 779 2658 Inter
804 2621 829 2658 1.
849 2623 886 2658 et
911 2621 959 2658 19.
979 2621 1139 2668 Augusti
1164 2621 1256 2657 1567.

240 2688 295 2722 Ex
322 2688 556 2733 autographo.
608 2688 647 2723 G.
669 2688 732 2733 Ep.
752 2688 801 2722 IX
827 2688 851 2722 f.
874 2688 1103 2722 13512-1362.

244 2749 412 2782 Cani-sins
450 2749 638 2792 Oem'ponte
673 2760 695 2781 a
721 2748 956 2782 Ferdincmdo
990 2748 1181 2781 archiduce
1214 2748 1399 2789 impetrat,
1437 2749 1473 2778 ut
1509 2746 1606 2779 Socii
1640 2745 1688 2778 ad
1721 2745 1885 2787 templum

122 2801 411 2842 amplificandum
432 2804 607 2845 pecunias
632 2802 792 2844 colliyere
813 2803 961 2844 possint.
1004 2801 1338 2834 Vtcecancellarium
1363 2810 1498 2842 quoque
1523 2799 1609 2832 ada.
1663 2798 1884 2831 Collectorem

124 2853 291 2895 desumat.
342 2856 570 2896 Aede'sicandz‘
604 2856 778 2888 rationem
813 2856 1019 2897 anzpliorem
1055 2854 1312 2887 Ferdzssnaudus
1346 2857 1375 2885 et
1407 2852 1623 2894 Maqdalena
1661 2853 1736 2884 eius
1771 2861 1886 2891 soror,

124 2907 393 2940 moderatiorem
424 2908 590 2942 Cam’stus
624 2912 655 2941 et
681 2909 816 2951 eolleyii
841 2912 955 2941 rector
975 2908 1143 2951 probant.
1195 2907 1337 2939 Rectorzss
1362 2906 1530 2949 displicet,
1561 2905 1733 2948 pecunias
1758 2904 1885 2946 colligi.

250 3017 258 3036 ¹
285 3017 339 3050 Gn
368 3019 420 3056 16,
451 3019 503 3052 12.
649 3020 662 3039 ²
687 3019 821 3053 Simoni
847 3019 1038 3053 Thaddaeo
1065 3018 1142 3053 Eck
1168 3017 1382 3053 cancellario
1394 3018 1412 3050 i>

246 3070 258 3089 ³
284 3070 338 3103 Ex
365 3070 397 3103 d.
426 3071 480 3104 10.
507 3072 542 3104 in
572 3073 624 3106 15.
652 3072 809 3114 Augusti
834 3072 946 3106 dilata
973 3074 1039 3106 est.
1185 3073 1198 3092 ¹¹
1224 3071 1290 3105 Die
1318 3070 1372 3105 18.
