2044 3335
161 112 242 153 716
523 110 616 143 Mon.
644 109 734 143 1065
761 108 838 142 sive
864 119 941 142 var.
962 107 1027 149 (1).
1072 107 1174 142 Circa
1200 118 1230 141 a.
1253 108 1553 151 1563—1570(‘?).

157 227 247 269 eius
278 226 320 268 in
353 228 568 267 memento
602 224 851 278 specialiter
882 225 1109 267 habeatur.
1164 224 1290 267 Jdem
1325 224 1376 266 de
1410 225 1450 267 S.
1484 224 1624 266 Maria
1656 224 1917 277 Magdalena

154 291 322 334 institui
353 292 498 344 potest
516 291 539 331 1.
592 289 699 330 Tres
722 289 1010 331 eleemosinae
1042 289 1084 330 in
1116 289 1322 330 honorem
1346 289 1386 331 S.
1411 288 1588 343 Antonij
1623 289 1914 332 conferantur.

154 356 209 396 Jn
242 358 390 409 potum
414 354 504 396 eius
536 356 628 395 tres
660 356 813 406 guttae
836 353 1113 408 imponantur
1135 367 1275 406 aquae
1297 353 1550 396 benedictae
1565 354 1594 396 2.
1645 354 1918 407 peragantur

154 420 324 472 aliquae
356 418 741 473 peregrinationes,
775 419 844 460 vel
878 419 1160 472 promittatur
1182 418 1343 471 aliquid
1372 418 1415 460 in
1438 419 1532 460 loco
1556 419 1714 460 celebri
1737 420 1916 460 offeren-

153 485 264 526 dum.
316 483 550 537 Praecipue
575 497 677 525 vero
700 497 853 537 puram
878 485 922 526 et
954 484 1127 537 plenam
1149 483 1284 525 faciat
1307 483 1633 533 confessionem,
1668 486 1713 525 et
1735 483 1916 525 multum

150 563 197 590 se
230 548 426 591 humiliet
462 548 503 589 in
536 548 617 589 hac
650 548 897 590 vexatione.
961 549 1017 590 -Jn
1051 549 1134 589 fide
1167 550 1212 590 et
1244 562 1319 602 spe
1352 562 1512 602 magna
1545 549 1834 598 confirmetur,
1868 551 1918 590 vt

152 628 236 654 non
278 613 447 655 dubitet
488 613 540 654 de
581 613 726 666 gratia
758 613 838 655 Dei
879 613 922 654 in
963 614 1044 655 hac
1078 627 1226 667 pugna
1258 616 1410 655 contra
1443 614 1695 655 daemonem
1727 613 1808 667 ipsi
1842 613 1917 655 ad-

152 678 312 728 futura,
347 677 603 732 praesertim
638 678 672 719 si
705 678 973 721 tentationes
1005 677 1142 720 hostis
1176 678 1355 732 detegat
1388 681 1431 720 et
1460 678 1639 728 reuelet,
1673 692 1805 730 seque
1826 677 1918 731 regi

151 742 265 785 sinat
298 757 323 784 a
357 743 635 787 confessario„
700 744 912 786 Petantur
951 746 995 786 et
1036 757 1187 797 preces
1229 743 1438 785 bonorum
1479 757 1556 797 pro
1598 743 1677 785 tali
1718 756 1916 797 persona.

156 808 370 850 Probatus
403 808 671 850 exorcismus
704 808 962 850 adhibeatur
994 809 1047 850 ab
1081 808 1328 850 Sacerdote.

270 873 501 914 Remedia³
524 873 648 927 plura
681 887 792 926 quae
824 874 991 916 faciunt
1023 873 1155 915 etiam
1179 874 1231 915 ad
1256 873 1469 915 maleficia
1492 872 1760 927 depellenda.
1809 872 1916 914 Con-

152 937 283 980 fessio
316 938 511 992 perfecta
535 940 579 980 et
611 938 784 992 integra
815 941 1107 992 peccatorum.
1156 938 1405 981 Communio
1429 938 1632 991 frequens
1656 941 1700 980 et
1732 938 1917 981 humilis.

151 1002 328 1044 Auditio
361 1003 521 1044 Missae
555 1003 726 1045 deuota.
777 1004 880 1045 Piae
914 1007 958 1046 et
990 1004 1212 1046 feruentes
1245 1003 1464 1046 orationes
1497 1017 1602 1057 erga
1634 1004 1784 1054 Deum,
1824 1003 1918 1044 Vir-

153 1067 296 1121 ginem
319 1068 519 1118 Matrem,
555 1068 774 1122 proprium
809 1070 1025 1122 angelum,
1059 1072 1234 1111 sanctos
1267 1071 1311 1110 et
1344 1069 1522 1123 angelos
1556 1083 1716 1111 omnes.
1765 1068 1918 1121 Aquae

153 1132 405 1174 benedictae
448 1134 666 1187 aspersio,
712 1148 821 1187 quae
864 1136 908 1177 et
950 1134 1072 1189 potui
1117 1134 1387 1176 adhibeatur.
1452 1133 1666 1176 Comestio
1708 1133 1837 1175 salisb
1875 1138 1919 1176 et

154 1198 278 1252 panis
315 1198 543 1249 benedicti,
578 1199 846 1252 aliorumque
880 1200 1070 1241 ciborum
1105 1214 1130 1241 a
1163 1199 1396 1242 Sacerdote
1428 1199 1751 1241 benedictorum
1769 1199 1797 1241 3.
1861 1199 1917 1240 Jn

155 1263 332 1313 fronte0,
368 1277 454 1313 ore,
489 1266 678 1317 pectore,
713 1265 756 1306 in
788 1268 912 1318 tergo
948 1268 991 1307 et
1023 1269 1125 1307 ante
1152 1278 1199 1307 se
1222 1267 1373 1307 Vtatur
1406 1264 1622 1317 frequenti
1656 1264 1794 1305 crucis
1817 1277 1919 1305 con-

155 1328 410 1381 signatione.
460 1329 762 1372 Adhibeantur
785 1329 944 1371 herbae
967 1330 1220 1372 benedictae
1243 1332 1292 1372 vt
1314 1330 1497 1384 palmae,
1521 1332 1602 1371 etc.
1651 1329 1920 1382 Frequenter

155 1407 309 1435 nomen
331 1393 503 1436 JESVS
526 1394 783 1437 nominetur.
837 1395 938 1437 Loci
973 1399 1016 1438 et
1048 1395 1331 1438 habitationis
1362 1396 1440 1437 fiat
1473 1394 1668 1437 mutatio.
1723 1394 1792 1435 Ad
1824 1394 1918 1435 loca

156 1457 315 1501 Sancta
347 1458 639 1512 peregrinatio
673 1460 947 1514 suscipiatur,
982 1460 1124 1513 ibique
1147 1461 1420 1503 confiteatur.
1470 1459 1597 1501 Fiant
1630 1458 1916 1500 eleemosinae

154 1523 366 1576 quaedam
389 1527 433 1566 et
464 1523 624 1566 ieiunia
638 1525 668 1567 4.
717 1525 932 1567 Curentur
963 1526 1055 1567 fieri
1078 1539 1225 1575 sacra;
1261 1529 1306 1568 et
1326 1525 1463 1567 faciat
1485 1525 1566 1566 sibi
1588 1523 1764 1566 recitari
1787 1523 1917 1565 bene-

155 1588 363 1630 dictiones
385 1592 430 1631 et
462 1589 727 1632 exorcismos
750 1590 971 1632 ecclesiae.
1021 1591 1254 1644 Confugiat
1287 1590 1341 1632 ad
1364 1590 1550 1643 aliquem
1575 1589 1715 1631 virum
1738 1589 1917 1643 probum

155 1655 198 1695 et
238 1653 424 1707 peritum
468 1654 534 1696 cui
576 1668 622 1696 se
664 1656 949 1705 commendet,
993 1659 1037 1698 et
1079 1655 1145 1697 cui
1187 1656 1451 1708 obsequatur
1491 1668 1569 1709 per
1606 1654 1761 1696 omnia.
1825 1654 1918 1695 Jm-

152 1721 340 1771 ponatur
362 1719 399 1760 ei
423 1733 575 1761 manus
598 1720 846 1762 Sacerdotis
869 1721 941 1773 qui
964 1721 1100 1763 dicat:
1124 1723 1252 1775 pater
1273 1724 1434 1770 noster,
1459 1720 1722 1773 Symbolum,
1748 1719 1917 1772 Euang:

153 1783 364 1825 Joannis5
397 1787 478 1827 etc.
542 1785 810 1829 Absoluatur
842 1787 895 1827 ab
929 1786 1378 1828 excommunicatione
1410 1785 1446 1827 si
1486 1788 1664 1839 propter
1700 1784 1817 1826 illam
1852 1786 1919 1826 est

153 1849 354 1890 obsessus
392 1850 461 1891 vel
503 1850 799 1894 maleficiatus
864 1851 1307 1894 Excommunicent-ur
1348 1851 1580 1893 daemones
1622 1853 1665 1892 et
1706 1849 1917 1891 maleficia

153 1913 401 1967 praesentia
434 1928 528 1956 Cum
562 1915 756 1957 accensis
790 1916 980 1958 candelis
1023 1916 1274 1966 benedictis,
1319 1919 1362 1958 et
1403 1916 1523 1957 breui
1563 1915 1758 1957 oratione
1790 1928 1916 1968 prae-

153 1978 338 2020 sentium
371 1993 422 2021 ac
446 1980 577 2022 etiam
609 1981 793 2034 publica.
844 1981 1114 2035 Frequenter
1136 1982 1326 2024 Satanae
1349 1980 1630 2023 abrenunciet
1663 1983 1706 2022 et
1728 1980 1917 2033 seipsum

153 2044 382 2086 exorciset.
447 2045 585 2099 Saepe
619 2045 734 2088 dicat
767 2046 1024 2100 Angelicam
1056 2047 1243 2089 salutat:
1283 2049 1327 2088 et
1358 2060 1459 2088 suos
1492 2048 1699 2100 patronos
1731 2045 1916 2086 inuocet.

152 2108 254 2150 Cum
287 2109 409 2151 bonis
432 2113 477 2152 et
508 2109 552 2151 in
575 2110 794 2153 Societate
827 2112 940 2153 bona
963 2114 1257 2154 conuersetur.
1306 2111 1429 2153 Bona
1461 2111 1665 2164 loquatur
1688 2113 1731 2152 et
1754 2109 1914 2152 audiat.

151 2174 370 2216 Summam
403 2175 476 2217 det
512 2189 687 2229 operam
720 2178 770 2218 vt
802 2179 977 2218 maneat
1009 2180 1053 2219 et
1086 2176 1208 2219 viuat
1244 2176 1287 2218 in
1321 2176 1464 2230 gratia
1497 2176 1577 2217 Dei
1610 2179 1654 2218 et
1687 2176 1913 2226 charitate,

150 2239 262 2291 quod
296 2243 362 2281 est
394 2240 672 2294 praecipuum
706 2241 797 2282 fere
829 2241 1104 2284 remediumd.

269 2305 477 2347 Remedia
518 2305 603 2347 illis
645 2306 968 2354 conuenientia,
1017 2321 1195 2360 quorum
1239 2307 1434 2348 membra
1474 2320 1552 2361 per
1593 2304 1805 2347 maleficia
1846 2304 1916 2346 uel

149 2369 411 2422 praestigias
434 2385 459 2412 a
492 2371 636 2413 debito
670 2385 762 2421 usu,
798 2372 865 2413 uel
896 2387 922 2414 a
945 2372 1160 2424 coniugali
1193 2372 1336 2414 debito
1360 2371 1577 2413 reddendo
1609 2370 1914 2424 impediuntur.

267 2446 295 2471 nl
320 2445 461 2474 (justificor
483 2453 523 2469 1·1·.
543 2454 601 2477 399,
621 2446 733 2475 (eadem
754 2447 855 2473 manu)
874 2454 966 2477 supr«
989 2454 1102 2471 rei-snm
1122 2447 1232 2478 scripta
1251 2450 1329 2472 sunt.
1438 2445 1467 2476 b)
1489 2446 1626 2477 Sequitur
1646 2443 1807 2474 benedicti,
1826 2445 1914 2469 omitt.

149 2485 174 2511 cl
197 2486 333 2516 §quitia-
353 2485 411 2515 Vel,
431 2487 519 2511 oblitt.
595 2486 624 2518 d)
648 2488 725 2517 Quae
745 2490 917 2518 sequnntzw,
936 2496 953 2512 (ι
976 2489 1004 2512 (¹.
1027 2488 1088 2519 ipso
1107 2489 1219 2520 scripta
1239 2492 1315 2513 snut.

271 2617 280 2635 ¹
310 2615 455 2657 „Mariav
482 2627 573 2659 quae
592 2618 743 2651 vocatur
761 2617 986 2660 Magdalene,
1013 2617 1056 2651 de
1075 2628 1145 2661 qua
1163 2619 1301 2661 septem
1321 2617 1506 2651 daemonia
1524 2617 1706 2650 exierant“
1723 2629 1729 2649 :
1758 2615 1806 2649 Lc
1824 2616 1856 2656 8,
1881 2616 1913 2650 2.

266 2668 279 2687 ²
307 2668 346 2701 ln
374 2669 538 2703 omnibus
565 2670 608 2703 ad
636 2670 802 2704 obsessos
828 2671 1003 2704 iuvandos
1030 2670 1326 2711 institutionibus,
1355 2681 1446 2713 quae
1472 2681 1516 2703 ex
1536 2670 1651 2703 medio
1678 2680 1766 2702 aevo
1792 2680 1912 2713 super-

149 2724 242 2760 sunt,
269 2721 432 2765 copiosus
459 2733 544 2756 usus
580 2734 695 2766 aquae
731 2723 939 2757 benedictae
975 2723 1244 2758 commendatur
1274 2724 1416 2766 (Franz
1441 2723 1463 2757 l.
1492 2734 1520 2757 c.
1549 2723 1581 2756 Il
1608 2723 1694 2762 565;
1732 2722 1775 2756 cf.
1804 2722 1912 2755 etiam

153 2773 293 2806 [rituale
318 2774 516 2808 Romanum
543 2775 611 2809 Tit.
639 2775 681 2816 X,
709 2788 738 2811 c.
770 2776 817 2820 1).

269 2827 280 2845 3
307 2826 522 2870 Saepissime
549 2829 755 2863 sacerdotes
782 2830 955 2863 eiusmodi
982 2841 1039 2863 res
1067 2829 1318 2863 benedicentes
1344 2828 1508 2863 formulis
1543 2828 1746 2869 utebantur,
1783 2827 1913 2871 quibus

149 2879 288 2911 nomine
315 2879 426 2922 ipsius
453 2881 625 2915 ecclesiae
644 2881 757 2915 Deum
785 2883 970 2925 rogabant,
997 2885 1037 2916 ut
1060 2883 1103 2916 ab
1130 2883 1185 2922 iis,
1212 2883 1272 2926 qui
1299 2893 1359 2916 eas
1387 2883 1442 2927 pie
1469 2881 1676 2926 usurpaturi
1703 2884 1833 2921 essent,
1861 2881 1910 2914 in-

148 2931 358 2965 festationes
385 2932 593 2967 daemonum
622 2935 800 2977 abigeret;
829 2936 873 2969 cf.
901 2937 1028 2969 Franz
1054 2936 1075 2969 1.
1103 2947 1131 2970 c.
1159 2936 1175 2969 Ι
1204 2936 1388 2970 127-129
1415 2935 1483 2969 260
1510 2935 1578 2969 270
1605 2935 1672 2969 503
1699 2937 1767 2970 etc.

269 2986 279 3003 4
311 2984 406 3024 „Hoc
425 2988 543 3019 autem
563 2998 676 3028 genus
699 2988 989 3032 [daemoniorum]
1009 3001 1077 3022 non
1097 2989 1238 3023 eiicitur
1255 2989 1323 3022 nisi
1350 3001 1413 3033 per
1431 2988 1627 3022 orationem
1646 2990 1682 3021 et
1700 2986 1909 3021 ieiunium“:

151 3036 268 3070 Verba
296 3036 427 3071 Christi
455 3038 509 3071 Mt
539 3039 590 3077 17,
618 3040 681 3078 20;
709 3040 754 3074 cf.
782 3041 840 3074 Mc
867 3042 897 3081 9,
926 3041 980 3075 28.

268 3090 281 3109 ⁵
308 3090 346 3123 ld
374 3092 428 3123 est
455 3091 593 3124 initium
619 3091 724 3126 huius
751 3094 949 3136 evangelii;
978 3095 1023 3128 cf.
1051 3106 1159 3139 supra
1185 3106 1218 3139 p.
1240 3095 1333 3128 715⁶.
