2044 3335
720 99 865 143 Dilinga
893 100 922 133 1.
943 98 1162 143 Septembris
1191 98 1292 132 1571.
1803 99 1885 138 477

125 217 246 259 stitui
288 216 571 271 professores,
615 230 721 268 quos
758 216 911 257 deinde
943 215 1103 257 mutari
1145 215 1214 256 uel
1247 215 1435 265 auocari,
1478 216 1527 256 ut
1559 214 1715 264 solent,
1757 213 1891 254 mole-

124 281 312 324 stissime
358 281 514 324 ferent.
586 281 725 323 Fauet
770 282 895 322 modo
943 280 1103 322 nostris
1147 284 1380 333 utcumque
1425 281 1475 323 D.
1517 278 1892 333 Eiseingreinius1

125 346 532 395 Vicecancellarius‚
566 359 699 400 penes
726 360 852 398 quem
876 359 1045 387 summa
1068 348 1135 387 est
1168 345 1434 387 authoritas:
1469 359 1518 386 eo
1542 346 1689 386 autem
1712 344 1893 385 absente

125 411 194 452 uel
225 411 438 452 moriente
472 410 648 452 difficile
680 410 738 452 sit
770 424 918 464 parem
953 410 1143 464 reperire
1178 410 1426 461 patronum,
1472 410 1542 463 qui
1575 411 1749 451 nostros
1780 407 1893 451 tueri

125 475 230 517 uelit
262 490 313 517 ac
345 476 484 530 possit
517 478 669 517 contra
701 477 769 517 tot
802 476 1010 518 aemulos.
1074 474 1285 524 Quocirca
1318 476 1523 516 confirmo
1558 475 1603 518 P.
1638 472 1894 515 Theodorici

124 540 399 591 sententiam,
444 540 772 583 detrectandum
816 540 895 581 1100
938 554 1044 581 onus
1086 553 1182 580 esse
1224 540 1368 593 potius
1410 554 1540 592 quam
1573 539 1892 593 suscipiendum

123 605 401 659 Jngolstadij,
442 620 583 659 neque
624 609 803 660 propter
834 605 1046 647 incertum
1080 605 1271 646 fructum
1303 604 1346 645 in
1380 605 1650 646 auditoribus
1683 604 1892 653 externis,

124 673 297 712 nostros
323 671 471 713 multis
503 671 720 725 periculis,
755 673 799 712 et
831 669 1107 723 grauioribus
1139 670 1232 711 fere
1266 670 1499 717 laboribus,
1535 684 1663 722 quam
1698 669 1893 723 perferre

123 736 350 790 possimus,
394 736 674 791 exponendos
707 750 814 785 esse,
858 735 1115 790 praesertim
1149 749 1245 776 cum
1279 734 1455 776 difficile
1488 734 1545 776 sit
1585 735 1638 776 ab
1671 734 1767 776 istis
1799 737 1892 776 tum

123 800 288 852 aulicis,
332 804 423 844 tum
458 801 719 843 academicis
753 801 948 843 obtinere
981 801 1179 853 integras
1212 799 1496 849 conditiones,
1538 813 1649 852 quae
1682 800 1805 841 nobis
1838 799 1893 840 ad

123 866 315 907 scholam
338 866 602 920 Jngolstadij
636 866 869 908 iuuandam
903 865 1029 907 simul
1062 868 1106 907 et
1138 865 1461 906 reformandam
1485 868 1587 907 sunt
1619 878 1811 918 prorsus,
1845 866 1894 905 ut

123 945 290 982 censeo,
325 932 611 974 necessariae.

242 997 325 1038 Sed
359 997 394 1038 si
427 997 555 1039 aliter
587 996 724 1038 uisum
760 996 843 1037 erit
876 995 1181 1050 superioribus,
1227 995 1298 1049 qui
1336 995 1669 1048 gratificandum
1702 994 1892 1037 fortasse

122 1064 279 1115 putant
312 1062 422 1103 bono
446 1061 646 1115 Principi,
682 1075 735 1103 ne
759 1065 1012 1115 conceptam
1043 1061 1157 1102 illius
1181 1061 1233 1102 de
1256 1061 1380 1102 nobis
1402 1061 1516 1114 piam
1541 1060 1890 1114 expectationem

122 1126 339 1176 fallamus,
364 1129 408 1169 et
431 1128 659 1169 molestum
684 1127 913 1177 uidebitur,
939 1127 979 1168 ni
1003 1127 1146 1176 fallar,
1173 1126 1216 1168 Ρ.
1241 1126 1511 1176 Prouintiali,
1536 1126 1701 1168 referre
1723 1125 1890 1180 pedem,

123 1194 166 1233 et
207 1192 398 1234 oblatam
433 1192 636 1234 amittere
670 1192 940 1234 occasionem
982 1193 1025 1234 in
1067 1192 1147 1234 hoc
1180 1192 1363 1244 collegio
1397 1192 1714 1245 promouendo:
1757 1191 1793 1232 si
1825 1190 1891 1232 in-

122 1263 275 1309 quam³
307 1257 583 1312 suscipienda
616 1257 674 1299 sit
707 1258 813 1299 haec
847 1257 1079 1312 prouintia‚
1114 1260 1162 1299 ut
1194 1257 1414 1298 nonnullib
1436 1260 1607 1311 putant,
1642 1257 1724 1298 duo
1759 1270 1890 1309 quae-

123 1322 220 1363 dam
255 1321 500 1365 adhibenda
530 1322 723 1365 remedia
758 1323 961 1376 putarim.
1027 1323 1225 1365 Alterum
1260 1325 1340 1371 est,
1382 1322 1487 1364 nihil
1520 1325 1567 1364 ut
1609 1321 1892 1376 promittatur

123 1387 310 1441 Principi
354 1391 453 1442 post
495 1391 698 1430 exactum
741 1402 900 1430 annum
942 1387 1254 1442 probationis&
1298 1387 1378 1429 nisi
1423 1402 1568 1429 coram
1603 1391 1762 1440 agatur
1794 1401 1887 1429 cum

123 1453 261 1494 aulico
295 1453 459 1495 Senatu
491 1454 708 1507 Monachij
752 1453 804 1494 de
842 1453 1086 1507 praecipuis
1120 1453 1463 1503 difficultatibus,
1508 1467 1615 1505 quas
1649 1453 1694 1496 P.
1720 1452 1774 1495 N.
1810 1452 1890 1494 Ge-

122 1517 283 1559 neralis
306 1518 347 1559 in
371 1533 448 1560 suo
467 1520 520 1561 ad
540 1519 585 1562 P.
605 1518 916 1560 Prouintialem
939 1532 1147 1572 responso
1169 1518 1379 1560 indicauit
1394 1520 1422 1569 3,
1448 1518 1693 1572 nostrisque
1712 1518 1891 1560 libertas

123 1583 268 1625 debita
300 1583 572 1638 impetretur.
626 1585 827 1626 Alterum
862 1587 909 1626 ut
942 1584 976 1625 si
1010 1584 1248 1627 mittendus
1281 1587 1398 1626 esset
1431 1584 1645 1626 Visitator
1678 1598 1790 1626 anno
1824 1597 1892 1625 se-

121 1649 283 1701 quenti,
318 1650 431 1691 sicut
454 1650 634 1701 confido,
659 1650 701 1691 in
725 1650 836 1691 hanc
859 1649 1136 1704 prouintiam,
1162 1663 1239 1704 per
1261 1663 1307 1691 se
1330 1650 1403 1691 ille
1425 1649 1646 1702 transigat
1669 1649 1892 1702 negotium

122 1728 207 1755 una
240 1728 335 1756 cum
368 1716 414 1758 P.
443 1716 722 1765 Prouintiale,
758 1718 801 1758 et
834 1715 935 1757 uiua
968 1729 1073 1756 uoce
1105 1715 1250 1769 potius
1284 1729 1413 1768 quam
1447 1715 1610 1769 scripto
1642 1717 1894 1757 tractentur

123 1779 280 1830 omnia,
314 1781 565 1834 priusquam
600 1783 764 1823 annuat
797 1781 841 1823 P.
868 1781 1164 1824 Prouintialis.
1212 1782 1396 1823 Jnterea
1428 1795 1532 1822 uero
1565 1781 1697 1822 scribi
1731 1780 1893 1835 poterit

124 1845 179 1887 ad
211 1845 257 1888 P.
283 1846 609 1897 Prouintialem,
644 1850 692 1889 ut
725 1847 1007 1889 difficultates
1040 1849 1295 1900 praesentes
1329 1849 1373 1889 et
1405 1846 1439 1887 si
1474 1861 1585 1899 quae
1618 1847 1731 1888 aliae
1758 1845 1893 1888 metui

125 1913 317 1964 possunt,
350 1912 392 1953 in
427 1912 635 1967 scriptum
666 1927 794 1954 unum
820 1912 1010 1965 colligat,
1045 1915 1089 1954 et
1120 1927 1283 1962 rursus,
1318 1912 1510 1954 remedia
1542 1911 1627 1953 illis
1650 1912 1894 1953 adhibenda

125 1981 469 2028 commonstretc,
503 1992 551 2020 re
585 1978 745 2021 collata
778 1993 872 2019 cum
907 1977 1185 2032 Consiliarijs.
1242 1978 1438 2032 Optarim
1472 1992 1576 2019 uero
1610 1978 1811 2028 maxime,
1846 1980 1894 2020 ut

126 2056 195 2083 res
228 2045 323 2085 tota
356 2043 407 2084 de
440 2043 611 2097 integro
645 2046 913 2086 tractaretur
945 2058 1039 2085 cum
1064 2043 1277 2097 Principe,
1312 2057 1451 2096 neque
1477 2058 1608 2098 super
1639 2043 1896 2085 fundamen-

126 2111 217 2150 tum
262 2108 342 2150 hoc
385 2109 593 2151 caducum
635 2112 679 2151 et
719 2109 1035 2163 imperfectum,
1080 2109 1160 2151 hoc
1198 2113 1264 2152 est
1306 2123 1436 2163 super
1467 2109 1676 2163 scriptum
1711 2110 1897 2151 Senatus

128 2173 254 2215 aulici
300 2174 649 2217 aedificaretur-4.
715 2174 933 2228 Siquidem
976 2188 1061 2216 non
1106 2188 1292 2227 magnae
1337 2174 1617 2217 authoritatis
1659 2175 1763 2216 illud
1803 2188 1897 2216 esse

128 2239 270 2289 audio,
305 2241 349 2281 et
381 2253 458 2281 suo
490 2241 662 2283 tantum
685 2240 858 2282 authori
881 2240 1021 2293 magis
1050 2254 1179 2293 quam
1213 2239 1396 2294 principi
1419 2240 1637 2283 tribuitur.
1686 2240 1898 2292 Jntelligo

130 2304 275 2355 etiam,
318 2304 570 2346 inferiorum
604 2305 806 2347 classium
840 2319 997 2359 pueros
1030 2319 1142 2347 nunc
1177 2305 1297 2348 abuti
1330 2320 1409 2347 sua
1442 2305 1657 2355 libertate,
1695 2319 1823 2358 quam
1856 2306 1899 2347 in

130 2370 358 2425 gymnasio
381 2370 715 2424 Jngolstadiano
744 2370 931 2424 experiri
961 2374 1208 2425 coeperunt,
1243 2385 1383 2424 neque
1415 2371 1509 2413 fieri
1541 2385 1668 2425 posse
1701 2373 1819 2425 puto,
1856 2374 1901 2412 ut

132 2436 408 2478 mediocriter
440 2436 483 2477 in
516 2435 653 2478 offitio
687 2436 985 2478 contineamus
1019 2436 1220 2478 classium
1255 2437 1525 2490 superiorum
1551 2436 1784 2486 auditores,
1820 2435 1900 2477 nisi

133 2501 294 2543 nostris
326 2501 466 2543 maius
499 2503 721 2555 competat
753 2500 818 2542 ius
851 2501 1134 2554 gubernandi,
1169 2501 1393 2554 magisque
1416 2501 1503 2543 sint
1535 2501 1597 2542 illi
1631 2500 1823 2555 exempti
1852 2515 1902 2542 ac

136 2566 260 2608 liberi
293 2580 318 2608 a
351 2566 543 2617 statutis,
588 2568 636 2609 ut
667 2568 840 2613 uocant,
875 2565 1199 2608 Vniuersitatis.
1264 2567 1356 2608 Nec
1389 2566 1471 2608 erit
1503 2566 1580 2608 abs
1613 2580 1660 2608 re
1701 2566 1902 2616 fortasse,

254 2647 282 2677 a)
304 2649 350 2673 Ita
372 2649 400 2673 C.
422 2648 550 2673 correxit
570 2655 606 2672 ex·
625 2646 651 2672 si
671 2653 754 2673 uero.
828 2644 858 2678 b)
880 2647 927 2671 Ita
948 2647 976 2671 C.
990 2648 1118 2671 corrant
1138 2655 1174 2672 ez
1192 2647 1227 2672 ut
1247 2653 1361 2672 omnes.
1436 2650 1462 2675 c)
1487 2648 1629 2678 Quattuor
1648 2655 1691 2673 ru.
1711 2655 1769 2679 sqq.
1791 2656 1807 2672 ct
1829 2651 1857 2673 C.
1873 2648 1902 2672 in

134 2690 266 2721 maryine
286 2690 390 2714 addita
409 2692 486 2714 sunt.

261 2828 268 2846 ¹
296 2827 475 2860 Martinus
502 2825 714 2869 Eisengrein
740 2825 991 2860 universitatis
1017 2827 1202 2870 patronus,
1229 2825 1560 2867 vicecancellarius,
1588 2826 1779 2871 professor.

257 2881 269 2900 2
295 2880 420 2914 Mense
439 2880 569 2914 Martio
588 2880 720 2914 a.1571
742 2880 903 2914 Societas
925 2891 1008 2924 „per
1025 2879 1168 2913 modum
1187 2879 1426 2924 probationis“
1455 2891 1598 2913 cursum
1618 2879 1903 2925 philosophicum

139 2937 174 2968 et
202 2933 463 2979 paedagogium
490 2934 569 2968 sive
596 2933 824 2979 gymnasium
850 2933 894 2967 ad
922 2944 1054 2966 annum
1081 2935 1292 2977 susceperat
1318 2933 1497 2973 curanda;
1525 2945 1559 2968 v.
1579 2945 1688 2979 supra
1716 2946 1748 2979 p.
1768 2935 1849 2969 464.

259 2988 271 3007 ³
297 2986 349 3021 De
376 2986 431 3021 his
458 2988 491 3023 S.
519 2987 699 3021 Francisci
728 2987 880 3030 Borgiae
906 2986 1038 3020 litteris
1065 2998 1099 3020 v,
1126 2998 1236 3031 supra
1262 2998 1294 3031 p.
1314 2987 1515 3022 461—464.

260 3043 272 3061 4
298 3041 350 3075 De
386 3040 453 3075 hac
492 3041 763 3083 „resolutione“,
804 3040 848 3074 ab
884 3041 1032 3074 Erasmo
1059 3040 1180 3074 Vendt
1214 3040 1315 3075 ducis
1351 3041 1552 3075 consiliario
1579 3041 1786 3086 composita,
1822 3041 1904 3075 vide

140 3107 251 3140 supra
277 3107 310 3140 p.
330 3095 398 3129 449
425 3095 491 3129 461
519 3095 600 3129 465.
