2044 3335
141 101 225 142 406
641 97 741 131 1713.
770 96 970 130 Fridericus
997 107 1017 130 a
1036 95 1225 139 Wirsberg
1252 96 1406 131 Canisio.

139 230 218 258 nec
253 216 475 258 Generalis
517 229 595 256 nos
637 214 841 266 dignatus
883 215 950 255 est
991 227 1197 267 responso
1231 214 1345 255 ullo¹
1388 216 1432 256 et
1463 213 1743 267 prouincialis
1775 213 1905 255 Oeni-

139 283 357 336 pontanus
399 279 529 322 etiam
572 293 649 333 per
681 277 993 321 Cancellarium
1026 279 1250 321 nostrum2
1282 278 1516 320 identidem
1549 278 1723 332 scriptis
1755 277 1906 320 alteris

138 345 276 388 literis
318 345 370 386 de
411 344 686 386 rescribendo
728 342 995 393 admonitus,
1045 357 1223 385 securus
1265 343 1452 385 omnium
1494 356 1638 384 rerum
1685 342 1905 395 hucusque

139 409 410 452 mussitauit:
445 409 558 462 quod
590 408 735 450 nescio
769 408 889 450 cuius
912 410 1186 462 contemptus
1219 409 1263 449 et
1284 407 1507 461 uilipendii
1539 407 1726 461 speciem
1759 406 1904 454 habet,

138 477 420 527 nostrumque
463 474 653 516 animum
693 488 777 516 non
819 473 976 515 leuiter
1016 472 1212 527 pupugit.
1276 472 1344 514 Ita
1377 472 1490 514 enim
1523 472 1575 514 de
1607 471 1730 514 uobis
1762 471 1906 514 meriti

138 553 297 589 sumus,
332 542 381 581 ut
412 553 497 580 non
529 539 668 581 solum
700 538 963 581 rescribendi
991 537 1241 590 obsequium
1274 551 1360 579 non
1393 536 1652 587 desiderare,
1687 536 1788 589 quin
1820 536 1904 577 imo

139 604 282 646 omnia
313 604 469 646 summi
501 604 632 646 studii
666 606 710 646 et
733 602 893 646 amoris
916 602 1059 645 officia
1091 601 1299 657 peculiari
1332 602 1518 655 quodam
1550 601 1643 643 iure
1675 604 1825 643 nostro
1853 601 1906 643 de

138 668 261 711 uobis
301 669 497 723 polliceri
537 669 661 711 nobis
694 669 970 710 debebamus,
1032 667 1245 709 Nolumus
1278 666 1484 720 colligere
1516 666 1672 716 omnia,
1715 679 1827 719 quae
1858 669 1906 708 tu

139 733 387 776 acutissime
418 734 641 789 perspicis.
694 733 762 775 An
794 736 919 775 tenes
951 733 1091 774 adhuc
1123 732 1343 782 memoria,
1377 731 1479 784 quid
1511 731 1626 773 inter
1657 744 1748 782 nos,
1783 733 1907 773 ante-

138 813 267 852 quam
315 799 495 853 Collegii
546 799 672 841 huius
723 798 1008 840 fundamenta
1054 797 1321 848 iacerentur,
1376 799 1606 851 praesente
1653 796 1908 850 prouinciali

138 865 190 906 D.
214 864 575 915 Anth.Vincken,
610 864 711 917 quid
744 864 796 906 de
819 863 864 906 P.
889 863 1019 905 Petro
1042 862 1178 916 Fagio
1210 864 1386 916 pactum
1413 864 1758 914 conuentumque
1790 861 1908 903 sit?3

140 928 293 982 quibus
334 932 425 972 tum
469 930 624 984 amplis
666 928 902 984 promissis,
947 941 1117 981 quaque
1159 926 1464 981 expectatione
1505 925 1568 968 rei
1601 940 1656 968 ex
1688 925 1906 968 sententia

139 994 430 1036 conficiendae
464 995 652 1037 animum
685 997 882 1037 nostrum
914 992 1181 1047 impleuisti‘?
1232 992 1343 1034 Fore
1375 991 1589 1042 nimirum,
1622 994 1671 1033 ut
1703 1005 1729 1033 a
1760 990 1907 1033 lectis-

139 1059 258 1101 simis
297 1059 673 1102 concionatoribus
715 1073 770 1101 ex
810 1061 913 1100 tuae
947 1057 1179 1101 Societatis
1219 1056 1462 1099 hominibus
1503 1070 1675 1111 semper
1716 1069 1907 1098 essemus

139 1124 295 1178 parati,
344 1127 677 1178 vestrorumque
719 1124 943 1166 amborum
991 1122 1147 1165 iudicio
1193 1121 1494 1165 destinabatur
1533 1121 1618 1163 iam
1660 1120 1908 1163 nominatus

138 1189 185 1232 P.
209 1189 383 1243 Fagius,
417 1190 489 1243 qui
522 1189 840 1232 concionatoris
872 1191 1021 1243 partes
1054 1187 1309 1242 susciperet.
1363 1187 1524 1229 Verum
1558 1186 1644 1230 ille.
1680 1186 1800 1228 elusa
1831 1199 1908 1240 spe

138 1258 303 1305 nostra,
337 1269 422 1297 non
455 1255 788 1308 Vuirzburgum,
828 1254 1062 1296 secundum
1094 1255 1224 1307 pacta
1257 1254 1484 1303 conuenta,
1526 1252 1602 1294 sed
1633 1251 1676 1293 in
1709 1250 1907 1293 ultimam

140 1319 414 1371 Sarmatiam,
449 1323 493 1362 et
524 1320 623 1362 inde
645 1319 891 1374 nuperrime
913 1319 1096 1361 Romam
1121 1321 1265 1360 uestro
1287 1317 1468 1371 imperio
1492 1316 1610 1358 abire
1633 1317 1774 1358 iussus
1797 1318 1865 1358 est
1877 1317 1905 1357 4.

139 1385 188 1426 In
230 1399 327 1438 quo,
371 1389 580 1438 quantum
622 1399 648 1428 a
688 1385 787 1427 fidei
826 1385 956 1427 datae
996 1383 1184 1426 formula
1223 1383 1620 1437 promissorumque
1662 1379 1907 1423 constantia

139 1450 378 1492 discessum
410 1451 480 1501 sit,
522 1464 591 1492 me
623 1453 799 1493 tacente
830 1449 1052 1503 intelligis.
1116 1449 1283 1490 Rursus
1315 1449 1393 1490 tua
1426 1446 1799 1489 commendatione
1831 1445 1908 1488 ad-

139 1515 295 1557 ductus
336 1518 403 1558 est
444 1516 526 1558 huc
567 1530 593 1558 a
639 1515 894 1570 prouinciali
937 1515 982 1557 P.
1006 1513 1227 1557 Anthonio
1262 1512 1378 1555 Vink
1420 1513 1552 1554 Pater
1592 1510 1808 1554 Martinus
1856 1524 1906 1552 eo

138 1580 411 1634 potissimum
453 1581 644 1632 consilio,
688 1584 737 1623 ut
773 1581 902 1634 juxta
933 1581 985 1622 D.
1010 1579 1328 1622 Christianum5
1367 1577 1684 1619 communicato
1726 1575 1908 1618 docendi

138 1645 301 1697 labore,
335 1647 506 1689 uincam
534 1646 632 1688 Diui
655 1646 871 1689 Chiliani6
901 1645 1136 1700 plantaret.
1188 1643 1445 1686 Incredibile
1477 1644 1623 1684 autem
1656 1641 1786 1692 dictu,
1822 1655 1905 1694 quo

140 1710 380 1753 animorum
414 1712 569 1754 ardore
602 1714 645 1754 et
677 1712 890 1766 applausu
922 1710 1056 1765 ipsius
1088 1710 1136 1753 P.
1159 1708 1338 1752 Martini
1371 1708 1598 1750 conciones
1631 1707 1684 1748 ab
1718 1706 1906 1748 omnium

140 1775 336 1817 ordinum
370 1776 612 1819 hominibus
644 1779 858 1830 exceptae
889 1775 989 1826 sint,
1029 1777 1078 1817 ut
1109 1774 1145 1816 si
1179 1788 1234 1816 ex
1267 1772 1499 1816 Societatis
1531 1775 1633 1814 tuae
1666 1771 1908 1813 hominibus

139 1839 328 1883 fructum
361 1842 501 1884 adhuc
534 1842 720 1896 aliquem
755 1841 977 1895 cepissem,
1019 1840 1056 1881 is
1088 1853 1194 1882 sane
1234 1838 1549 1893 pulcherrimus
1581 1836 1908 1889 uberrimusque

141 1918 195 1946 ex
227 1905 274 1948 P.
298 1907 476 1949 Martini
516 1907 703 1962 ingenio,
746 1907 911 1961 pietate
957 1908 1001 1948 et
1034 1905 1281 1958 eloquentia
1314 1903 1369 1945 ad
1400 1902 1648 1945 vniuersam
1681 1901 1792 1943 hanc
1825 1901 1908 1943 Ec-

263 2023 273 2042 ¹
298 2023 452 2067 Borgiae
479 2024 634 2069 epistula
659 2025 716 2058 25.
736 2024 858 2058 Martii
883 2023 974 2057 1570
1002 2022 1086 2056 data
1112 2022 1278 2067 episcopo
1304 2020 1459 2054 nondum
1487 2022 1563 2054 erat
1590 2019 1718 2059 allata;
1747 2030 1780 2052 v.
1799 2029 1908 2063 supra

142 2086 174 2119 p.
196 2075 275 2110 389.
422 2077 435 2097 ²
461 2077 713 2112 Balthasarem
740 2077 784 2111 ab
810 2075 930 2111 Hellu.

264 2129 276 2148 ³
301 2128 466 2165 Oanisius
493 2133 529 2165 ct
547 2131 666 2165 Vinck
693 2141 714 2164 a
739 2130 795 2164 25.
816 2130 859 2164 ad
879 2130 934 2164 30.
954 2128 1045 2162 Iunii
1066 2127 1157 2162 1567
1177 2126 1362 2172 Herbipoli
1390 2137 1470 2160 cum
1489 2125 1670 2159 Friderico
1697 2125 1740 2159 de
1767 2123 1908 2167 collegii

140 2181 365 2217 institutione
392 2186 543 2227 egerant
571 2184 677 2228 (Can.
696 2183 730 2217 V
756 2182 944 2218 505—508
973 2182 1191 2224 709—711).

261 2238 274 2256 ⁴²
300 2236 347 2270 Et
372 2237 533 2280 Borgias,
569 2239 604 2271 et
633 2236 774 2271 Natalis
801 2235 992 2270 Societatis
1027 2234 1206 2275 visitator,
1242 2236 1278 2268 et
1313 2233 1389 2278 ipse
1416 2231 1582 2267 Canisius
1618 2231 1720 2265 annis
1748 2231 1838 2265 1566
1873 2233 1909 2264 et

143 2287 234 2322 1567
261 2289 355 2324 serio
381 2291 499 2324 conati
526 2293 629 2324 erant
658 2290 813 2331 efficere,
849 2290 890 2323 ut
915 2288 955 2322 P.
982 2288 1113 2322 Petrus
1138 2287 1235 2321 Fahe
1265 2286 1393 2330 (Vahe,
1420 2285 1548 2329 Phae),
1584 2286 1738 2318 exeunte
1764 2295 1797 2318 a.
1817 2284 1908 2318 1564

143 2353 189 2375 ex
224 2342 376 2386 collegio
412 2343 605 2378 coloniensi
641 2344 677 2378 in
702 2343 888 2377 Varmiam
922 2341 967 2376 ad
1002 2340 1279 2375 continuandum
1315 2339 1447 2374 missus
1485 2338 1590 2382 (Can.
1617 2337 1665 2372 IV
1694 2337 1791 2380 796),
1827 2337 1909 2371 inde

142 2394 365 2441 Herbipolim
391 2397 531 2432 veniret
559 2397 665 2441 (Can.
684 2396 716 2430 V
744 2397 810 2431 367
840 2396 906 2430 387
935 2395 1002 2429 396
1028 2395 1097 2429 401
1125 2394 1194 2429 429
1221 2393 1291 2428 474
1318 2392 1416 2436 etc.).
1467 2392 1555 2427 Cum
1592 2402 1677 2424 vero
1707 2390 1804 2424 Fahe
1839 2401 1908 2424 non

143 2448 258 2482 solum
293 2449 578 2494 Braunsbergae,
614 2450 677 2484 sed
712 2449 821 2484 etiam
857 2448 1043 2491 Elbingae,
1078 2447 1139 2481 ubi
1174 2446 1301 2489 religio
1335 2446 1372 2479 in
1407 2456 1544 2479 summo
1581 2443 1784 2478 discrimine
1820 2446 1908 2484 erat,

144 2503 315 2546 optimam
342 2504 514 2538 cardinali
540 2504 651 2538 Hosio
678 2514 823 2548 operam
849 2501 1150 2547 plaesta1·et,ille
1177 2512 1207 2535 a.
1230 2500 1317 2534 1567
1346 2501 1383 2533 et
1410 2499 1500 2533 1568
1527 2497 1633 2532 valde
1659 2496 1830 2537 instabat,
1864 2508 1908 2530 ne

143 2554 225 2588 inde
251 2560 465 2591 avocalmetul
493 2557 780 2601 (Duhr,Jes.1
805 2555 904 2599 434).
955 2555 1024 2589 Hic
1060 2556 1181 2588 autem
1215 2553 1252 2587 in
1285 2551 1448 2587 morbum
1474 2561 1623 2595 gravem
1650 2549 1775 2584 incidit
1803 2549 1907 2594 (Epp.

146 2609 268 2642 Nadal
293 2610 343 2643 III
370 2610 475 2654 812);
503 2622 681 2645 venenum
707 2610 751 2644 ab
778 2609 999 2643 adversariis
1025 2608 1057 2641 ei
1083 2607 1328 2641 ministratum
1354 2617 1433 2639 esse
1459 2602 1908 2644 ferebant;„1emittente

146 2661 330 2704 paululum
367 2664 486 2698 dolore
518 2664 734 2704 visce1·um“,
769 2662 886 2706 inquit
920 2662 1142 2704 Rerffenbery
1181 2660 1218 2703 (l.
1245 2671 1275 2694 c.
1303 2659 1375 2702 37),
1412 2658 1581 2701 „Romam
1616 2656 1740 2701 petii&
1748 2684 1754 2690 .
1805 2656 1908 2691 Unde

146 2714 252 2748 rediit
278 2716 313 2749 in
340 2716 589 2758 Germaniam;
625 2718 801 2760 Hoffaeus
826 2716 921 2749 enim
947 2713 1147 2759 Oeniponte
1177 2714 1230 2748 16.
1256 2712 1393 2757 Aprilis
1422 2711 1511 2745 1570
1538 2709 1690 2753 Borgiae
1716 2708 1907 2754 *scripsit:

151 2766 210 2808 „P.
239 2768 368 2803 Petrus
400 2769 498 2804 Phae
525 2769 666 2815 Spiram
702 2770 772 2803 iam
808 2768 906 2814 abijt,
942 2768 993 2802 ita
1028 2767 1171 2802 volente
1206 2766 1246 2800 P.
1272 2765 1445 2800 Vinckio“
1487 2763 1661 2806 (autogr.;
1698 2763 1740 2797 G.
1767 2762 1831 2807 Ep.
1858 2762 1907 2796 XI

148 2819 171 2853 f.
199 2820 323 2862 218¹&
355 2822 407 2856 15.
435 2823 590 2857 Ianuarii
619 2823 710 2857 1572
736 2822 945 2865 Moguntiae
970 2823 1133 2855 mortuus
1160 2821 1216 2854 est
1244 2819 1406 2861 (Hansen
1431 2817 1454 2851 l.
1482 2828 1512 2851 c.
1540 2816 1653 2860 6134).

269 2874 281 2892 ⁵
307 2874 345 2908 P.
374 2874 618 2909 Christianum
645 2875 789 2909 Rivium
816 2874 1026 2908 Halverium
1056 2873 1117 2917 (ex
1144 2872 1282 2906 Halver
1307 2869 1557 2915 Westphaliae
1590 2868 1717 2913 oppido
1744 2868 1906 2911 ortumP)

149 2925 182 2960 S.
208 2926 240 2959 J.
270 2926 432 2969 (Hansen
468 2928 489 2962 l.
518 2939 546 2962 c.
583 2928 662 2962 552.
708 2929 826 2972 Dnhr,
862 2928 936 2962 Jes.
963 2927 977 2962 Ι
1004 2926 1090 2961 450⁶
1114 2927 1195 2961 475.
1240 2925 1504 2966 Sommervoyel,
1533 2922 1621 2956 Bibl.
1649 2921 1699 2955 IV
1725 2922 1769 2956 57
1797 2923 1832 2955 et
1858 2932 1906 2955 11:

148 2978 199 3012 VI
228 2979 336 3020 1805;
364 2980 413 3013 IX
440 2981 537 3023 455).

269 3032 282 3052 ⁶
316 3031 483 3077 Episcopi
519 3035 555 3067 et
589 3033 760 3078 martyris
789 3034 824 3076 (†
851 3045 881 3067 a.
910 3033 1037 3077 6891)),
1073 3031 1226 3077 apostoli
1251 3029 1469 3065 Franconiae
1496 3027 1680 3063 orientalis
1706 3029 1742 3061 et
1768 3027 1908 3072 patroni

150 3084 378 3130 episcopatus
404 3084 674 3130 herbipolensis.
