<?xml version="1.0" encoding="UTF-8"?>
<!DOCTYPE html PUBLIC "-//W3C//DTD XHTML 1.0 Transitional//EN"
    "http://www.w3.org/TR/xhtml1/DTD/xhtml1-transitional.dtd">
<html xmlns="http://www.w3.org/1999/xhtml" xml:lang="en" lang="en">
 <head>
  <title>
</title>
<meta http-equiv="Content-Type" content="text/html;charset=utf-8" />
  <meta name='ocr-system' content='tesseract 3.04.00' />
  <meta name='ocr-capabilities' content='ocr_page ocr_carea ocr_par ocr_line ocrx_word'/>
</head>
<body>
  <div class='ocr_page' id='page_1' title='image "beatipetricanisi06cani_0619.png"; bbox 0 0 2044 3335; ppageno 0'>
   <div class='ocr_carea' id='block_1_1' title="bbox 618 81 1872 138">
    <p class='ocr_par' dir='ltr' id='par_1_1' title="bbox 618 81 1872 138">
     <span class='ocr_line' id='line_1_1' title="bbox 618 81 1872 138; baseline 0.008 -23"><span class='ocrx_word' id='word_1_1' title='bbox 618 82 648 115; x_wconf 92' lang='lat' dir='ltr'><strong>A</strong></span> <span class='ocrx_word' id='word_1_2' title='bbox 676 81 707 115; x_wconf 86' lang='lat' dir='ltr'>d.</span> <span class='ocrx_word' id='word_1_3' title='bbox 727 82 783 138; x_wconf 70' lang='lat'>25.</span> <span class='ocrx_word' id='word_1_4' title='bbox 802 81 926 115; x_wconf 87' lang='lat' dir='ltr'>Martii</span> <span class='ocrx_word' id='word_1_5' title='bbox 953 81 996 116; x_wconf 87' lang='lat' dir='ltr'>ad</span> <span class='ocrx_word' id='word_1_6' title='bbox 1024 82 1082 116; x_wconf 77' lang='lat'>20.</span> <span class='ocrx_word' id='word_1_7' title='bbox 1102 81 1237 127; x_wconf 82' lang='lat' dir='ltr'>Aprilis</span> <span class='ocrx_word' id='word_1_8' title='bbox 1267 81 1367 117; x_wconf 84' lang='lat'>1568.</span> <span class='ocrx_word' id='word_1_9' title='bbox 1788 84 1872 125; x_wconf 83' lang='lat'>545</span> 
     </span>
    </p>
   </div>
   <div class='ocr_carea' id='block_1_2' title="bbox 94 196 1875 2907">
    <p class='ocr_par' dir='ltr' id='par_1_2' title="bbox 106 196 1875 451">
     <span class='ocr_line' id='line_1_2' title="bbox 106 196 1873 241; baseline 0.001 -11"><span class='ocrx_word' id='word_1_10' title='bbox 106 196 254 230; x_wconf 89' lang='lat' dir='ltr'>iuuenes</span> <span class='ocrx_word' id='word_1_11' title='bbox 280 197 316 229; x_wconf 88' lang='lat' dir='ltr'>et</span> <span class='ocrx_word' id='word_1_12' title='bbox 341 207 446 230; x_wconf 89' lang='lat' dir='ltr'>senes</span> <span class='ocrx_word' id='word_1_13' title='bbox 473 196 507 229; x_wconf 91' lang='lat' dir='ltr'>in</span> <span class='ocrx_word' id='word_1_14' title='bbox 534 208 620 230; x_wconf 91' lang='lat' dir='ltr'>uera</span> <span class='ocrx_word' id='word_1_15' title='bbox 646 196 715 230; x_wconf 88' lang='lat' dir='ltr'>fide</span> <span class='ocrx_word' id='word_1_16' title='bbox 733 197 989 232; x_wconf 89' lang='lat' dir='ltr'>conuertebant</span> <span class='ocrx_word' id='word_1_17' title='bbox 1014 209 1052 231; x_wconf 89' lang='lat' dir='ltr'>se</span> <span class='ocrx_word' id='word_1_18' title='bbox 1079 198 1123 232; x_wconf 92' lang='lat' dir='ltr'>ad</span> <span class='ocrx_word' id='word_1_19' title='bbox 1142 197 1255 232; x_wconf 92' lang='lat' dir='ltr'>Deum</span> <span class='ocrx_word' id='word_1_20' title='bbox 1275 197 1411 241; x_wconf 88' lang='lat' dir='ltr'>Deique</span> <span class='ocrx_word' id='word_1_21' title='bbox 1438 196 1592 240; x_wconf 82' lang='lat' dir='ltr'>gratiam</span> <span class='ocrx_word' id='word_1_22' title='bbox 1612 196 1713 231; x_wconf 82' lang='lat' dir='ltr'>nobis</span> <span class='ocrx_word' id='word_1_23' title='bbox 1739 197 1873 231; x_wconf 87' lang='lat' dir='ltr'>factam</span> 
     </span>
     <span class='ocr_line' id='line_1_3' title="bbox 107 248 1872 294; baseline 0.001 -12"><span class='ocrx_word' id='word_1_24' title='bbox 107 249 209 282; x_wconf 84' lang='lat' dir='ltr'>iuxta</span> <span class='ocrx_word' id='word_1_25' title='bbox 234 248 302 282; x_wconf 89' lang='lat' dir='ltr'>hoc</span> <span class='ocrx_word' id='word_1_26' title='bbox 320 248 557 291; x_wconf 85' lang='lat' dir='ltr'>Euangelium</span> <span class='ocrx_word' id='word_1_27' title='bbox 600 250 620 282; x_wconf 84' lang='lat'>2</span> <span class='ocrx_word' id='word_1_28' title='bbox 647 249 884 284; x_wconf 75' lang='lat' dir='ltr'>humiliabant</span> <span class='ocrx_word' id='word_1_29' title='bbox 910 261 948 284; x_wconf 86' lang='lat' dir='ltr'>se</span> <span class='ocrx_word' id='word_1_30' title='bbox 974 261 1086 294; x_wconf 86' lang='lat' dir='ltr'>usque</span> <span class='ocrx_word' id='word_1_31' title='bbox 1113 251 1157 285; x_wconf 88' lang='lat' dir='ltr'>ad</span> <span class='ocrx_word' id='word_1_32' title='bbox 1184 252 1317 284; x_wconf 84' lang='lat' dir='ltr'>terram</span> <span class='ocrx_word' id='word_1_33' title='bbox 1343 253 1486 284; x_wconf 89' lang='lat' dir='ltr'>orantes</span> <span class='ocrx_word' id='word_1_34' title='bbox 1505 250 1633 284; x_wconf 90' lang='lat' dir='ltr'>deuote</span> <span class='ocrx_word' id='word_1_35' title='bbox 1651 250 1728 283; x_wconf 90' lang='lat' dir='ltr'>Aue</span> <span class='ocrx_word' id='word_1_36' title='bbox 1746 250 1872 292; x_wconf 87' lang='lat' dir='ltr'>Maria,</span> 
     </span>
     <span class='ocr_line' id='line_1_4' title="bbox 107 301 1875 347; baseline 0.001 -13"><span class='ocrx_word' id='word_1_37' title='bbox 107 301 309 344; x_wconf 78' lang='lat' dir='ltr'>cogitantes</span> <span class='ocrx_word' id='word_1_38' title='bbox 335 301 378 335; x_wconf 90' lang='lat' dir='ltr'>de</span> <span class='ocrx_word' id='word_1_39' title='bbox 404 301 498 336; x_wconf 86' lang='lat' dir='ltr'>dulci</span> <span class='ocrx_word' id='word_1_40' title='bbox 525 301 700 346; x_wconf 86' lang='lat' dir='ltr'>colloquio</span> <span class='ocrx_word' id='word_1_41' title='bbox 727 303 820 347; x_wconf 88' lang='lat' dir='ltr'>quod</span> <span class='ocrx_word' id='word_1_42' title='bbox 847 302 917 337; x_wconf 86' lang='lat' dir='ltr'>fuit</span> <span class='ocrx_word' id='word_1_43' title='bbox 942 303 1036 337; x_wconf 89' lang='lat' dir='ltr'>inter</span> <span class='ocrx_word' id='word_1_44' title='bbox 1060 303 1149 338; x_wconf 89' lang='lat' dir='ltr'>Mar.</span> <span class='ocrx_word' id='word_1_45' title='bbox 1178 306 1214 337; x_wconf 90' lang='lat' dir='ltr'>et</span> <span class='ocrx_word' id='word_1_46' title='bbox 1240 305 1351 346; x_wconf 78' lang='lat' dir='ltr'>Ang.“</span> <span class='ocrx_word' id='word_1_47' title='bbox 1383 306 1450 338; x_wconf 85' lang='lat' dir='ltr'>etc.</span> <span class='ocrx_word' id='word_1_48' title='bbox 1479 302 1518 346; x_wconf 88' lang='lat' dir='ltr'>(l.</span> <span class='ocrx_word' id='word_1_49' title='bbox 1538 315 1567 337; x_wconf 88' lang='grc'>0.</span> <span class='ocrx_word' id='word_1_50' title='bbox 1588 303 1613 337; x_wconf 84' lang='lat' dir='ltr'>f.</span> <span class='ocrx_word' id='word_1_51' title='bbox 1632 303 1724 346; x_wconf 76' lang='lat' dir='ltr'>47b).</span> <span class='ocrx_word' id='word_1_52' title='bbox 1767 303 1814 336; x_wconf 89' lang='lat' dir='ltr'>Et</span> <span class='ocrx_word' id='word_1_53' title='bbox 1839 304 1875 337; x_wconf 92' lang='lat' dir='ltr'>in</span> 
     </span>
     <span class='ocr_line' id='line_1_5' title="bbox 107 354 1875 401; baseline 0.002 -14"><span class='ocrx_word' id='word_1_54' title='bbox 107 354 268 398; x_wconf 85' lang='lat' dir='ltr'>margine</span> <span class='ocrx_word' id='word_1_55' title='bbox 292 355 446 399; x_wconf 82' lang='lat' dir='ltr'>paginae</span> <span class='ocrx_word' id='word_1_56' title='bbox 475 355 512 397; x_wconf 93' lang='lat' dir='ltr'>(l.</span> <span class='ocrx_word' id='word_1_57' title='bbox 533 367 562 389; x_wconf 93' lang='grc'>0.</span> <span class='ocrx_word' id='word_1_58' title='bbox 582 356 606 389; x_wconf 87' lang='lat' dir='ltr'>f.</span> <span class='ocrx_word' id='word_1_59' title='bbox 624 356 725 400; x_wconf 77' lang='lat'>47²³):</span> <span class='ocrx_word' id='word_1_60' title='bbox 757 357 832 398; x_wconf 82' lang='lat'>„25.</span> <span class='ocrx_word' id='word_1_61' title='bbox 853 356 972 401; x_wconf 87' lang='lat' dir='ltr'>Martij</span> <span class='ocrx_word' id='word_1_62' title='bbox 998 356 1154 390; x_wconf 89' lang='lat' dir='ltr'>Mundus</span> <span class='ocrx_word' id='word_1_63' title='bbox 1180 359 1335 391; x_wconf 87' lang='lat' dir='ltr'>creatus.</span> <span class='ocrx_word' id='word_1_64' title='bbox 1378 356 1544 391; x_wconf 84' lang='lat' dir='ltr'>Christus</span> <span class='ocrx_word' id='word_1_65' title='bbox 1571 357 1803 401; x_wconf 83' lang='lat' dir='ltr'>conceptus“;</span> <span class='ocrx_word' id='word_1_66' title='bbox 1832 356 1875 390; x_wconf 90' lang='lat' dir='ltr'>de</span> 
     </span>
     <span class='ocr_line' id='line_1_6' title="bbox 108 408 615 451; baseline 0.004 -10"><span class='ocrx_word' id='word_1_67' title='bbox 108 418 178 451; x_wconf 89' lang='lat' dir='ltr'>qua</span> <span class='ocrx_word' id='word_1_68' title='bbox 203 419 242 441; x_wconf 89' lang='lat' dir='ltr'>re</span> <span class='ocrx_word' id='word_1_69' title='bbox 269 408 316 442; x_wconf 87' lang='lat' dir='ltr'>cf.</span> <span class='ocrx_word' id='word_1_70' title='bbox 345 409 431 442; x_wconf 79' lang='lat' dir='ltr'>Can.</span> <span class='ocrx_word' id='word_1_71' title='bbox 459 408 509 441; x_wconf 85' lang='lat' dir='ltr'>Ill</span> <span class='ocrx_word' id='word_1_72' title='bbox 537 408 615 443; x_wconf 84' lang='lat'>794.</span> 
     </span>
    </p>

    <p class='ocr_par' dir='ltr' id='par_1_3' title="bbox 102 461 1875 1517">
     <span class='ocr_line' id='line_1_7' title="bbox 225 461 1875 506; baseline 0.001 -12"><span class='ocrx_word' id='word_1_73' title='bbox 225 461 257 495; x_wconf 82' lang='lat'>2.</span> <span class='ocrx_word' id='word_1_74' title='bbox 289 461 494 503; x_wconf 88' lang='lat' dir='ltr'>„Dominica</span> <span class='ocrx_word' id='word_1_75' title='bbox 522 461 693 495; x_wconf 83' lang='lat' dir='ltr'>Laetare“</span> <span class='ocrx_word' id='word_1_76' title='bbox 724 461 801 495; x_wconf 83' lang='lat' dir='ltr'>sive</span> <span class='ocrx_word' id='word_1_77' title='bbox 829 461 1095 505; x_wconf 60' lang='lat' dir='ltr'>1V.—Quadrag.</span> <span class='ocrx_word' id='word_1_78' title='bbox 1126 462 1198 504; x_wconf 83' lang='lat'>(28.</span> <span class='ocrx_word' id='word_1_79' title='bbox 1227 462 1378 504; x_wconf 85' lang='lat' dir='ltr'>Martii),</span> <span class='ocrx_word' id='word_1_80' title='bbox 1416 473 1486 506; x_wconf 86' lang='lat' dir='ltr'>qua</span> <span class='ocrx_word' id='word_1_81' title='bbox 1521 462 1696 496; x_wconf 87' lang='lat' dir='ltr'>recitatur</span> <span class='ocrx_word' id='word_1_82' title='bbox 1725 461 1875 496; x_wconf 84' lang='lat' dir='ltr'>historia</span> 
     </span>
     <span class='ocr_line' id='line_1_8' title="bbox 107 513 1875 560; baseline 0.001 -13"><span class='ocrx_word' id='word_1_83' title='bbox 107 514 199 549; x_wconf 86' lang='lat'>5000</span> <span class='ocrx_word' id='word_1_84' title='bbox 225 513 382 547; x_wconf 90' lang='lat' dir='ltr'>virorum</span> <span class='ocrx_word' id='word_1_85' title='bbox 410 514 430 548; x_wconf 80' lang='lat'>5</span> <span class='ocrx_word' id='word_1_86' title='bbox 458 515 608 558; x_wconf 88' lang='lat' dir='ltr'>panibus</span> <span class='ocrx_word' id='word_1_87' title='bbox 635 516 671 548; x_wconf 88' lang='lat' dir='ltr'>et</span> <span class='ocrx_word' id='word_1_88' title='bbox 697 515 717 548; x_wconf 79' lang='lat'>2</span> <span class='ocrx_word' id='word_1_89' title='bbox 744 514 903 560; x_wconf 83' lang='lat' dir='ltr'>piscibus</span> <span class='ocrx_word' id='word_1_90' title='bbox 937 515 1150 548; x_wconf 83' lang='lat' dir='ltr'>satiatorum</span> <span class='ocrx_word' id='word_1_91' title='bbox 1179 515 1232 557; x_wconf 90' lang='lat' dir='ltr'>(Io</span> <span class='ocrx_word' id='word_1_92' title='bbox 1259 515 1290 555; x_wconf 90' lang='lat'>6,</span> <span class='ocrx_word' id='word_1_93' title='bbox 1321 515 1471 557; x_wconf 81' lang='lat'>1—15):</span> <span class='ocrx_word' id='word_1_94' title='bbox 1502 515 1723 560; x_wconf 78' lang='lat' dir='ltr'>„propositio</span> <span class='ocrx_word' id='word_1_95' title='bbox 1749 515 1875 549; x_wconf 88' lang='lat' dir='ltr'>Dicam</span> 
     </span>
     <span class='ocr_line' id='line_1_9' title="bbox 106 566 1874 612; baseline 0.001 -12"><span class='ocrx_word' id='word_1_96' title='bbox 106 567 149 600; x_wconf 88' lang='lat' dir='ltr'>de</span> <span class='ocrx_word' id='word_1_97' title='bbox 184 566 250 600; x_wconf 91' lang='lat' dir='ltr'>hoc</span> <span class='ocrx_word' id='word_1_98' title='bbox 276 566 484 610; x_wconf 82' lang='lat' dir='ltr'>Euangelio,</span> <span class='ocrx_word' id='word_1_99' title='bbox 511 567 696 601; x_wconf 74' lang='lat' dir='ltr'>Primum³</span> <span class='ocrx_word' id='word_1_100' title='bbox 723 568 879 602; x_wconf 88' lang='lat' dir='ltr'>breuiter</span> <span class='ocrx_word' id='word_1_101' title='bbox 914 579 1006 611; x_wconf 86' lang='lat' dir='ltr'>quae</span> <span class='ocrx_word' id='word_1_102' title='bbox 1036 568 1080 601; x_wconf 91' lang='lat' dir='ltr'>ad</span> <span class='ocrx_word' id='word_1_103' title='bbox 1107 567 1277 601; x_wconf 85' lang='lat' dir='ltr'>historiae</span> <span class='ocrx_word' id='word_1_104' title='bbox 1303 579 1480 601; x_wconf 83' lang='lat' dir='ltr'>summam</span> <span class='ocrx_word' id='word_1_105' title='bbox 1507 571 1673 612; x_wconf 84' lang='lat' dir='ltr'>spectant</span> <span class='ocrx_word' id='word_1_106' title='bbox 1699 569 1874 612; x_wconf 89' lang='lat' dir='ltr'>quomodo</span> 
     </span>
     <span class='ocr_line' id='line_1_10' title="bbox 105 619 1874 663; baseline 0.001 -10"><span class='ocrx_word' id='word_1_107' title='bbox 105 620 167 653; x_wconf 84' lang='lat' dir='ltr'>dat</span> <span class='ocrx_word' id='word_1_108' title='bbox 192 619 415 654; x_wconf 87' lang='lat' dir='ltr'>occasionem</span> <span class='ocrx_word' id='word_1_109' title='bbox 435 620 616 663; x_wconf 86' lang='lat' dir='ltr'>cogitandi</span> <span class='ocrx_word' id='word_1_110' title='bbox 643 621 686 654; x_wconf 88' lang='lat' dir='ltr'>de</span> <span class='ocrx_word' id='word_1_111' title='bbox 712 624 834 655; x_wconf 89' lang='lat' dir='ltr'>nostro</span> <span class='ocrx_word' id='word_1_112' title='bbox 854 620 1032 654; x_wconf 87' lang='lat' dir='ltr'>Paschate</span> <span class='ocrx_word' id='word_1_113' title='bbox 1060 622 1095 654; x_wconf 90' lang='lat' dir='ltr'>et</span> <span class='ocrx_word' id='word_1_114' title='bbox 1114 620 1280 654; x_wconf 84' lang='lat' dir='ltr'>Paschali</span> <span class='ocrx_word' id='word_1_115' title='bbox 1299 620 1387 660; x_wconf 91' lang='lat' dir='ltr'>cibo,</span> <span class='ocrx_word' id='word_1_116' title='bbox 1414 623 1454 654; x_wconf 89' lang='lat' dir='ltr'>ut</span> <span class='ocrx_word' id='word_1_117' title='bbox 1484 621 1591 654; x_wconf 85' lang='lat' dir='ltr'>etiam</span> <span class='ocrx_word' id='word_1_118' title='bbox 1610 632 1675 655; x_wconf 91' lang='lat' dir='ltr'>nos</span> <span class='ocrx_word' id='word_1_119' title='bbox 1693 632 1713 654; x_wconf 89' lang='lat' dir='ltr'>a</span> <span class='ocrx_word' id='word_1_120' title='bbox 1733 621 1874 655; x_wconf 87' lang='lat' dir='ltr'>Christo</span> 
     </span>
     <span class='ocr_line' id='line_1_11' title="bbox 105 673 1874 708; baseline 0.001 -2"><span class='ocrx_word' id='word_1_121' title='bbox 105 675 202 707; x_wconf 90' lang='lat' dir='ltr'>recte</span> <span class='ocrx_word' id='word_1_122' title='bbox 229 673 387 707; x_wconf 85' lang='lat' dir='ltr'>cibemur</span> <span class='ocrx_word' id='word_1_123' title='bbox 413 674 448 707; x_wconf 88' lang='grc'>10</span> <span class='ocrx_word' id='word_1_124' title='bbox 476 674 616 708; x_wconf 91' lang='lat' dir='ltr'>deserto</span> <span class='ocrx_word' id='word_1_125' title='bbox 643 674 750 708; x_wconf 86' lang='lat' dir='ltr'>huius</span> <span class='ocrx_word' id='word_1_126' title='bbox 777 674 898 707; x_wconf 90' lang='lat' dir='ltr'>mundi</span> <span class='ocrx_word' id='word_1_127' title='bbox 925 676 960 707; x_wconf 90' lang='lat' dir='ltr'>et</span> <span class='ocrx_word' id='word_1_128' title='bbox 985 685 1109 707; x_wconf 87' lang='lat' dir='ltr'>ueram</span> <span class='ocrx_word' id='word_1_129' title='bbox 1136 673 1419 707; x_wconf 82' lang='lat' dir='ltr'>benedictionem</span> <span class='ocrx_word' id='word_1_130' title='bbox 1447 673 1581 708; x_wconf 76' lang='lat' dir='ltr'>Christi</span> <span class='ocrx_word' id='word_1_131' title='bbox 1617 686 1662 707; x_wconf 83' lang='lat' dir='ltr'>ex</span> <span class='ocrx_word' id='word_1_132' title='bbox 1687 674 1874 708; x_wconf 88' lang='lat' dir='ltr'>benedicto</span> 
     </span>
     <span class='ocr_line' id='line_1_12' title="bbox 104 726 1873 771; baseline 0.001 -12"><span class='ocrx_word' id='word_1_133' title='bbox 104 737 195 770; x_wconf 88' lang='lat' dir='ltr'>pane</span> <span class='ocrx_word' id='word_1_134' title='bbox 222 737 493 771; x_wconf 88' lang='lat' dir='ltr'>consequamur.</span> <span class='ocrx_word' id='word_1_135' title='bbox 529 727 566 762; x_wconf 77' lang='lat'>2⁴?</span> <span class='ocrx_word' id='word_1_136' title='bbox 592 727 754 761; x_wconf 80' lang='lat' dir='ltr'>tractabo</span> <span class='ocrx_word' id='word_1_137' title='bbox 781 727 955 771; x_wconf 90' lang='lat' dir='ltr'>quomodo</span> <span class='ocrx_word' id='word_1_138' title='bbox 974 739 1019 760; x_wconf 82' lang='lat' dir='ltr'>ex</span> <span class='ocrx_word' id='word_1_139' title='bbox 1046 726 1112 760; x_wconf 95' lang='grc'>1100</span> <span class='ocrx_word' id='word_1_140' title='bbox 1131 726 1328 769; x_wconf 86' lang='lat' dir='ltr'>Euangelio</span> <span class='ocrx_word' id='word_1_141' title='bbox 1354 726 1561 760; x_wconf 83' lang='lat' dir='ltr'>hauriamus</span> <span class='ocrx_word' id='word_1_142' title='bbox 1588 726 1873 761; x_wconf 86' lang='lat' dir='ltr'>exhortationem</span> 
     </span>
     <span class='ocr_line' id='line_1_13' title="bbox 105 779 1871 824; baseline 0.001 -11"><span class='ocrx_word' id='word_1_143' title='bbox 105 781 141 812; x_wconf 91' lang='lat' dir='ltr'>et</span> <span class='ocrx_word' id='word_1_144' title='bbox 167 780 366 813; x_wconf 84' lang='lat' dir='ltr'>doctrinam</span> <span class='ocrx_word' id='word_1_145' title='bbox 398 779 465 814; x_wconf 91' lang='grc'>1100</span> <span class='ocrx_word' id='word_1_146' title='bbox 490 781 651 824; x_wconf 87' lang='lat' dir='ltr'>tempore</span> <span class='ocrx_word' id='word_1_147' title='bbox 677 780 779 814; x_wconf 88' lang='lat' dir='ltr'>nobis</span> <span class='ocrx_word' id='word_1_148' title='bbox 805 780 1001 814; x_wconf 87' lang='lat' dir='ltr'>salutarem</span> <span class='ocrx_word' id='word_1_149' title='bbox 1029 782 1064 813; x_wconf 90' lang='lat' dir='ltr'>et</span> <span class='ocrx_word' id='word_1_150' title='bbox 1089 780 1341 821; x_wconf 88' lang='lat' dir='ltr'>necessariam,</span> <span class='ocrx_word' id='word_1_151' title='bbox 1357 780 1407 813; x_wconf 89' lang='lat' dir='ltr'>&#39;si</span> <span class='ocrx_word' id='word_1_152' title='bbox 1436 779 1600 813; x_wconf 89' lang='lat' dir='ltr'>uolumus</span> <span class='ocrx_word' id='word_1_153' title='bbox 1635 780 1871 814; x_wconf 82' lang='lat' dir='ltr'>obedientiam</span> 
     </span>
     <span class='ocr_line' id='line_1_14' title="bbox 105 832 1873 878; baseline 0 -12"><span class='ocrx_word' id='word_1_154' title='bbox 105 832 169 866; x_wconf 89' lang='lat' dir='ltr'>deo</span> <span class='ocrx_word' id='word_1_155' title='bbox 197 834 233 866; x_wconf 91' lang='lat' dir='ltr'>et</span> <span class='ocrx_word' id='word_1_156' title='bbox 258 832 500 877; x_wconf 85' lang='lat' dir='ltr'>superioribus</span> <span class='ocrx_word' id='word_1_157' title='bbox 519 833 676 867; x_wconf 88' lang='lat' dir='ltr'>debitam</span> <span class='ocrx_word' id='word_1_158' title='bbox 701 845 868 867; x_wconf 85' lang='lat' dir='ltr'>exercere</span> <span class='ocrx_word' id='word_1_159' title='bbox 895 835 931 867; x_wconf 90' lang='lat' dir='ltr'>et</span> <span class='ocrx_word' id='word_1_160' title='bbox 949 833 1165 878; x_wconf 89' lang='lat' dir='ltr'>persoluere.</span> <span class='ocrx_word' id='word_1_161' title='bbox 1191 832 1331 867; x_wconf 85' lang='lat' dir='ltr'>laisten.</span> <span class='ocrx_word' id='word_1_162' title='bbox 1368 833 1404 867; x_wconf 79' lang='lat'>3⁰</span> <span class='ocrx_word' id='word_1_163' title='bbox 1430 832 1594 866; x_wconf 88' lang='lat' dir='ltr'>indicabo</span> <span class='ocrx_word' id='word_1_164' title='bbox 1620 833 1754 877; x_wconf 83' lang='lat' dir='ltr'>paucis,</span> <span class='ocrx_word' id='word_1_165' title='bbox 1781 845 1873 877; x_wconf 90' lang='lat' dir='ltr'>quae</span> 
     </span>
     <span class='ocr_line' id='line_1_15' title="bbox 104 885 1874 931; baseline 0 -11"><span class='ocrx_word' id='word_1_166' title='bbox 104 885 191 919; x_wconf 86' lang='lat' dir='ltr'>mihi</span> <span class='ocrx_word' id='word_1_167' title='bbox 210 890 293 920; x_wconf 91' lang='lat' dir='ltr'>sunt</span> <span class='ocrx_word' id='word_1_168' title='bbox 318 886 354 920; x_wconf 90' lang='lat' dir='ltr'>in</span> <span class='ocrx_word' id='word_1_169' title='bbox 372 886 552 920; x_wconf 87' lang='lat' dir='ltr'>mandatis</span> <span class='ocrx_word' id='word_1_170' title='bbox 571 886 664 927; x_wconf 89' lang='lat' dir='ltr'>data,</span> <span class='ocrx_word' id='word_1_171' title='bbox 692 886 759 920; x_wconf 91' lang='lat' dir='ltr'>hoc</span> <span class='ocrx_word' id='word_1_172' title='bbox 777 886 853 920; x_wconf 89' lang='lat' dir='ltr'>loco</span> <span class='ocrx_word' id='word_1_173' title='bbox 872 886 1099 931; x_wconf 87' lang='lat' dir='ltr'>proponenda</span> <span class='ocrx_word' id='word_1_174' title='bbox 1118 898 1163 920; x_wconf 87' lang='lat' dir='ltr'>ex</span> <span class='ocrx_word' id='word_1_175' title='bbox 1181 888 1283 930; x_wconf 88' lang='lat' dir='ltr'>parte</span> <span class='ocrx_word' id='word_1_176' title='bbox 1302 886 1503 930; x_wconf 87' lang='lat' dir='ltr'>Superioris</span> <span class='ocrx_word' id='word_1_177' title='bbox 1525 886 1847 920; x_wconf 62' lang='lat' dir='ltr'>Reuerendissinffl</span> <span class='ocrx_word' id='word_1_178' title='bbox 1867 889 1874 907; x_wconf 89' lang='lat'><strong>¹</strong></span> 
     </span>
     <span class='ocr_line' id='line_1_16' title="bbox 105 938 1872 984; baseline 0.001 -12"><span class='ocrx_word' id='word_1_179' title='bbox 105 938 144 981; x_wconf 74' lang='lat' dir='ltr'>(l.</span> <span class='ocrx_word' id='word_1_180' title='bbox 164 950 193 973; x_wconf 90' lang='grc'>0.</span> <span class='ocrx_word' id='word_1_181' title='bbox 221 940 244 972; x_wconf 86' lang='lat' dir='ltr'>f.</span> <span class='ocrx_word' id='word_1_182' title='bbox 264 939 356 983; x_wconf 71' lang='lat'>481³).</span> <span class='ocrx_word' id='word_1_183' title='bbox 409 939 577 984; x_wconf 84' lang='lat' dir='ltr'>Explicat</span> <span class='ocrx_word' id='word_1_184' title='bbox 611 939 737 973; x_wconf 88' lang='lat' dir='ltr'>deinde</span> <span class='ocrx_word' id='word_1_185' title='bbox 774 940 1011 983; x_wconf 80' lang='lat' dir='ltr'>evangelium.</span> <span class='ocrx_word' id='word_1_186' title='bbox 1067 939 1187 982; x_wconf 84' lang='lat' dir='ltr'>„Haec</span> <span class='ocrx_word' id='word_1_187' title='bbox 1221 940 1417 973; x_wconf 86' lang='lat' dir='ltr'>secundum</span> <span class='ocrx_word' id='word_1_188' title='bbox 1453 939 1606 974; x_wconf 86' lang='lat' dir='ltr'>literam.</span> <span class='ocrx_word' id='word_1_189' title='bbox 1633 939 1694 973; x_wconf 91' lang='lat' dir='ltr'>sed</span> <span class='ocrx_word' id='word_1_190' title='bbox 1730 942 1872 984; x_wconf 87' lang='lat' dir='ltr'>tempus</span> 
     </span>
     <span class='ocr_line' id='line_1_17' title="bbox 104 992 1872 1037; baseline 0.001 -12"><span class='ocrx_word' id='word_1_191' title='bbox 104 1004 173 1025; x_wconf 92' lang='lat' dir='ltr'>non</span> <span class='ocrx_word' id='word_1_192' title='bbox 199 992 346 1036; x_wconf 87' lang='lat' dir='ltr'>patitur,</span> <span class='ocrx_word' id='word_1_193' title='bbox 373 995 414 1026; x_wconf 89' lang='lat' dir='ltr'>ut</span> <span class='ocrx_word' id='word_1_194' title='bbox 439 993 496 1026; x_wconf 90' lang='lat' dir='ltr'>hic</span> <span class='ocrx_word' id='word_1_195' title='bbox 516 993 575 1026; x_wconf 89' lang='lat' dir='ltr'>diu</span> <span class='ocrx_word' id='word_1_196' title='bbox 601 992 839 1033; x_wconf 85' lang='lat' dir='ltr'>immoremur,</span> <span class='ocrx_word' id='word_1_197' title='bbox 868 995 903 1026; x_wconf 93' lang='lat' dir='ltr'>et</span> <span class='ocrx_word' id='word_1_198' title='bbox 929 993 1035 1027; x_wconf 89' lang='lat' dir='ltr'>facile</span> <span class='ocrx_word' id='word_1_199' title='bbox 1054 995 1203 1037; x_wconf 85' lang='lat' dir='ltr'>possunt</span> <span class='ocrx_word' id='word_1_200' title='bbox 1230 992 1319 1026; x_wconf 90' lang='lat' dir='ltr'>haec</span> <span class='ocrx_word' id='word_1_201' title='bbox 1336 995 1371 1026; x_wconf 86' lang='lat' dir='ltr'>et</span> <span class='ocrx_word' id='word_1_202' title='bbox 1394 993 1525 1026; x_wconf 83' lang='lat' dir='ltr'>similia</span> <span class='ocrx_word' id='word_1_203' title='bbox 1551 993 1586 1026; x_wconf 90' lang='lat' dir='ltr'>in</span> <span class='ocrx_word' id='word_1_204' title='bbox 1610 992 1764 1037; x_wconf 87' lang='lat' dir='ltr'>postillis</span> <span class='ocrx_word' id='word_1_205' title='bbox 1790 993 1872 1036; x_wconf 83' lang='lat' dir='ltr'>legi,</span> 
     </span>
     <span class='ocr_line' id='line_1_18' title="bbox 104 1045 1873 1091; baseline 0.001 -13"><span class='ocrx_word' id='word_1_206' title='bbox 104 1045 161 1078; x_wconf 92' lang='lat' dir='ltr'>uel</span> <span class='ocrx_word' id='word_1_207' title='bbox 189 1057 234 1079; x_wconf 82' lang='lat' dir='ltr'>ex</span> <span class='ocrx_word' id='word_1_208' title='bbox 260 1045 341 1090; x_wconf 86' lang='lat' dir='ltr'>alijs</span> <span class='ocrx_word' id='word_1_209' title='bbox 368 1046 599 1079; x_wconf 88' lang='lat' dir='ltr'>concionibus</span> <span class='ocrx_word' id='word_1_210' title='bbox 624 1046 789 1089; x_wconf 82' lang='lat' dir='ltr'>intelligi.</span> <span class='ocrx_word' id='word_1_211' title='bbox 832 1046 953 1079; x_wconf 91' lang='lat' dir='ltr'>Meum</span> <span class='ocrx_word' id='word_1_212' title='bbox 980 1048 1203 1091; x_wconf 87' lang='lat' dir='ltr'>propositum</span> <span class='ocrx_word' id='word_1_213' title='bbox 1231 1048 1285 1080; x_wconf 92' lang='lat' dir='ltr'>est</span> <span class='ocrx_word' id='word_1_214' title='bbox 1311 1058 1356 1079; x_wconf 84' lang='lat' dir='ltr'>ex</span> <span class='ocrx_word' id='word_1_215' title='bbox 1383 1046 1448 1080; x_wconf 90' lang='lat' dir='ltr'>hoc</span> <span class='ocrx_word' id='word_1_216' title='bbox 1475 1046 1672 1089; x_wconf 80' lang='lat' dir='ltr'>Euangelio</span> <span class='ocrx_word' id='word_1_217' title='bbox 1698 1046 1873 1090; x_wconf 87' lang='lat' dir='ltr'>quaedam</span> 
     </span>
     <span class='ocr_line' id='line_1_19' title="bbox 103 1098 1873 1144; baseline 0.001 -12"><span class='ocrx_word' id='word_1_218' title='bbox 103 1098 223 1143; x_wconf 88' lang='lat' dir='ltr'>capita</span> <span class='ocrx_word' id='word_1_219' title='bbox 250 1099 453 1139; x_wconf 81' lang='lat' dir='ltr'>extrahere,</span> <span class='ocrx_word' id='word_1_220' title='bbox 480 1111 572 1143; x_wconf 88' lang='lat' dir='ltr'>quae</span> <span class='ocrx_word' id='word_1_221' title='bbox 598 1099 665 1133; x_wconf 89' lang='lat' dir='ltr'>hoc</span> <span class='ocrx_word' id='word_1_222' title='bbox 689 1101 850 1144; x_wconf 88' lang='lat' dir='ltr'>tempore</span> <span class='ocrx_word' id='word_1_223' title='bbox 876 1100 984 1142; x_wconf 85' lang='lat' dir='ltr'>digna</span> <span class='ocrx_word' id='word_1_224' title='bbox 1012 1102 1096 1133; x_wconf 89' lang='lat' dir='ltr'>sunt</span> <span class='ocrx_word' id='word_1_225' title='bbox 1131 1099 1426 1139; x_wconf 83' lang='lat' dir='ltr'>consideratione,</span> <span class='ocrx_word' id='word_1_226' title='bbox 1462 1102 1499 1133; x_wconf 89' lang='lat' dir='ltr'>et</span> <span class='ocrx_word' id='word_1_227' title='bbox 1524 1111 1593 1133; x_wconf 88' lang='lat' dir='ltr'>non</span> <span class='ocrx_word' id='word_1_228' title='bbox 1619 1099 1734 1133; x_wconf 89' lang='lat' dir='ltr'>solum</span> <span class='ocrx_word' id='word_1_229' title='bbox 1761 1099 1873 1141; x_wconf 82' lang='lat' dir='ltr'>uobis,</span> 
     </span>
     <span class='ocr_line' id='line_1_20' title="bbox 103 1151 1873 1197; baseline 0.001 -12"><span class='ocrx_word' id='word_1_230' title='bbox 103 1151 165 1185; x_wconf 89' lang='lat' dir='ltr'>sed</span> <span class='ocrx_word' id='word_1_231' title='bbox 193 1151 302 1185; x_wconf 91' lang='lat' dir='ltr'>etiam</span> <span class='ocrx_word' id='word_1_232' title='bbox 328 1152 392 1185; x_wconf 90' lang='lat' dir='ltr'>toti</span> <span class='ocrx_word' id='word_1_233' title='bbox 419 1152 502 1186; x_wconf 89' lang='lat' dir='ltr'>huic</span> <span class='ocrx_word' id='word_1_234' title='bbox 529 1152 656 1197; x_wconf 91' lang='lat' dir='ltr'>oppido</span> <span class='ocrx_word' id='word_1_235' title='bbox 683 1152 727 1186; x_wconf 89' lang='lat' dir='ltr'>ad</span> <span class='ocrx_word' id='word_1_236' title='bbox 754 1153 954 1197; x_wconf 85' lang='lat' dir='ltr'>profectum</span> <span class='ocrx_word' id='word_1_237' title='bbox 981 1152 1226 1197; x_wconf 87' lang='lat' dir='ltr'>temporalem,</span> <span class='ocrx_word' id='word_1_238' title='bbox 1259 1152 1483 1197; x_wconf 90' lang='lat' dir='ltr'>spiritualem</span> <span class='ocrx_word' id='word_1_239' title='bbox 1520 1154 1555 1186; x_wconf 87' lang='lat' dir='ltr'>et</span> <span class='ocrx_word' id='word_1_240' title='bbox 1581 1155 1766 1186; x_wconf 88' lang='lat' dir='ltr'>aeternum</span> <span class='ocrx_word' id='word_1_241' title='bbox 1793 1164 1873 1187; x_wconf 89' lang='lat' dir='ltr'>con-</span> 
     </span>
     <span class='ocr_line' id='line_1_21' title="bbox 103 1205 1873 1250; baseline 0.001 -12"><span class='ocrx_word' id='word_1_242' title='bbox 103 1205 198 1238; x_wconf 88' lang='lat' dir='ltr'>ferre</span> <span class='ocrx_word' id='word_1_243' title='bbox 235 1206 417 1249; x_wconf 84' lang='lat' dir='ltr'>possunt.“</span> <span class='ocrx_word' id='word_1_244' title='bbox 472 1206 688 1247; x_wconf 85' lang='lat' dir='ltr'>Curandum,</span> <span class='ocrx_word' id='word_1_245' title='bbox 728 1209 789 1247; x_wconf 86' lang='lat' dir='ltr'>„ut</span> <span class='ocrx_word' id='word_1_246' title='bbox 823 1207 936 1239; x_wconf 88' lang='lat' dir='ltr'>simus</span> <span class='ocrx_word' id='word_1_247' title='bbox 973 1218 1016 1239; x_wconf 84' lang='lat' dir='ltr'>ex</span> <span class='ocrx_word' id='word_1_248' title='bbox 1052 1206 1182 1250; x_wconf 90' lang='lat' dir='ltr'>populo</span> <span class='ocrx_word' id='word_1_249' title='bbox 1218 1205 1274 1239; x_wconf 88' lang='lat' dir='ltr'>dei</span> <span class='ocrx_word' id='word_1_250' title='bbox 1310 1209 1473 1249; x_wconf 54' lang='grc' dir='ltr'>10380οἏ</span> <span class='ocrx_word' id='word_1_251' title='bbox 1509 1208 1545 1240; x_wconf 88' lang='lat' dir='ltr'>et</span> <span class='ocrx_word' id='word_1_252' title='bbox 1584 1208 1643 1248; x_wconf 87' lang='lat' dir='ltr'>„ut</span> <span class='ocrx_word' id='word_1_253' title='bbox 1678 1206 1873 1240; x_wconf 86' lang='lat' dir='ltr'>habeamus</span> 
     </span>
     <span class='ocr_line' id='line_1_22' title="bbox 102 1258 1872 1303; baseline 0.001 -12"><span class='ocrx_word' id='word_1_254' title='bbox 102 1269 227 1291; x_wconf 90' lang='lat' dir='ltr'>uerum</span> <span class='ocrx_word' id='word_1_255' title='bbox 254 1258 397 1301; x_wconf 84' lang='lat' dir='ltr'>signum</span> <span class='ocrx_word' id='word_1_256' title='bbox 424 1271 487 1293; x_wconf 89' lang='lat' dir='ltr'>nos</span> <span class='ocrx_word' id='word_1_257' title='bbox 515 1270 594 1292; x_wconf 85' lang='lat' dir='ltr'>esse</span> <span class='ocrx_word' id='word_1_258' title='bbox 620 1259 662 1292; x_wconf 87' lang='lat' dir='ltr'>de</span> <span class='ocrx_word' id='word_1_259' title='bbox 690 1259 819 1303; x_wconf 90' lang='lat' dir='ltr'>populo</span> <span class='ocrx_word' id='word_1_260' title='bbox 844 1259 918 1299; x_wconf 88' lang='lat' dir='ltr'>Dei,</span> <span class='ocrx_word' id='word_1_261' title='bbox 945 1261 981 1292; x_wconf 90' lang='lat' dir='ltr'>et</span> <span class='ocrx_word' id='word_1_262' title='bbox 1001 1258 1133 1293; x_wconf 85' lang='lat' dir='ltr'>Christi</span> <span class='ocrx_word' id='word_1_263' title='bbox 1160 1259 1443 1293; x_wconf 84' lang='lat' dir='ltr'>benedictionem</span> <span class='ocrx_word' id='word_1_264' title='bbox 1470 1259 1512 1293; x_wconf 86' lang='lat' dir='ltr'>ad</span> <span class='ocrx_word' id='word_1_265' title='bbox 1541 1271 1605 1293; x_wconf 88' lang='grc'>000</span> <span class='ocrx_word' id='word_1_266' title='bbox 1631 1260 1810 1303; x_wconf 87' lang='lat' dir='ltr'>pertinere</span> <span class='ocrx_word' id='word_1_267' title='bbox 1836 1259 1872 1292; x_wconf 94' lang='lat' dir='ltr'>in</span> 
     </span>
     <span class='ocr_line' id='line_1_23' title="bbox 102 1312 1872 1357; baseline 0.001 -12"><span class='ocrx_word' id='word_1_268' title='bbox 102 1312 362 1356; x_wconf 86' lang='lat' dir='ltr'>temporalibus</span> <span class='ocrx_word' id='word_1_269' title='bbox 380 1314 416 1346; x_wconf 92' lang='lat' dir='ltr'>et</span> <span class='ocrx_word' id='word_1_270' title='bbox 441 1312 699 1357; x_wconf 87' lang='lat' dir='ltr'>spiritualibus.</span> <span class='ocrx_word' id='word_1_271' title='bbox 744 1312 820 1346; x_wconf 92' lang='lat' dir='ltr'>Hoc</span> <span class='ocrx_word' id='word_1_272' title='bbox 846 1313 987 1356; x_wconf 80' lang='lat' dir='ltr'>signum</span> <span class='ocrx_word' id='word_1_273' title='bbox 1006 1319 1127 1346; x_wconf 88' lang='lat' dir='ltr'>autem</span> <span class='ocrx_word' id='word_1_274' title='bbox 1153 1316 1218 1353; x_wconf 78' lang='lat' dir='ltr'>est,</span> <span class='ocrx_word' id='word_1_275' title='bbox 1247 1313 1339 1356; x_wconf 91' lang='lat' dir='ltr'>quod</span> <span class='ocrx_word' id='word_1_276' title='bbox 1366 1313 1442 1355; x_wconf 83' lang='lat' dir='ltr'>regi</span> <span class='ocrx_word' id='word_1_277' title='bbox 1469 1324 1533 1346; x_wconf 91' lang='lat' dir='ltr'>nos</span> <span class='ocrx_word' id='word_1_278' title='bbox 1559 1312 1709 1346; x_wconf 87' lang='lat' dir='ltr'>sinimus</span> <span class='ocrx_word' id='word_1_279' title='bbox 1727 1324 1748 1346; x_wconf 89' lang='lat' dir='ltr'>a</span> <span class='ocrx_word' id='word_1_280' title='bbox 1768 1313 1872 1346; x_wconf 86' lang='lat' dir='ltr'>Prae-</span> 
     </span>
     <span class='ocr_line' id='line_1_24' title="bbox 102 1365 1872 1411; baseline 0 -12"><span class='ocrx_word' id='word_1_281' title='bbox 102 1366 230 1409; x_wconf 88' lang='lat' dir='ltr'>positis</span> <span class='ocrx_word' id='word_1_282' title='bbox 268 1365 458 1411; x_wconf 86' lang='lat' dir='ltr'>ordinarijs</span> <span class='ocrx_word' id='word_1_283' title='bbox 494 1378 515 1399; x_wconf 89' lang='lat' dir='ltr'>a</span> <span class='ocrx_word' id='word_1_284' title='bbox 551 1365 693 1399; x_wconf 90' lang='lat' dir='ltr'>Christo</span> <span class='ocrx_word' id='word_1_285' title='bbox 730 1366 955 1400; x_wconf 71' lang='lat' dir='ltr'>constitutis⁴⁴</span> <span class='ocrx_word' id='word_1_286' title='bbox 994 1366 1031 1409; x_wconf 92' lang='lat' dir='ltr'>(l.</span> <span class='ocrx_word' id='word_1_287' title='bbox 1059 1378 1088 1400; x_wconf 89' lang='grc'>0.</span> <span class='ocrx_word' id='word_1_288' title='bbox 1116 1366 1378 1409; x_wconf 67' lang='lat' dir='ltr'>f.51b—5221);</span> <span class='ocrx_word' id='word_1_289' title='bbox 1414 1366 1539 1400; x_wconf 90' lang='lat' dir='ltr'>deinde</span> <span class='ocrx_word' id='word_1_290' title='bbox 1576 1365 1751 1407; x_wconf 84' lang='lat' dir='ltr'>Canisius,</span> <span class='ocrx_word' id='word_1_291' title='bbox 1787 1366 1872 1410; x_wconf 91' lang='lat' dir='ltr'>quid</span> 
     </span>
     <span class='ocr_line' id='line_1_25' title="bbox 103 1418 1871 1464; baseline 0.001 -12"><span class='ocrx_word' id='word_1_292' title='bbox 103 1418 297 1453; x_wconf 88' lang='lat' dir='ltr'>cardinalis</span> <span class='ocrx_word' id='word_1_293' title='bbox 315 1419 514 1453; x_wconf 90' lang='lat' dir='ltr'>Truchsess</span> <span class='ocrx_word' id='word_1_294' title='bbox 539 1420 608 1453; x_wconf 87' lang='lat' dir='ltr'>sibi</span> <span class='ocrx_word' id='word_1_295' title='bbox 627 1419 862 1461; x_wconf 88' lang='lat' dir='ltr'>mandaverit,</span> <span class='ocrx_word' id='word_1_296' title='bbox 890 1419 1068 1464; x_wconf 84' lang='lat' dir='ltr'>explicat;</span> <span class='ocrx_word' id='word_1_297' title='bbox 1097 1430 1188 1464; x_wconf 87' lang='lat' dir='ltr'>quae</span> <span class='ocrx_word' id='word_1_298' title='bbox 1207 1431 1240 1453; x_wconf 82' lang='lat' dir='ltr'>V.</span> <span class='ocrx_word' id='word_1_299' title='bbox 1260 1420 1363 1460; x_wconf 87' lang='lat' dir='ltr'>infra,</span> <span class='ocrx_word' id='word_1_300' title='bbox 1391 1431 1483 1453; x_wconf 88' lang='grc'>0100.</span> <span class='ocrx_word' id='word_1_301' title='bbox 1503 1419 1572 1453; x_wconf 80' lang='lat' dir='ltr'>elv.</span> <span class='ocrx_word' id='word_1_302' title='bbox 1595 1419 1669 1463; x_wconf 80' lang='lat'>(2);</span> <span class='ocrx_word' id='word_1_303' title='bbox 1697 1420 1743 1454; x_wconf 88' lang='lat' dir='ltr'>cf.</span> <span class='ocrx_word' id='word_1_304' title='bbox 1764 1421 1871 1454; x_wconf 87' lang='lat' dir='ltr'>etiam</span> 
     </span>
     <span class='ocr_line' id='line_1_26' title="bbox 102 1472 389 1517; baseline 0.007 -12"><span class='ocrx_word' id='word_1_305' title='bbox 102 1484 195 1506; x_wconf 90' lang='lat' dir='ltr'>mon.</span> <span class='ocrx_word' id='word_1_306' title='bbox 223 1472 293 1507; x_wconf 83' lang='lat' dir='ltr'>elv.</span> <span class='ocrx_word' id='word_1_307' title='bbox 323 1473 389 1517; x_wconf 85' lang='lat'>(3).</span> 
     </span>
    </p>

    <p class='ocr_par' dir='ltr' id='par_1_4' title="bbox 98 1526 1871 2159">
     <span class='ocr_line' id='line_1_27' title="bbox 221 1526 1870 1571; baseline 0 -11"><span class='ocrx_word' id='word_1_308' title='bbox 221 1526 254 1560; x_wconf 82' lang='lat'>3.</span> <span class='ocrx_word' id='word_1_309' title='bbox 286 1526 357 1568; x_wconf 86' lang='lat' dir='ltr'>„De</span> <span class='ocrx_word' id='word_1_310' title='bbox 384 1526 615 1560; x_wconf 81' lang='lat' dir='ltr'>Sacramento</span> <span class='ocrx_word' id='word_1_311' title='bbox 643 1526 962 1561; x_wconf 77' lang='lat' dir='ltr'>Confi1·mati0nis.·‘</span> <span class='ocrx_word' id='word_1_312' title='bbox 988 1556 992 1559; x_wconf 90' lang='lat'>.</span> <span class='ocrx_word' id='word_1_313' title='bbox 1015 1554 1049 1560; x_wconf 85' lang='lat'>..</span> <span class='ocrx_word' id='word_1_314' title='bbox 1106 1526 1178 1568; x_wconf 84' lang='lat' dir='ltr'>„De</span> <span class='ocrx_word' id='word_1_315' title='bbox 1214 1538 1282 1571; x_wconf 89' lang='lat' dir='ltr'>quo</span> <span class='ocrx_word' id='word_1_316' title='bbox 1319 1537 1433 1571; x_wconf 90' lang='lat' dir='ltr'>pauca</span> <span class='ocrx_word' id='word_1_317' title='bbox 1468 1526 1555 1560; x_wconf 93' lang='lat' dir='ltr'>mihi</span> <span class='ocrx_word' id='word_1_318' title='bbox 1591 1526 1740 1560; x_wconf 89' lang='lat' dir='ltr'>dicenda</span> <span class='ocrx_word' id='word_1_319' title='bbox 1776 1528 1870 1568; x_wconf 87' lang='lat' dir='ltr'>sunt,</span> 
     </span>
     <span class='ocr_line' id='line_1_28' title="bbox 101 1579 1871 1625; baseline 0 -12"><span class='ocrx_word' id='word_1_320' title='bbox 101 1582 247 1624; x_wconf 85' lang='lat' dir='ltr'>propter</span> <span class='ocrx_word' id='word_1_321' title='bbox 273 1591 344 1621; x_wconf 91' lang='lat' dir='ltr'>eos,</span> <span class='ocrx_word' id='word_1_322' title='bbox 376 1579 437 1624; x_wconf 89' lang='lat' dir='ltr'>qui</span> <span class='ocrx_word' id='word_1_323' title='bbox 464 1579 640 1613; x_wconf 87' lang='lat' dir='ltr'>dominica</span> <span class='ocrx_word' id='word_1_324' title='bbox 676 1580 839 1624; x_wconf 77' lang='lat' dir='ltr'>proxima</span> <span class='ocrx_word' id='word_1_325' title='bbox 875 1583 960 1614; x_wconf 90' lang='lat' dir='ltr'>sunt</span> <span class='ocrx_word' id='word_1_326' title='bbox 994 1580 1087 1614; x_wconf 88' lang='lat' dir='ltr'>hocb</span> <span class='ocrx_word' id='word_1_327' title='bbox 1115 1580 1385 1614; x_wconf 84' lang='lat' dir='ltr'>Sacramentum</span> <span class='ocrx_word' id='word_1_328' title='bbox 1417 1581 1612 1624; x_wconf 82' lang='lat' dir='ltr'>accepturi.</span> <span class='ocrx_word' id='word_1_329' title='bbox 1664 1580 1699 1614; x_wconf 72' lang='lat'>2?</span> <span class='ocrx_word' id='word_1_330' title='bbox 1727 1583 1871 1625; x_wconf 87' lang='lat' dir='ltr'>propter</span> 
     </span>
     <span class='ocr_line' id='line_1_29' title="bbox 100 1633 1870 1678; baseline 0.001 -12"><span class='ocrx_word' id='word_1_331' title='bbox 100 1633 271 1678; x_wconf 86' lang='lat' dir='ltr'>patrinos,</span> <span class='ocrx_word' id='word_1_332' title='bbox 298 1633 358 1677; x_wconf 90' lang='lat' dir='ltr'>qui</span> <span class='ocrx_word' id='word_1_333' title='bbox 385 1633 516 1667; x_wconf 90' lang='lat' dir='ltr'>debent</span> <span class='ocrx_word' id='word_1_334' title='bbox 541 1634 667 1667; x_wconf 86' lang='lat' dir='ltr'>offerre</span> <span class='ocrx_word' id='word_1_335' title='bbox 693 1635 730 1667; x_wconf 90' lang='lat' dir='ltr'>et</span> <span class='ocrx_word' id='word_1_336' title='bbox 755 1636 868 1667; x_wconf 87' lang='lat' dir='ltr'>testes</span> <span class='ocrx_word' id='word_1_337' title='bbox 894 1634 1030 1675; x_wconf 87' lang='lat' dir='ltr'>adesse,</span> <span class='ocrx_word' id='word_1_338' title='bbox 1068 1634 1104 1668; x_wconf 69' lang='lat'>3?</span> <span class='ocrx_word' id='word_1_339' title='bbox 1131 1636 1277 1678; x_wconf 88' lang='lat' dir='ltr'>propter</span> <span class='ocrx_word' id='word_1_340' title='bbox 1302 1633 1484 1678; x_wconf 89' lang='lat' dir='ltr'>simplices</span> <span class='ocrx_word' id='word_1_341' title='bbox 1519 1635 1580 1677; x_wconf 88' lang='lat' dir='ltr'>qui</span> <span class='ocrx_word' id='word_1_342' title='bbox 1605 1645 1674 1667; x_wconf 91' lang='lat' dir='ltr'>non</span> <span class='ocrx_word' id='word_1_343' title='bbox 1710 1636 1795 1667; x_wconf 91' lang='lat' dir='ltr'>sunt</span> <span class='ocrx_word' id='word_1_344' title='bbox 1820 1633 1870 1667; x_wconf 89' lang='lat' dir='ltr'>in-</span> 
     </span>
     <span class='ocr_line' id='line_1_30' title="bbox 100 1686 1870 1732; baseline 0 -12"><span class='ocrx_word' id='word_1_345' title='bbox 100 1687 230 1721; x_wconf 83' lang='lat' dir='ltr'>structi</span> <span class='ocrx_word' id='word_1_346' title='bbox 257 1687 300 1720; x_wconf 90' lang='lat' dir='ltr'>de</span> <span class='ocrx_word' id='word_1_347' title='bbox 325 1686 393 1720; x_wconf 93' lang='lat' dir='ltr'>hoc</span> <span class='ocrx_word' id='word_1_348' title='bbox 413 1686 655 1721; x_wconf 84' lang='lat' dir='ltr'>Sacramento.</span> <span class='ocrx_word' id='word_1_349' title='bbox 697 1688 736 1722; x_wconf 67' lang='grc'>49</span> <span class='ocrx_word' id='word_1_350' title='bbox 763 1689 908 1732; x_wconf 87' lang='lat' dir='ltr'>propter</span> <span class='ocrx_word' id='word_1_351' title='bbox 926 1687 1230 1728; x_wconf 89' lang='lat' dir='ltr'>Neochristianos,</span> <span class='ocrx_word' id='word_1_352' title='bbox 1259 1687 1319 1731; x_wconf 90' lang='lat' dir='ltr'>qui</span> <span class='ocrx_word' id='word_1_353' title='bbox 1348 1698 1472 1731; x_wconf 87' lang='lat' dir='ltr'>parum</span> <span class='ocrx_word' id='word_1_354' title='bbox 1498 1689 1635 1728; x_wconf 88' lang='lat' dir='ltr'>curant,</span> <span class='ocrx_word' id='word_1_355' title='bbox 1663 1689 1700 1720; x_wconf 90' lang='lat' dir='ltr'>et</span> <span class='ocrx_word' id='word_1_356' title='bbox 1726 1686 1870 1729; x_wconf 87' lang='lat' dir='ltr'>indigne</span> 
     </span>
     <span class='ocr_line' id='line_1_31' title="bbox 99 1739 1870 1784; baseline -0.001 -10"><span class='ocrx_word' id='word_1_357' title='bbox 99 1740 262 1774; x_wconf 90' lang='lat' dir='ltr'>scribunt</span> <span class='ocrx_word' id='word_1_358' title='bbox 287 1742 322 1774; x_wconf 87' lang='lat' dir='ltr'>et</span> <span class='ocrx_word' id='word_1_359' title='bbox 348 1739 543 1784; x_wconf 88' lang='lat' dir='ltr'>loquuntur</span> <span class='ocrx_word' id='word_1_360' title='bbox 569 1741 612 1774; x_wconf 89' lang='lat' dir='ltr'>de</span> <span class='ocrx_word' id='word_1_361' title='bbox 638 1740 705 1774; x_wconf 92' lang='grc'>1100</span> <span class='ocrx_word' id='word_1_362' title='bbox 732 1740 974 1781; x_wconf 80' lang='lat' dir='ltr'>Sacramento,</span> <span class='ocrx_word' id='word_1_363' title='bbox 1002 1742 1273 1774; x_wconf 85' lang='lat' dir='ltr'>contemnentes</span> <span class='ocrx_word' id='word_1_364' title='bbox 1299 1742 1335 1774; x_wconf 87' lang='lat' dir='ltr'>et</span> <span class='ocrx_word' id='word_1_365' title='bbox 1361 1740 1654 1784; x_wconf 86' lang='lat' dir='ltr'>blasphemantes</span> <span class='ocrx_word' id='word_1_366' title='bbox 1681 1740 1774 1784; x_wconf 89' lang='lat' dir='ltr'>quod</span> <span class='ocrx_word' id='word_1_367' title='bbox 1801 1751 1870 1774; x_wconf 91' lang='lat' dir='ltr'>non</span> 
     </span>
     <span class='ocr_line' id='line_1_32' title="bbox 100 1793 1871 1837; baseline 0 -10"><span class='ocrx_word' id='word_1_368' title='bbox 100 1793 345 1837; x_wconf 83' lang='lat' dir='ltr'>intelligunt²‚</span> <span class='ocrx_word' id='word_1_369' title='bbox 372 1794 431 1827; x_wconf 90' lang='lat' dir='ltr'>uel</span> <span class='ocrx_word' id='word_1_370' title='bbox 457 1794 582 1827; x_wconf 87' lang='lat' dir='ltr'>nolunt</span> <span class='ocrx_word' id='word_1_371' title='bbox 614 1793 828 1837; x_wconf 83' lang='lat' dir='ltr'>intelligere.</span> <span class='ocrx_word' id='word_1_372' title='bbox 882 1794 996 1837; x_wconf 86' lang='lat' dir='ltr'>Cogor</span> <span class='ocrx_word' id='word_1_373' title='bbox 1023 1796 1142 1827; x_wconf 87' lang='lat' dir='ltr'>autem</span> <span class='ocrx_word' id='word_1_374' title='bbox 1179 1793 1337 1827; x_wconf 88' lang='lat' dir='ltr'>breuiter</span> <span class='ocrx_word' id='word_1_375' title='bbox 1363 1794 1406 1827; x_wconf 90' lang='lat' dir='ltr'>de</span> <span class='ocrx_word' id='word_1_376' title='bbox 1442 1794 1509 1827; x_wconf 86' lang='lat' dir='ltr'>hac</span> <span class='ocrx_word' id='word_1_377' title='bbox 1541 1794 1693 1827; x_wconf 88' lang='lat' dir='ltr'>materia</span> <span class='ocrx_word' id='word_1_378' title='bbox 1728 1805 1784 1827; x_wconf 89' lang='lat' dir='ltr'>me</span> <span class='ocrx_word' id='word_1_379' title='bbox 1811 1805 1871 1827; x_wconf 86' lang='lat' dir='ltr'>ex-</span> 
     </span>
     <span class='ocr_line' id='line_1_33' title="bbox 99 1846 1870 1892; baseline 0 -11"><span class='ocrx_word' id='word_1_380' title='bbox 99 1847 231 1891; x_wconf 88' lang='lat' dir='ltr'>pedire,</span> <span class='ocrx_word' id='word_1_381' title='bbox 266 1849 307 1881; x_wconf 88' lang='lat' dir='ltr'>ut</span> <span class='ocrx_word' id='word_1_382' title='bbox 332 1847 413 1892; x_wconf 89' lang='lat' dir='ltr'>plus</span> <span class='ocrx_word' id='word_1_383' title='bbox 449 1847 619 1892; x_wconf 89' lang='lat' dir='ltr'>temporis</span> <span class='ocrx_word' id='word_1_384' title='bbox 654 1847 806 1881; x_wconf 87' lang='lat' dir='ltr'>habeam</span> <span class='ocrx_word' id='word_1_385' title='bbox 842 1847 1020 1880; x_wconf 86' lang='lat' dir='ltr'>tractandi</span> <span class='ocrx_word' id='word_1_386' title='bbox 1057 1847 1099 1880; x_wconf 89' lang='lat' dir='ltr'>de</span> <span class='ocrx_word' id='word_1_387' title='bbox 1136 1858 1273 1881; x_wconf 88' lang='lat' dir='ltr'>summo</span> <span class='ocrx_word' id='word_1_388' title='bbox 1301 1847 1532 1881; x_wconf 83' lang='lat' dir='ltr'>Sacramento</span> <span class='ocrx_word' id='word_1_389' title='bbox 1559 1846 1695 1888; x_wconf 90' lang='lat' dir='ltr'>altaris,</span> <span class='ocrx_word' id='word_1_390' title='bbox 1731 1847 1774 1880; x_wconf 87' lang='lat' dir='ltr'>de</span> <span class='ocrx_word' id='word_1_391' title='bbox 1801 1858 1870 1890; x_wconf 87' lang='lat' dir='ltr'>quo</span> 
     </span>
     <span class='ocr_line' id='line_1_34' title="bbox 99 1900 1871 1945; baseline 0.001 -12"><span class='ocrx_word' id='word_1_392' title='bbox 99 1900 267 1944; x_wconf 86' lang='lat' dir='ltr'>incipiam</span> <span class='ocrx_word' id='word_1_393' title='bbox 295 1900 398 1934; x_wconf 89' lang='lat' dir='ltr'>hodie</span> <span class='ocrx_word' id='word_1_394' title='bbox 433 1900 567 1944; x_wconf 89' lang='lat' dir='ltr'>aliquid</span> <span class='ocrx_word' id='word_1_395' title='bbox 603 1901 731 1942; x_wconf 86' lang='lat' dir='ltr'>dicere,</span> <span class='ocrx_word' id='word_1_396' title='bbox 768 1900 869 1934; x_wconf 88' lang='lat' dir='ltr'>uelut</span> <span class='ocrx_word' id='word_1_397' title='bbox 903 1911 1039 1945; x_wconf 89' lang='lat' dir='ltr'>ponens</span> <span class='ocrx_word' id='word_1_398' title='bbox 1075 1900 1358 1941; x_wconf 84' lang='lat' dir='ltr'>fundamentum,</span> <span class='ocrx_word' id='word_1_399' title='bbox 1394 1900 1450 1934; x_wconf 89' lang='lat' dir='ltr'>cui</span> <span class='ocrx_word' id='word_1_400' title='bbox 1476 1902 1721 1944; x_wconf 85' lang='lat' dir='ltr'>superstruam</span> <span class='ocrx_word' id='word_1_401' title='bbox 1755 1900 1791 1934; x_wconf 93' lang='lat' dir='ltr'>in</span> <span class='ocrx_word' id='word_1_402' title='bbox 1816 1911 1871 1934; x_wconf 89' lang='lat' dir='ltr'>se·</span> 
     </span>
     <span class='ocr_line' id='line_1_35' title="bbox 99 1953 1870 1998; baseline 0.001 -11"><span class='ocrx_word' id='word_1_403' title='bbox 99 1954 292 1997; x_wconf 87' lang='lat' dir='ltr'>quentibus</span> <span class='ocrx_word' id='word_1_404' title='bbox 324 1954 570 1995; x_wconf 85' lang='lat' dir='ltr'>concionibus,</span> <span class='ocrx_word' id='word_1_405' title='bbox 607 1954 650 1988; x_wconf 89' lang='lat' dir='ltr'>ad</span> <span class='ocrx_word' id='word_1_406' title='bbox 686 1954 836 1998; x_wconf 80' lang='lat' dir='ltr'>gloriam</span> <span class='ocrx_word' id='word_1_407' title='bbox 873 1954 939 1995; x_wconf 86' lang='lat' dir='ltr'>dei,</span> <span class='ocrx_word' id='word_1_408' title='bbox 975 1957 1012 1988; x_wconf 90' lang='lat' dir='ltr'>et</span> <span class='ocrx_word' id='word_1_409' title='bbox 1047 1966 1270 1988; x_wconf 87' lang='lat' dir='ltr'>communem</span> <span class='ocrx_word' id='word_1_410' title='bbox 1306 1954 1464 1987; x_wconf 86' lang='lat' dir='ltr'>fructum</span> <span class='ocrx_word' id='word_1_411' title='bbox 1500 1954 1742 1987; x_wconf 79' lang='lat' dir='ltr'>audientiuni“</span> <span class='ocrx_word' id='word_1_412' title='bbox 1775 1953 1814 1996; x_wconf 85' lang='grc'>(1.</span> <span class='ocrx_word' id='word_1_413' title='bbox 1841 1965 1870 1988; x_wconf 82' lang='lat' dir='ltr'>C.</span> 
     </span>
     <span class='ocr_line' id='line_1_36' title="bbox 98 2007 1871 2052; baseline 0.001 -12"><span class='ocrx_word' id='word_1_414' title='bbox 98 2007 349 2049; x_wconf 66' lang='lat'>125512—562).</span> <span class='ocrx_word' id='word_1_415' title='bbox 402 2007 641 2052; x_wconf 88' lang='lat' dir='ltr'>Explicationi</span> <span class='ocrx_word' id='word_1_416' title='bbox 677 2008 894 2041; x_wconf 87' lang='lat' dir='ltr'>sacramenti</span> <span class='ocrx_word' id='word_1_417' title='bbox 930 2007 1211 2041; x_wconf 84' lang='lat' dir='ltr'>confirmationis</span> <span class='ocrx_word' id='word_1_418' title='bbox 1238 2007 1404 2041; x_wconf 86' lang='lat' dir='ltr'>Canisius</span> <span class='ocrx_word' id='word_1_419' title='bbox 1440 2007 1691 2052; x_wconf 86' lang='lat' dir='ltr'>praeposuisse</span> <span class='ocrx_word' id='word_1_420' title='bbox 1727 2007 1871 2041; x_wconf 89' lang='lat' dir='ltr'>videtur</span> 
     </span>
     <span class='ocr_line' id='line_1_37' title="bbox 98 2060 1870 2106; baseline 0.001 -12"><span class='ocrx_word' id='word_1_421' title='bbox 98 2061 244 2095; x_wconf 88' lang='lat' dir='ltr'>brevem</span> <span class='ocrx_word' id='word_1_422' title='bbox 271 2061 368 2095; x_wconf 89' lang='lat' dir='ltr'>illam</span> <span class='ocrx_word' id='word_1_423' title='bbox 400 2060 471 2103; x_wconf 87' lang='lat' dir='ltr'>„De</span> <span class='ocrx_word' id='word_1_424' title='bbox 497 2061 733 2095; x_wconf 85' lang='lat' dir='ltr'>sacramentis</span> <span class='ocrx_word' id='word_1_425' title='bbox 759 2062 793 2094; x_wconf 92' lang='lat' dir='ltr'>in</span> <span class='ocrx_word' id='word_1_426' title='bbox 822 2063 971 2104; x_wconf 73' lang='lat' dir='ltr'>genere‘</span> <span class='ocrx_word' id='word_1_427' title='bbox 1003 2061 1213 2102; x_wconf 89' lang='lat' dir='ltr'>doctrinam,</span> <span class='ocrx_word' id='word_1_428' title='bbox 1245 2072 1337 2104; x_wconf 91' lang='lat' dir='ltr'>quae</span> <span class='ocrx_word' id='word_1_429' title='bbox 1364 2061 1403 2096; x_wconf 90' lang='lat' dir='ltr'>P.</span> <span class='ocrx_word' id='word_1_430' title='bbox 1426 2061 1575 2095; x_wconf 79' lang='lat' dir='ltr'>Guisani</span> <span class='ocrx_word' id='word_1_431' title='bbox 1602 2072 1709 2094; x_wconf 88' lang='lat' dir='ltr'>manu</span> <span class='ocrx_word' id='word_1_432' title='bbox 1734 2062 1870 2106; x_wconf 87' lang='lat' dir='ltr'>scripta</span> 
     </span>
     <span class='ocr_line' id='line_1_38' title="bbox 99 2114 818 2159; baseline -0.001 -11"><span class='ocrx_word' id='word_1_433' title='bbox 99 2117 220 2149; x_wconf 83' lang='lat' dir='ltr'>exstat</span> <span class='ocrx_word' id='word_1_434' title='bbox 246 2115 282 2148; x_wconf 91' lang='lat' dir='ltr'>in</span> <span class='ocrx_word' id='word_1_435' title='bbox 310 2114 450 2148; x_wconf 88' lang='lat' dir='ltr'>Codicis</span> <span class='ocrx_word' id='word_1_436' title='bbox 477 2115 578 2148; x_wconf 91' lang='lat' dir='ltr'>initio</span> <span class='ocrx_word' id='word_1_437' title='bbox 608 2116 646 2157; x_wconf 88' lang='lat' dir='ltr'>(f.</span> <span class='ocrx_word' id='word_1_438' title='bbox 669 2115 818 2159; x_wconf 62' lang='lat'>12—22).</span> 
     </span>
    </p>

    <p class='ocr_par' dir='ltr' id='par_1_5' title="bbox 97 2167 1870 2373">
     <span class='ocr_line' id='line_1_39' title="bbox 219 2167 1868 2212; baseline 0 -10"><span class='ocrx_word' id='word_1_439' title='bbox 219 2168 287 2202; x_wconf 90' lang='lat' dir='ltr'>Ubi</span> <span class='ocrx_word' id='word_1_440' title='bbox 322 2171 454 2209; x_wconf 88' lang='lat' dir='ltr'>autem,</span> <span class='ocrx_word' id='word_1_441' title='bbox 491 2179 561 2212; x_wconf 90' lang='lat' dir='ltr'>qua</span> <span class='ocrx_word' id='word_1_442' title='bbox 586 2168 725 2202; x_wconf 89' lang='lat' dir='ltr'>ratione</span> <span class='ocrx_word' id='word_1_443' title='bbox 752 2167 1032 2202; x_wconf 87' lang='lat' dir='ltr'>confirmationis</span> <span class='ocrx_word' id='word_1_444' title='bbox 1059 2170 1324 2202; x_wconf 86' lang='lat' dir='ltr'>sacramentum</span> <span class='ocrx_word' id='word_1_445' title='bbox 1351 2167 1593 2212; x_wconf 88' lang='lat' dir='ltr'>recipiendum</span> <span class='ocrx_word' id='word_1_446' title='bbox 1620 2167 1679 2208; x_wconf 86' lang='lat' dir='ltr'>sit,</span> <span class='ocrx_word' id='word_1_447' title='bbox 1712 2168 1868 2212; x_wconf 83' lang='lat' dir='ltr'>exponit,</span> 
     </span>
     <span class='ocr_line' id='line_1_40' title="bbox 99 2220 1868 2266; baseline -0.001 -11"><span class='ocrx_word' id='word_1_448' title='bbox 99 2221 198 2263; x_wconf 89' lang='lat' dir='ltr'>haec,</span> <span class='ocrx_word' id='word_1_449' title='bbox 226 2224 369 2266; x_wconf 86' lang='lat' dir='ltr'>praeter</span> <span class='ocrx_word' id='word_1_450' title='bbox 395 2221 476 2261; x_wconf 89' lang='lat' dir='ltr'>alia,</span> <span class='ocrx_word' id='word_1_451' title='bbox 503 2225 643 2256; x_wconf 88' lang='lat' dir='ltr'>monet:</span> <span class='ocrx_word' id='word_1_452' title='bbox 686 2222 980 2265; x_wconf 83' lang='lat' dir='ltr'>„Confirmandus</span> <span class='ocrx_word' id='word_1_453' title='bbox 1007 2220 1277 2265; x_wconf 79' lang='lat' dir='ltr'>[confirmatus]</span> <span class='ocrx_word' id='word_1_454' title='bbox 1306 2249 1311 2255; x_wconf 94' lang='lat'>.</span> <span class='ocrx_word' id='word_1_455' title='bbox 1335 2249 1340 2254; x_wconf 92' lang='lat'>.</span> <span class='ocrx_word' id='word_1_456' title='bbox 1361 2249 1368 2255; x_wconf 92' lang='lat'>.</span> <span class='ocrx_word' id='word_1_457' title='bbox 1388 2224 1505 2266; x_wconf 87' lang='lat' dir='ltr'>portet</span> <span class='ocrx_word' id='word_1_458' title='bbox 1531 2221 1734 2264; x_wconf 84' lang='lat' dir='ltr'>ligaturam,</span> <span class='ocrx_word' id='word_1_459' title='bbox 1762 2233 1868 2265; x_wconf 87' lang='lat' dir='ltr'>quam</span> 
     </span>
     <span class='ocr_line' id='line_1_41' title="bbox 97 2274 1870 2320; baseline 0 -11"><span class='ocrx_word' id='word_1_460' title='bbox 97 2275 296 2320; x_wconf 88' lang='lat' dir='ltr'>depositam</span> <span class='ocrx_word' id='word_1_461' title='bbox 331 2275 537 2316; x_wconf 88' lang='lat' dir='ltr'>comburat,</span> <span class='ocrx_word' id='word_1_462' title='bbox 576 2287 642 2309; x_wconf 86' lang='lat' dir='ltr'>nec</span> <span class='ocrx_word' id='word_1_463' title='bbox 679 2275 777 2309; x_wconf 85' lang='lat' dir='ltr'>lauet</span> <span class='ocrx_word' id='word_1_464' title='bbox 815 2277 923 2320; x_wconf 84' lang='lat' dir='ltr'>caput</span> <span class='ocrx_word' id='word_1_465' title='bbox 957 2275 1052 2309; x_wconf 90' lang='lat' dir='ltr'>intra</span> <span class='ocrx_word' id='word_1_466' title='bbox 1089 2276 1120 2309; x_wconf 91' lang='lat'>7.</span> <span class='ocrx_word' id='word_1_467' title='bbox 1147 2275 1254 2309; x_wconf 79' lang='lat' dir='ltr'>dies.“</span> <span class='ocrx_word' id='word_1_468' title='bbox 1308 2275 1448 2308; x_wconf 80' lang='lat' dir='ltr'>Patrini</span> <span class='ocrx_word' id='word_1_469' title='bbox 1490 2275 1678 2316; x_wconf 83' lang='lat' dir='ltr'>„mundam</span> <span class='ocrx_word' id='word_1_470' title='bbox 1713 2274 1870 2309; x_wconf 86' lang='lat' dir='ltr'>habeant</span> 
     </span>
     <span class='ocr_line' id='line_1_42' title="bbox 97 2328 1688 2373; baseline -0.001 -11"><span class='ocrx_word' id='word_1_471' title='bbox 97 2328 258 2370; x_wconf 85' lang='lat' dir='ltr'>fasciam,</span> <span class='ocrx_word' id='word_1_472' title='bbox 286 2330 321 2362; x_wconf 92' lang='lat' dir='ltr'>et</span> <span class='ocrx_word' id='word_1_473' title='bbox 348 2329 482 2372; x_wconf 84' lang='lat' dir='ltr'>gestari</span> <span class='ocrx_word' id='word_1_474' title='bbox 509 2332 637 2363; x_wconf 87' lang='lat' dir='ltr'>curent</span> <span class='ocrx_word' id='word_1_475' title='bbox 663 2329 799 2363; x_wconf 90' lang='lat' dir='ltr'>duobus</span> <span class='ocrx_word' id='word_1_476' title='bbox 826 2329 950 2363; x_wconf 91' lang='lat' dir='ltr'>diebus</span> <span class='ocrx_word' id='word_1_477' title='bbox 977 2330 1185 2373; x_wconf 88' lang='lat' dir='ltr'>priusquam</span> <span class='ocrx_word' id='word_1_478' title='bbox 1213 2329 1431 2373; x_wconf 79' lang='lat' dir='ltr'>deponatur⁴⁴</span> <span class='ocrx_word' id='word_1_479' title='bbox 1465 2328 1502 2371; x_wconf 88' lang='lat' dir='ltr'>(l.</span> <span class='ocrx_word' id='word_1_480' title='bbox 1523 2340 1551 2362; x_wconf 89' lang='lat' dir='ltr'>c.</span> <span class='ocrx_word' id='word_1_481' title='bbox 1571 2329 1595 2362; x_wconf 84' lang='lat' dir='ltr'>f.</span> <span class='ocrx_word' id='word_1_482' title='bbox 1615 2329 1688 2370; x_wconf 77' lang='lat'>57).</span> 
     </span>
    </p>

    <p class='ocr_par' dir='ltr' id='par_1_6' title="bbox 94 2382 1868 2907">
     <span class='ocr_line' id='line_1_43' title="bbox 217 2382 1868 2427; baseline 0 -12"><span class='ocrx_word' id='word_1_483' title='bbox 217 2382 503 2416; x_wconf 79' lang='lat' dir='ltr'>confirmationis</span> <span class='ocrx_word' id='word_1_484' title='bbox 538 2382 778 2427; x_wconf 82' lang='lat' dir='ltr'>explicatione</span> <span class='ocrx_word' id='word_1_485' title='bbox 813 2383 996 2416; x_wconf 90' lang='lat' dir='ltr'>absoluta:</span> <span class='ocrx_word' id='word_1_486' title='bbox 1037 2382 1108 2424; x_wconf 85' lang='lat' dir='ltr'>„Vt</span> <span class='ocrx_word' id='word_1_487' title='bbox 1133 2382 1396 2422; x_wconf 76' lang='lat' dir='ltr'>aedificeinus“,</span> <span class='ocrx_word' id='word_1_488' title='bbox 1434 2382 1559 2425; x_wconf 86' lang='lat' dir='ltr'>inquit,</span> <span class='ocrx_word' id='word_1_489' title='bbox 1601 2393 1688 2424; x_wconf 84' lang='lat' dir='ltr'>„non</span> <span class='ocrx_word' id='word_1_490' title='bbox 1722 2393 1868 2426; x_wconf 91' lang='lat' dir='ltr'>super</span> 
     </span>
     <span class='ocr_line' id='line_1_44' title="bbox 96 2435 1866 2481; baseline -0.001 -12"><span class='ocrx_word' id='word_1_491' title='bbox 96 2447 284 2469; x_wconf 86' lang='lat' dir='ltr'>arenam</span> <span class='ocrx_word' id='word_1_492' title='bbox 311 2436 374 2470; x_wconf 90' lang='lat' dir='ltr'>sed</span> <span class='ocrx_word' id='word_1_493' title='bbox 409 2447 553 2480; x_wconf 89' lang='lat' dir='ltr'>super</span> <span class='ocrx_word' id='word_1_494' title='bbox 591 2437 799 2481; x_wconf 85' lang='lat' dir='ltr'>petram³</span> <span class='ocrx_word' id='word_1_495' title='bbox 831 2436 992 2469; x_wconf 88' lang='lat' dir='ltr'>iacienda</span> <span class='ocrx_word' id='word_1_496' title='bbox 1019 2447 1113 2469; x_wconf 89' lang='lat' dir='ltr'>nunc</span> <span class='ocrx_word' id='word_1_497' title='bbox 1139 2437 1208 2469; x_wconf 89' lang='lat' dir='ltr'>tria</span> <span class='ocrx_word' id='word_1_498' title='bbox 1234 2435 1478 2476; x_wconf 83' lang='lat' dir='ltr'>fundamenta,</span> <span class='ocrx_word' id='word_1_499' title='bbox 1515 2435 1644 2479; x_wconf 87' lang='lat' dir='ltr'>quibus</span> <span class='ocrx_word' id='word_1_500' title='bbox 1671 2435 1761 2469; x_wconf 90' lang='lat' dir='ltr'>duae</span> <span class='ocrx_word' id='word_1_501' title='bbox 1788 2447 1866 2469; x_wconf 92' lang='lat' dir='ltr'>con-</span> 
     </span>
     <span class='ocr_line' id='line_1_45' title="bbox 96 2488 1866 2533; baseline 0 -11"><span class='ocrx_word' id='word_1_502' title='bbox 96 2489 216 2522; x_wconf 87' lang='lat' dir='ltr'>ciones</span> <span class='ocrx_word' id='word_1_503' title='bbox 251 2491 557 2533; x_wconf 87' lang='lat' dir='ltr'>superstruentur.</span> <span class='ocrx_word' id='word_1_504' title='bbox 609 2490 689 2523; x_wconf 90' lang='lat' dir='ltr'>Vna</span> <span class='ocrx_word' id='word_1_505' title='bbox 725 2490 767 2523; x_wconf 92' lang='lat' dir='ltr'>de</span> <span class='ocrx_word' id='word_1_506' title='bbox 795 2489 1050 2524; x_wconf 90' lang='lat' dir='ltr'>Communione</span> <span class='ocrx_word' id='word_1_507' title='bbox 1085 2489 1151 2523; x_wconf 91' lang='lat' dir='ltr'>sub</span> <span class='ocrx_word' id='word_1_508' title='bbox 1186 2500 1276 2529; x_wconf 89' lang='lat' dir='ltr'>una,</span> <span class='ocrx_word' id='word_1_509' title='bbox 1312 2489 1355 2522; x_wconf 90' lang='lat' dir='ltr'>ob</span> <span class='ocrx_word' id='word_1_510' title='bbox 1391 2500 1481 2533; x_wconf 89' lang='lat' dir='ltr'>quas</span> <span class='ocrx_word' id='word_1_511' title='bbox 1520 2500 1647 2522; x_wconf 88' lang='lat' dir='ltr'>causas</span> <span class='ocrx_word' id='word_1_512' title='bbox 1686 2488 1746 2522; x_wconf 87' lang='lat' dir='ltr'>illa</span> <span class='ocrx_word' id='word_1_513' title='bbox 1785 2489 1866 2522; x_wconf 90' lang='lat' dir='ltr'>boni</span> 
     </span>
     <span class='ocr_line' id='line_1_46' title="bbox 97 2542 1866 2587; baseline -0.001 -11"><span class='ocrx_word' id='word_1_514' title='bbox 97 2542 250 2576; x_wconf 84' lang='lat' dir='ltr'>debeant</span> <span class='ocrx_word' id='word_1_515' title='bbox 284 2554 364 2576; x_wconf 87' lang='grc'>0000</span> <span class='ocrx_word' id='word_1_516' title='bbox 391 2543 559 2584; x_wconf 89' lang='lat' dir='ltr'>contenti,</span> <span class='ocrx_word' id='word_1_517' title='bbox 595 2543 664 2576; x_wconf 85' lang='lat' dir='ltr'>etsi</span> <span class='ocrx_word' id='word_1_518' title='bbox 699 2542 804 2576; x_wconf 88' lang='lat' dir='ltr'>multi</span> <span class='ocrx_word' id='word_1_519' title='bbox 837 2542 1011 2583; x_wconf 87' lang='lat' dir='ltr'>dubitent,</span> <span class='ocrx_word' id='word_1_520' title='bbox 1048 2542 1242 2587; x_wconf 88' lang='lat' dir='ltr'>disputent,</span> <span class='ocrx_word' id='word_1_521' title='bbox 1280 2545 1316 2576; x_wconf 90' lang='lat' dir='ltr'>et</span> <span class='ocrx_word' id='word_1_522' title='bbox 1341 2542 1500 2576; x_wconf 87' lang='lat' dir='ltr'>rideant:</span> <span class='ocrx_word' id='word_1_523' title='bbox 1537 2542 1662 2576; x_wconf 88' lang='lat' dir='ltr'>Altera</span> <span class='ocrx_word' id='word_1_524' title='bbox 1697 2542 1740 2576; x_wconf 90' lang='lat' dir='ltr'>de</span> <span class='ocrx_word' id='word_1_525' title='bbox 1775 2554 1866 2577; x_wconf 89' lang='grc'>00111-</span> 
     </span>
     <span class='ocr_line' id='line_1_47' title="bbox 95 2595 1866 2640; baseline 0.001 -11"><span class='ocrx_word' id='word_1_526' title='bbox 95 2596 263 2630; x_wconf 85' lang='grc'>1111101000</span> <span class='ocrx_word' id='word_1_527' title='bbox 288 2596 355 2630; x_wconf 92' lang='lat' dir='ltr'>sub</span> <span class='ocrx_word' id='word_1_528' title='bbox 381 2598 544 2640; x_wconf 88' lang='lat' dir='ltr'>utraque,</span> <span class='ocrx_word' id='word_1_529' title='bbox 571 2608 615 2630; x_wconf 91' lang='lat' dir='ltr'>an</span> <span class='ocrx_word' id='word_1_530' title='bbox 642 2597 691 2630; x_wconf 88' lang='lat' dir='ltr'>sit</span> <span class='ocrx_word' id='word_1_531' title='bbox 716 2596 919 2630; x_wconf 89' lang='lat' dir='ltr'>consultum</span> <span class='ocrx_word' id='word_1_532' title='bbox 946 2598 982 2629; x_wconf 91' lang='lat' dir='ltr'>et</span> <span class='ocrx_word' id='word_1_533' title='bbox 1007 2597 1251 2630; x_wconf 88' lang='lat' dir='ltr'>necessarium</span> <span class='ocrx_word' id='word_1_534' title='bbox 1278 2596 1482 2629; x_wconf 88' lang='lat' dir='ltr'>Christiano</span> <span class='ocrx_word' id='word_1_535' title='bbox 1509 2607 1551 2629; x_wconf 89' lang='lat' dir='ltr'>ea</span> <span class='ocrx_word' id='word_1_536' title='bbox 1577 2596 1660 2630; x_wconf 81' lang='lat' dir='ltr'>uti.“</span> <span class='ocrx_word' id='word_1_537' title='bbox 1706 2595 1866 2630; x_wconf 90' lang='lat' dir='ltr'>Primum</span> 
     </span>
     <span class='ocr_line' id='line_1_48' title="bbox 94 2649 1866 2693; baseline 0.001 -11"><span class='ocrx_word' id='word_1_538' title='bbox 94 2649 207 2693; x_wconf 80' lang='lat' dir='ltr'>igitur</span> <span class='ocrx_word' id='word_1_539' title='bbox 232 2649 446 2683; x_wconf 87' lang='lat' dir='ltr'>credendum</span> <span class='ocrx_word' id='word_1_540' title='bbox 474 2652 547 2684; x_wconf 88' lang='lat' dir='ltr'>est:</span> <span class='ocrx_word' id='word_1_541' title='bbox 584 2650 766 2684; x_wconf 89' lang='lat' dir='ltr'>Christum</span> <span class='ocrx_word' id='word_1_542' title='bbox 793 2652 1058 2683; x_wconf 86' lang='lat' dir='ltr'>sacramentum</span> <span class='ocrx_word' id='word_1_543' title='bbox 1086 2649 1211 2683; x_wconf 88' lang='lat' dir='ltr'>altaris</span> <span class='ocrx_word' id='word_1_544' title='bbox 1247 2649 1449 2683; x_wconf 87' lang='lat' dir='ltr'>instituisse</span> <span class='ocrx_word' id='word_1_545' title='bbox 1476 2651 1511 2683; x_wconf 89' lang='lat' dir='ltr'>et</span> <span class='ocrx_word' id='word_1_546' title='bbox 1548 2649 1624 2683; x_wconf 90' lang='lat' dir='ltr'>eius</span> <span class='ocrx_word' id='word_1_547' title='bbox 1657 2649 1866 2684; x_wconf 88' lang='lat' dir='ltr'>conficiendi</span> 
     </span>
     <span class='ocr_line' id='line_1_49' title="bbox 95 2702 1865 2748; baseline 0 -12"><span class='ocrx_word' id='word_1_548' title='bbox 95 2702 347 2747; x_wconf 86' lang='lat' dir='ltr'>tractandique</span> <span class='ocrx_word' id='word_1_549' title='bbox 372 2706 589 2748; x_wconf 84' lang='lat' dir='ltr'>potestatem</span> <span class='ocrx_word' id='word_1_550' title='bbox 617 2703 789 2748; x_wconf 88' lang='lat' dir='ltr'>apostolis</span> <span class='ocrx_word' id='word_1_551' title='bbox 816 2714 1009 2747; x_wconf 89' lang='lat' dir='ltr'>eorumque</span> <span class='ocrx_word' id='word_1_552' title='bbox 1035 2703 1304 2737; x_wconf 87' lang='lat' dir='ltr'>successoribus</span> <span class='ocrx_word' id='word_1_553' title='bbox 1330 2703 1542 2743; x_wconf 85' lang='lat' dir='ltr'>tradidisse;</span> <span class='ocrx_word' id='word_1_554' title='bbox 1570 2703 1696 2737; x_wconf 88' lang='lat' dir='ltr'>deinde</span> <span class='ocrx_word' id='word_1_555' title='bbox 1723 2703 1759 2736; x_wconf 89' lang='lat' dir='ltr'>in</span> <span class='ocrx_word' id='word_1_556' title='bbox 1785 2715 1865 2737; x_wconf 90' lang='lat' dir='ltr'>con-</span> 
     </span>
     <span class='ocr_line' id='line_1_50' title="bbox 94 2755 1863 2800; baseline 0.001 -11"><span class='ocrx_word' id='word_1_557' title='bbox 94 2755 315 2790; x_wconf 82' lang='lat' dir='ltr'>tentionibus</span> <span class='ocrx_word' id='word_1_558' title='bbox 341 2757 384 2790; x_wconf 92' lang='lat' dir='ltr'>de</span> <span class='ocrx_word' id='word_1_559' title='bbox 410 2757 533 2791; x_wconf 88' lang='lat' dir='ltr'>eodem</span> <span class='ocrx_word' id='word_1_560' title='bbox 560 2759 785 2791; x_wconf 88' lang='lat' dir='ltr'>sacramento</span> <span class='ocrx_word' id='word_1_561' title='bbox 813 2757 1007 2790; x_wconf 91' lang='lat' dir='ltr'>novissime</span> <span class='ocrx_word' id='word_1_562' title='bbox 1042 2756 1131 2790; x_wconf 90' lang='lat' dir='ltr'>ortis</span> <span class='ocrx_word' id='word_1_563' title='bbox 1166 2757 1199 2790; x_wconf 89' lang='lat' dir='ltr'>id</span> <span class='ocrx_word' id='word_1_564' title='bbox 1235 2756 1427 2790; x_wconf 89' lang='lat' dir='ltr'>tenendum</span> <span class='ocrx_word' id='word_1_565' title='bbox 1455 2760 1520 2796; x_wconf 89' lang='lat' dir='ltr'>est,</span> <span class='ocrx_word' id='word_1_566' title='bbox 1556 2756 1648 2800; x_wconf 91' lang='lat' dir='ltr'>quod</span> <span class='ocrx_word' id='word_1_567' title='bbox 1684 2756 1753 2790; x_wconf 89' lang='lat' dir='ltr'>iam</span> <span class='ocrx_word' id='word_1_568' title='bbox 1780 2756 1863 2791; x_wconf 91' lang='lat' dir='ltr'>olim</span> 
     </span>
     <span class='ocr_line' id='line_1_51' title="bbox 95 2809 1866 2854; baseline 0.001 -11"><span class='ocrx_word' id='word_1_569' title='bbox 95 2810 138 2843; x_wconf 93' lang='lat' dir='ltr'>de</span> <span class='ocrx_word' id='word_1_570' title='bbox 164 2821 205 2843; x_wconf 87' lang='lat' dir='ltr'>eo</span> <span class='ocrx_word' id='word_1_571' title='bbox 231 2809 456 2851; x_wconf 88' lang='lat' dir='ltr'>credebatur,</span> <span class='ocrx_word' id='word_1_572' title='bbox 492 2813 528 2844; x_wconf 88' lang='lat' dir='ltr'>et</span> <span class='ocrx_word' id='word_1_573' title='bbox 559 2811 652 2854; x_wconf 85' lang='lat' dir='ltr'>quod</span> <span class='ocrx_word' id='word_1_574' title='bbox 687 2822 757 2844; x_wconf 90' lang='lat' dir='ltr'>non</span> <span class='ocrx_word' id='word_1_575' title='bbox 793 2821 863 2844; x_wconf 89' lang='lat' dir='ltr'>una</span> <span class='ocrx_word' id='word_1_576' title='bbox 898 2809 1020 2854; x_wconf 86' lang='lat' dir='ltr'>aliqua</span> <span class='ocrx_word' id='word_1_577' title='bbox 1046 2810 1240 2854; x_wconf 90' lang='lat' dir='ltr'>provincia,</span> <span class='ocrx_word' id='word_1_578' title='bbox 1275 2810 1338 2844; x_wconf 91' lang='lat' dir='ltr'>sed</span> <span class='ocrx_word' id='word_1_579' title='bbox 1376 2810 1543 2844; x_wconf 88' lang='lat' dir='ltr'>universa</span> <span class='ocrx_word' id='word_1_580' title='bbox 1569 2810 1680 2844; x_wconf 88' lang='lat' dir='ltr'>sentit</span> <span class='ocrx_word' id='word_1_581' title='bbox 1715 2810 1866 2845; x_wconf 89' lang='lat' dir='ltr'>ecclesia</span> 
     </span>
     <span class='ocr_line' id='line_1_52' title="bbox 98 2862 466 2907; baseline 0.005 -11"><span class='ocrx_word' id='word_1_582' title='bbox 98 2862 135 2904; x_wconf 81' lang='lat' dir='ltr'>(l.</span> <span class='ocrx_word' id='word_1_583' title='bbox 156 2874 185 2896; x_wconf 93' lang='grc'>0.</span> <span class='ocrx_word' id='word_1_584' title='bbox 205 2862 229 2897; x_wconf 86' lang='lat' dir='ltr'>f.</span> <span class='ocrx_word' id='word_1_585' title='bbox 249 2862 466 2907; x_wconf 46' lang='grc' dir='ltr'>ὕφ’-5923).</span> 
     </span>
    </p>
   </div>
   <div class='ocr_carea' id='block_1_3' title="bbox 214 2926 1579 2960">
    <p class='ocr_par' dir='ltr' id='par_1_7' title="bbox 214 2926 1579 2960">
     <span class='ocr_line' id='line_1_53' title="bbox 214 2926 1579 2960; baseline 0.001 -9"><span class='ocrx_word' id='word_1_586' title='bbox 214 2927 242 2956; x_wconf 83' lang='lat' dir='ltr'>a)</span> <span class='ocrx_word' id='word_1_587' title='bbox 263 2928 321 2952; x_wconf 64' lang='lat' dir='ltr'>Sea:</span> <span class='ocrx_word' id='word_1_588' title='bbox 343 2936 382 2952; x_wconf 73' lang='lat' dir='ltr'>vv.</span> <span class='ocrx_word' id='word_1_589' title='bbox 403 2936 460 2959; x_wconf 77' lang='lat' dir='ltr'>sqq.</span> <span class='ocrx_word' id='word_1_590' title='bbox 482 2936 500 2951; x_wconf 83' lang='grc' dir='ltr'><em>α</em></span> <span class='ocrx_word' id='word_1_591' title='bbox 521 2929 549 2953; x_wconf 80' lang='lat' dir='ltr'>C.</span> <span class='ocrx_word' id='word_1_592' title='bbox 571 2929 633 2959; x_wconf 72' lang='lat' dir='ltr'>ipso</span> <span class='ocrx_word' id='word_1_593' title='bbox 652 2937 745 2960; x_wconf 76' lang='lat' dir='ltr'>snpra</span> <span class='ocrx_word' id='word_1_594' title='bbox 767 2936 882 2953; x_wconf 78' lang='lat' dir='ltr'>versum</span> <span class='ocrx_word' id='word_1_595' title='bbox 901 2928 1014 2959; x_wconf 75' lang='lat' dir='ltr'>scripta</span> <span class='ocrx_word' id='word_1_596' title='bbox 1034 2931 1110 2953; x_wconf 81' lang='lat' dir='ltr'>sunt.</span> <span class='ocrx_word' id='word_1_597' title='bbox 1185 2926 1215 2959; x_wconf 85' lang='lat' dir='ltr'>b)</span> <span class='ocrx_word' id='word_1_598' title='bbox 1237 2928 1375 2959; x_wconf 76' lang='lat' dir='ltr'>Sequitur</span> <span class='ocrx_word' id='word_1_599' title='bbox 1394 2926 1471 2959; x_wconf 84' lang='lat' dir='ltr'>loco,</span> <span class='ocrx_word' id='word_1_600' title='bbox 1490 2928 1579 2953; x_wconf 76' lang='lat' dir='ltr'>oblitt.</span> 
     </span>
    </p>
   </div>
   <div class='ocr_carea' id='block_1_4' title="bbox 215 3015 1584 3110">
    <p class='ocr_par' dir='ltr' id='par_1_8' title="bbox 215 3015 1584 3110">
     <span class='ocr_line' id='line_1_54' title="bbox 216 3015 1584 3058; baseline -0.001 -7"><span class='ocrx_word' id='word_1_601' title='bbox 216 3018 226 3037; x_wconf 86' lang='lat'>¹</span> <span class='ocrx_word' id='word_1_602' title='bbox 253 3016 454 3051; x_wconf 75' lang='lat' dir='ltr'>Cal-dinalis</span> <span class='ocrx_word' id='word_1_603' title='bbox 481 3015 623 3051; x_wconf 86' lang='lat' dir='ltr'>Ottonis</span> <span class='ocrx_word' id='word_1_604' title='bbox 649 3016 859 3051; x_wconf 89' lang='lat' dir='ltr'>Truchsess.</span> <span class='ocrx_word' id='word_1_605' title='bbox 1006 3016 1019 3036; x_wconf 76' lang='lat'><strong>2</strong></span> <span class='ocrx_word' id='word_1_606' title='bbox 1046 3016 1098 3050; x_wconf 89' lang='lat' dir='ltr'>Cf.</span> <span class='ocrx_word' id='word_1_607' title='bbox 1127 3017 1148 3050; x_wconf 84' lang='lat'><strong>2</strong></span> <span class='ocrx_word' id='word_1_608' title='bbox 1174 3015 1260 3050; x_wconf 88' lang='lat' dir='ltr'>Petr</span> <span class='ocrx_word' id='word_1_609' title='bbox 1286 3015 1317 3058; x_wconf 81' lang='grc'>2,</span> <span class='ocrx_word' id='word_1_610' title='bbox 1348 3016 1408 3057; x_wconf 81' lang='lat'>12;</span> <span class='ocrx_word' id='word_1_611' title='bbox 1437 3016 1500 3050; x_wconf 89' lang='lat' dir='ltr'>Iud</span> <span class='ocrx_word' id='word_1_612' title='bbox 1532 3017 1584 3051; x_wconf 90' lang='lat'>10.</span> 
     </span>
     <span class='ocr_line' id='line_1_55' title="bbox 215 3070 782 3110; baseline 0.002 -7"><span class='ocrx_word' id='word_1_613' title='bbox 215 3071 227 3089; x_wconf 81' lang='lat'><strong>³</strong></span> <span class='ocrx_word' id='word_1_614' title='bbox 253 3070 307 3103; x_wconf 88' lang='lat' dir='ltr'>Mt</span> <span class='ocrx_word' id='word_1_615' title='bbox 333 3070 364 3110; x_wconf 89' lang='lat'>7,</span> <span class='ocrx_word' id='word_1_616' title='bbox 392 3070 543 3104; x_wconf 80' lang='lat'>24—26.</span> <span class='ocrx_word' id='word_1_617' title='bbox 595 3070 643 3104; x_wconf 88' lang='lat' dir='ltr'>Lc</span> <span class='ocrx_word' id='word_1_618' title='bbox 670 3071 700 3110; x_wconf 87' lang='lat'>6,</span> <span class='ocrx_word' id='word_1_619' title='bbox 727 3070 782 3104; x_wconf 86' lang='lat'>48.</span> 
     </span>
    </p>
   </div>
   <div class='ocr_carea' id='block_1_5' title="bbox 163 3130 1577 3168">
    <p class='ocr_par' dir='ltr' id='par_1_9' title="bbox 163 3130 1577 3168">
     <span class='ocr_line' id='line_1_56' title="bbox 163 3130 1577 3168; baseline 0.002 -8"><span class='ocrx_word' id='word_1_620' title='bbox 163 3133 480 3167; x_wconf 78' lang='lat' dir='ltr'>Braunsberger,</span> <span class='ocrx_word' id='word_1_621' title='bbox 502 3134 614 3160; x_wconf 87' lang='lat' dir='ltr'>Cauisii</span> <span class='ocrx_word' id='word_1_622' title='bbox 634 3134 789 3168; x_wconf 86' lang='lat' dir='ltr'>Epistulae</span> <span class='ocrx_word' id='word_1_623' title='bbox 809 3134 840 3160; x_wconf 86' lang='lat' dir='ltr'>et</span> <span class='ocrx_word' id='word_1_624' title='bbox 859 3134 947 3161; x_wconf 87' lang='lat' dir='ltr'>Acta.</span> <span class='ocrx_word' id='word_1_625' title='bbox 973 3134 1024 3161; x_wconf 92' lang='lat' dir='ltr'>VI.</span> <span class='ocrx_word' id='word_1_626' title='bbox 1533 3130 1577 3163; x_wconf 82' lang='lat'>35</span> 
     </span>
    </p>
   </div>
  </div>
 </body>
</html>
