2044 3335
142 112 226 153 586
480 111 574 145 Mon.
601 110 669 145 960
695 109 773 143 sive
799 109 837 143 it.
859 109 948 153 (13).
992 109 1046 144 Ab
1074 110 1105 144 1.
1124 111 1167 144 ad
1198 111 1250 145 15.
1269 110 1424 155 Augusti
1451 112 1552 146 1568.

144 228 325 268 eiusdem
367 227 603 267 Sacerdote.
666 227 731 267 Ab
775 232 941 268 auctore
981 229 1189 281 recoynita
1232 233 1268 269 et
1310 226 1476 281 azacta“,
1518 229 1724 283 chqclzcrzi
1766 231 1893 283 1616,

137 306 180 346 p.
215 293 389 332 :36-—59
428 291 661 332 Saeolzinus
703 291 804 332 haee
844 292 1040 333 addidit:
1072 292 1265 334 Venerat
1306 306 1381 346 per
1415 295 1629 335 aestatem
1670 293 1712 335 in
1746 294 1894 336 vrbem

144 357 297 397 Petrus
325 389 333 397 .
354 388 362 396 .
384 389 391 396 .
423 354 629 397 Canisius.
650 390 658 398 .
681 390 688 398 .
710 390 718 397 .
764 355 842 405 Qui
875 359 1056 409 rogatus
1079 371 1104 398 a
1127 356 1340 407 Patribus,
1376 359 1424 400 vt
1455 358 1510 399 ad
1532 358 1727 411 Tyrones
1750 358 1896 401 Sancti

144 420 345 461 Andreae
378 419 539 472 aliquid
576 419 673 474 piae
706 420 1017 463 cohortationis
1050 421 1243 472 haberet,
1284 421 1389 475 ipsis
1421 422 1607 476 Augusti
1640 423 1848 465 Kalendis
1868 424 1895 473 ¹,

145 485 197 526 ab
241 484 538 525 professorum
580 499 748 538 quoque
790 486 928 537 domo,
975 488 1019 528 et
1061 486 1251 540 Collegio
1292 486 1506 528 vniuersis
1546 488 1600 529 ad
1641 487 1898 530 audiendum

143 552 294 591 tantae
336 549 621 600 auctoritatis,
665 564 716 592 ac
756 551 1005 593 sanctitatis
1046 551 1186 592 virum
1228 552 1505 605 congregatis
1536 553 1724 595 Nouitiis
1765 553 1900 594 verba

144 613 269 656 fecit:
314 613 533 656 Orationis
575 615 759 657 materia
801 630 856 657 ex
889 617 1121 658 vernaculo
1153 617 1274 669 vulgi
1314 617 1357 658 in
1390 617 1518 659 Italia
1549 618 1694 668 verbo,
1738 632 1820 671 quo
1853 631 1900 659 se

144 678 290 720 feriari
324 692 374 720 eo
408 679 475 720 die
496 678 774 732 Augustum2
798 680 912 730 dicit,
948 681 1187 735 desumpta.
1237 681 1326 730 Quo
1360 682 1492 724 verbo
1525 697 1620 724 cum
1652 682 1901 736 intelligant

145 743 339 785 homines
379 744 491 786 bona
533 745 692 786 mensis
727 746 818 787 eius
860 746 1039 788 exordia
1079 747 1176 800 poni
1220 747 1389 797 debere,
1423 750 1471 789 vt
1502 747 1735 790 salubriter
1766 750 1898 798 totus,

147 810 278 860 atque
311 808 506 851 hilariter
538 810 762 863 exigatur;
796 811 894 853 inde
918 811 1112 853 Canisius
1145 811 1360 853 disserens
1386 826 1471 853 non
1494 812 1738 865 Augustum
1761 812 1900 863 modo,

147 873 221 915 sed
255 876 299 915 et
332 888 499 916 menses
522 888 669 917 omnes
691 875 774 918 rite
800 876 984 918 feriandi
1016 877 1411 919 demonstraturum
1442 890 1488 918 se
1511 877 1742 931 optimam³
1763 877 1901 919 viam:

148 939 213 980 Ea
254 940 321 980 est
362 938 534 993 (inquit)
577 939 612 981 si
645 940 699 982 ad
737 941 941 994 cuiusque
974 941 1134 983 mensis
1167 955 1389 984 accessum
1423 942 1602 995 quisque
1642 942 1904 996 persuadeat

148 1003 227 1044 sibi
269 1017 364 1044 eum
398 1003 475 1045 sibi
518 1018 710 1046 mensem
742 1006 938 1048 Vltimum
980 1006 1091 1048 fore:
1135 1009 1267 1060 atque
1299 1007 1406 1049 adeo
1447 1007 1509 1049 ita
1542 1010 1763 1061 comparet
1794 1021 1902 1058 sese,

148 1082 283 1120 eoque
306 1068 431 1110 modo
453 1069 643 1111 rationes
667 1071 784 1112 vitae
806 1085 910 1113 suae
933 1075 1175 1125 componat,
1209 1072 1568 1125 quemadmodum
1590 1072 1697 1115 velit
1725 1075 1904 1126 paratus

148 1133 190 1174 in
224 1132 316 1186 ipso
339 1133 458 1175 vitae
480 1134 600 1176 exitu
634 1135 894 1189 deprehendi
909 1137 937 1179 3.
986 1136 1106 1186 Quod
1138 1137 1311 1190 plenum
1341 1137 1555 1191 sapientia
1576 1137 1785 1179 monitum
1808 1151 1905 1179 cum

148 1198 262 1239 inter
293 1212 339 1239 se
372 1198 524 1240 deinde
546 1199 711 1254 Nouitij
745 1204 1048 1252 retractarent,
1084 1201 1327 1244 Stanislaus
1359 1202 1439 1244 sibi
1470 1216 1573 1244 vero
1607 1202 1717 1244 dixit
1749 1217 1904 1256 oppor-

148 1266 252 1306 tune
275 1262 501 1313 cecidisse;
535 1264 616 1306 sibi
648 1266 818 1319 proprie
851 1266 1024 1316 dictum,
1057 1280 1157 1308 nam
1181 1281 1227 1308 se
1250 1280 1300 1309 eo
1331 1266 1424 1321 ipso
1447 1281 1594 1308 mense
1626 1268 1754 1321 plane
1777 1266 1907 1308 mori-

149 1330 307 1370 turum.
361 1328 478 1377 Quae
502 1343 588 1371 vox
619 1330 661 1371 in
694 1331 925 1384 praesenti,
961 1334 1009 1374 vt
1041 1332 1101 1381 fit,
1135 1346 1220 1373 non
1243 1332 1370 1374 valde
1396 1332 1719 1381 animaduersa;
1754 1332 1907 1374 deinde

151 1392 326 1446 cognita
369 1396 436 1435 est
479 1394 565 1435 vim
610 1396 917 1448 praedictionis
963 1396 1178 1439 habuisse.
1249 1398 1419 1439 Narrat
1467 1398 1616 1439 deinde
1661 1398 1907 1450 Saooliinus,

152 1460 416 1501 Stanislaum
449 1461 517 1501 (lie
548 1462 617 1502 10.
642 1463 836 1515 Auqzcsti,
872 1464 944 1517 qui
975 1468 1116 1504 sancto
1139 1463 1373 1504 Laurentio
1405 1465 1587 1518 martyri
1618 1477 1736 1504 sacer
1758 1467 1828 1515 est,
1862 1464 1908 1503 in

151 1525 279 1565 lenius
302 1525 459 1578 Sancti,
494 1528 566 1580 qui
599 1541 646 1567 eas
678 1541 789 1568 more
813 1528 1030 1570 Societatz‘s
1062 1530 1106 1569 in
1138 1533 1355 1569 menstrua
1387 1529 1600 1569 sortitione
1622 1529 1659 1569 ei
1690 1528 1910 1569 obvenerat

150 1594 356 1644 patronus
369 1590 397 1643 4,
421 1591 532 1631 cultu
551 1592 673 1632 levem
691 1594 950 1633 contraxisse
967 1593 1166 1634 morbum.
1204 1592 1298 1634 Nec
1315 1593 1450 1634 multo
1473 1594 1573 1646 post
1595 1606 1687 1634 cum
1707 1592 1909 1634 Claudius

152 1654 382 1706 Aquauiua
422 1655 513 1708 (qui
554 1656 661 1698 haec
700 1656 795 1710 ipsa
827 1657 1041 1711 narrauit)
1083 1660 1127 1699 et
1164 1657 1236 1711 alij
1280 1657 1453 1710 quidam
1485 1657 1811 1700 decumbentem
1842 1657 1908 1698 in-

152 1718 354 1770 uiserent‚
389 1720 526 1772 deque
558 1721 673 1770 mali,
708 1724 757 1764 vt
789 1726 895 1774 erat,
930 1722 1110 1765 leuitate
1142 1723 1418 1772 dissererent,
1453 1722 1563 1764 dixit
1589 1722 1830 1764 Stanislaus
1862 1736 1909 1764 se

153 1797 179 1825 a
210 1784 471 1826 Beatissima
513 1786 620 1828 coeli
652 1786 821 1840 Regina
861 1802 938 1842 per
969 1788 1207 1830 Patronum
1243 1802 1367 1829 suum
1399 1790 1597 1829 sanctum
1630 1787 1907 1830 Laurentium

152 1847 376 1899 institisse,
410 1851 458 1892 vt
489 1850 544 1892 ad
576 1865 623 1893 se
656 1865 838 1894 euocare
870 1852 962 1906 ipso
996 1851 1316 1906 Assumptionis
1348 1866 1452 1894 suae
1485 1852 1552 1893 die
1584 1852 1738 1894 vellet:
1777 1854 1908 1904 atque

153 1913 260 1954 adeo
293 1927 469 1968 sperare
501 1929 547 1957 se
579 1916 634 1965 id,
678 1917 791 1970 quod
829 1920 1020 1970 rogarat,
1062 1917 1408 1971 impetraturum.
1471 1919 1534 1959 Ac
1566 1932 1712 1972 reapse
1738 1922 1910 1973 praeter

153 1980 338 2020 omnium
360 1982 595 2034 opinionem
613 1983 890 2036 Stanislaum,
913 1985 1190 2024 sacramentis
1213 1984 1390 2038 aliisque
1408 1984 1642 2038 praesidiis
1659 1984 1717 2023 ad
1738 1987 1908 2024 mortem

152 2045 232 2085 rite
255 2050 554 2099 comparatum,
588 2047 654 2088 die
687 2050 757 2089 15.
780 2049 964 2102 Auqusii
997 2050 1113 2090 156&
1145 2049 1250 2089 liora
1280 2053 1372 2102 post
1403 2049 1584 2089 mediam
1608 2053 1762 2090 noctem
1784 2049 1907 2089 tertia

154 2110 402 2164 exspirasse.

272 2177 405 2212 Eadem
430 2179 556 2214 iisdem
581 2192 693 2225 paene
720 2182 840 2216 verbis
865 2194 885 2216 a
912 2183 1084 2216 Sacchino
1109 2183 1301 2216 narrantur
1325 2182 1361 2215 in
1388 2181 1589 2225 „Historiae
1616 2181 1804 2216 Societatis
1827 2181 1910 2215 Iesu

153 2231 261 2265 Parte
286 2232 427 2274 tertia“,
454 2244 545 2277 quae
571 2245 603 2268 a.
624 2234 714 2268 1622
741 2235 785 2269 ab
812 2247 852 2269 eo
870 2235 1035 2269 absoluta
1057 2236 1103 2278 (is
1129 2237 1225 2268 certe
1243 2246 1357 2269 annus
1383 2235 1593 2279 praefationi
1621 2236 1800 2279 ascriptus
1825 2234 1910 2278 est),

153 2295 185 2318 a.
205 2285 295 2319 1649
322 2284 455 2319 Romae
481 2286 514 2320 in
541 2286 656 2321 lucem
684 2288 815 2322 emissa
841 2290 897 2322 est
923 2288 961 2331 (l.
980 2289 1013 2329 4,
1040 2301 1073 2322 n.
1092 2288 1262 2329 87-98).
1313 2288 1353 2322 In
1380 2288 1514 2322 Canisii
1540 2299 1680 2332 quoque
1706 2287 1793 2328 vita,
1819 2299 1910 2321 anno

157 2338 245 2372 1616
280 2338 491 2382 Ingolstadii
527 2351 679 2381 excusa,
714 2341 803 2376 haec
838 2353 859 2375 a
885 2343 1061 2376 Saeclzino
1092 2342 1315 2383 referuntur,
1353 2341 1499 2376 brevius
1532 2343 1672 2383 tamen,
1710 2341 1779 2375 nisi
1816 2341 1910 2384 quod

155 2390 350 2425 Sacchinus
387 2392 435 2426 ibi
474 2393 643 2428 orationis
680 2406 701 2428 a
740 2394 882 2429 Canisio
919 2395 1063 2429 habitae
1100 2397 1352 2447 argumentum
1390 2395 1496 2440 paulo
1537 2394 1678 2440 planius
1718 2394 1910 2438 significat,

153 2444 323 2486 scribens,
350 2445 450 2480 illum
469 2446 604 2481 dixisse
626 2448 688 2490 „de
706 2449 819 2489 modo,
846 2460 888 2483 ac
905 2448 965 2482 via
983 2460 1054 2492 qua
1079 2460 1117 2482 se
1144 2460 1350 2493 comparare
1377 2448 1529 2492 quisque
1555 2449 1676 2492 posset
1700 2448 1744 2481 ad
1769 2458 1910 2482 menses

154 2508 277 2532 omnes
311 2509 418 2542 quam
453 2499 648 2534 bellissime
683 2501 873 2542 feriandos,
910 2501 977 2536 hoc
1011 2504 1076 2543 est,
1115 2503 1258 2547 optime,
1294 2513 1335 2535 ac
1373 2501 1600 2535 sanctissime
1636 2500 1907 2543 transigendos“

156 2551 204 2595 (p.
220 2551 318 2595 260).
348 2551 559 2587 Sacohinum
580 2553 892 2597 diligentissimum
911 2555 1300 2600 prudentissimumque
1318 2555 1526 2588 historicum
1544 2554 1657 2588 fuisse
1674 2553 1785 2588 semel
1802 2555 1910 2597 atque

154 2603 282 2638 iterum
321 2606 451 2639 monui.
502 2606 568 2648 Qui
602 2607 638 2641 in
673 2606 779 2641 Vitae
813 2607 986 2642 Stanislai
1023 2608 1155 2642 litteris
1193 2607 1420 2642 dedicatoriis
1458 2608 1502 2642 ad
1537 2606 1761 2641 Vladislaum
1799 2606 1910 2650 Sigis-

273 2668 301 2700 a)
322 2668 470 2702 optimum
489 2673 600 2702 typoqr.

275 2759 286 2778 ¹
312 2758 389 2792 Hae
414 2758 598 2793 Kalendae
623 2759 699 2793 dies
725 2759 900 2794 dominica
926 2761 1013 2793 erat.

274 2811 287 2831 2
317 2811 483 2853 „Ferrare
517 2814 654 2854 Agosto
689 2812 856 2853 diciamo,
893 2812 1052 2856 quando,
1089 2812 1133 2846 ad
1167 2811 1370 2846 imitazione
1405 2811 1497 2845 delle
1532 2811 1619 2845 ferie
1655 2810 1848 2854 augustali,
1883 2809 1908 2843 i}

156 2863 268 2907 primo
294 2865 416 2906 giorno
451 2865 486 2898 di
512 2868 637 2909 questo
672 2877 769 2899 mese
793 2866 823 2899 si
850 2866 958 2899 fanno
983 2865 1131 2909 allegrie
1158 2877 1176 2899 e
1203 2865 1380 2899 conviti“:
1415 2864 1650 2899 Vocabolario
1677 2863 1772 2907 degli
1798 2864 1909 2897 Acca-

157 2916 282 2950 demici
310 2916 400 2950 della
431 2918 564 2951 Crusca
590 2918 631 2959 1⁵,
659 2918 804 2952 Firenze
834 2918 933 2960 1863,
960 2919 1039 2953 323.

276 2970 288 2989 ⁸
314 2969 367 3003 Cf.
399 2970 548 3004 Thomae
573 2983 595 3003 a
620 2973 765 3015 Kempis
789 2972 1029 3006 Imitationem
1056 2971 1187 3006 Christi
1213 2971 1235 3005 1.
1261 2972 1291 3011 1,
1318 2982 1347 3005 0.
1371 2970 1425 3012 23,
1453 2973 1488 3004 et
1514 2972 1551 3005 S.
1570 2971 1703 3014 Iyncttii
1728 2968 1910 3003 Exercitia

155 3020 357 3066 spiritualia
382 3021 485 3055 hebd.
512 3023 555 3063 2.,
581 3024 706 3058 modus
731 3025 906 3068 posterior
930 3024 1019 3059 bene
1045 3024 1210 3068 eligendi,
1236 3035 1310 3067 reg.
1339 3024 1370 3058 3.

275 3076 287 3094 ⁴
313 3073 364 3107 De
391 3073 456 3108 hoc
483 3073 672 3109 Societatis
698 3088 794 3110 more
821 3089 854 3111 v.
886 3078 970 3112 Can.
998 3077 1047 3111 IV
1074 3077 1153 3113 806.
