2044 3335
166 103 251 143 456
446 100 546 134 1742.
575 99 740 134 Canisius
766 99 989 133 Ferdinando
1015 100 1060 135 II.
1104 100 1302 146 Oeniponte
1322 101 1352 135 1.
1372 101 1526 145 Augusti
1549 102 1648 136 1571.

166 217 209 258 in
242 217 451 270 religione
484 215 706 257 Catholica
737 217 1052 269 propugnanda
1085 217 1375 259 constantiam
1407 217 1592 268 illorum,
1636 231 1741 271 quos
1780 218 1926 261 multis

166 285 213 324 tu
254 281 422 335 populis
464 280 791 332 gubernatores,
835 280 1103 323 consiliarios
1146 295 1197 323 ac
1237 282 1459 335 praesides
1501 283 1760 325 lectissimos
1800 297 1927 337 prae-

168 346 310 388 fecisti
324 347 351 388 1.
401 346 557 394 Taceo,
591 359 718 397 quam
745 345 894 387 crebro
919 345 1234 400 diligenterque
1258 361 1394 397 cures,
1429 350 1477 389 vt
1508 347 1551 388 in
1586 347 1699 389 viam
1732 348 1926 398 redeant,

169 414 444 462 mentemque
476 409 692 451 saniorem
725 410 944 461 induant-²,
980 425 1087 464 quos
1119 412 1345 454 nouandae
1378 411 1599 465 religionis
1621 412 1775 454 insana
1797 412 1927 455 libido

167 476 286 517 velut
330 488 385 516 ex
433 474 645 516 curriculo
690 478 810 517 recto
855 476 1052 526 detorsit,
1097 490 1148 518 ac
1192 476 1453 519 fermentum
1500 476 1615 519 istud
1663 477 1928 531 deprauatae

167 539 418 581 doctrinae2
458 539 501 580 in
542 540 738 581 morbum
780 541 984 583 lethalem
1027 541 1222 592 coniecit,
1266 545 1315 583 vt
1356 541 1438 582 nisi
1478 542 1541 583 illi
1582 542 1625 583 vi
1666 542 1853 595 quadam
1884 542 1928 584 in

166 604 307 646 officio
349 604 667 655 contineantur,
711 619 849 658 neque
892 620 996 648 suae
1029 606 1172 655 saluti,
1219 620 1298 648 nec
1330 606 1451 660 Reip.
1486 607 1795 660 tranquillitati
1827 621 1928 649 con-

167 670 321 718 sulere,
355 670 430 711 sed
463 669 584 711 velut
616 670 838 712 morbidae
871 684 974 712 oues
1007 670 1193 712 vicinum
1227 671 1359 713 etiam
1391 685 1524 725 pecus
1556 672 1815 725 contagione
1850 686 1929 714 sua

166 734 362 784 inficere,
415 735 617 788 sanisque
667 735 806 777 adhuc
857 736 1060 778 membris
1100 740 1374 790 praesentem
1415 737 1526 779 luem
1567 737 1766 779 affricare
1804 751 1929 791 posse

167 799 414 842 videantur.
478 800 541 841 Ac
573 800 767 854 pluribus
801 801 971 854 quidem
1005 814 1085 854 ego
1120 801 1306 844 virtutes
1338 804 1450 852 tuas,
1487 801 1773 845 Ornatissime
1806 802 1929 844 Prin-

167 879 280 919 ceps,
328 878 500 918 possem
547 879 899 916 commemorare,
949 866 1070 908 cumb
1113 867 1232 909 vitae
1276 871 1378 909 tuae
1422 867 1615 910 rationes
1662 881 1748 908 non
1791 868 1930 909 solum

168 929 410 983 Oeniponti‚
458 930 571 982 quod
613 930 815 984 oppidum
848 931 1099 984 Tyrolensis
1141 932 1315 974 ditionis
1349 934 1452 974 tuae
1485 936 1615 987 caput
1657 936 1737 983 est,
1780 946 1929 974 verum

167 995 297 1037 etiam
330 994 374 1036 in
406 995 513 1036 vrbe
537 995 759 1048 Pragensi,
794 996 867 1037 vbi
900 1010 994 1037 cum
1018 996 1154 1039 totius
1183 997 1307 1049 regni
1330 997 1517 1039 Boe'mici
1540 999 1761 1051 potestate
1783 997 1930 1039 multis

167 1059 290 1101 annis
322 1059 600 1102 laudabiliter
631 1060 859 1114 praefuisti
874 1062 902 1111 3,
946 1062 1080 1115 probe
1114 1061 1312 1115 cognitas
1344 1062 1550 1104 habeamc
1582 1065 1627 1104 et
1664 1063 1929 1116 exploratas

167 1124 329 1166 Verum
374 1125 443 1166 etd
488 1139 582 1178 ego,
631 1129 680 1168 vt
722 1126 815 1180 ipse
857 1127 984 1177 nosti,
1030 1127 1084 1168 ab
1129 1126 1332 1168 adulandi
1377 1127 1483 1169 vitio
1526 1142 1619 1168 sum
1664 1127 1844 1177 alienus,
1887 1129 1932 1169 et

167 1203 374 1244 praesens
411 1191 531 1232 locus
571 1205 656 1232 non
698 1191 914 1245 permittit
954 1192 996 1233 in
1039 1192 1125 1234 tuis
1166 1206 1234 1234 me
1277 1192 1475 1234 laudibus
1513 1192 1681 1246 longius
1715 1192 1929 1246 euagarie,

168 1268 278 1308 quae
311 1255 441 1297 alium
474 1256 672 1310 profecto
706 1259 750 1298 et
782 1257 1121 1310 eloquentiorem
1165 1260 1210 1299 et
1242 1271 1425 1299 vacuum
1466 1257 1605 1310 magis
1638 1257 1931 1299 encomiasten

166 1320 406 1373 requirunt.
471 1320 591 1371 Quod
633 1325 833 1375 superest
874 1322 985 1364 hanc
1026 1321 1229 1375 exiguam
1271 1322 1455 1364 nominis
1487 1322 1620 1364 IESV
1653 1322 1930 1372 Societatem,

168 1398 296 1437 quam
339 1386 546 1428 beneuole
587 1386 709 1429 fuisti
750 1401 922 1441 semper
962 1387 1224 1442 complexus,
1270 1387 1312 1428 in
1358 1391 1477 1430 tuam
1520 1388 1647 1429 fidem
1680 1389 1933 1429 reuerenter

168 1450 403 1501 committo,
439 1450 650 1504 simulque
684 1452 843 1494 Deums
873 1452 972 1507 opt.
1007 1453 1125 1495 Max,
1159 1466 1214 1494 ex
1246 1452 1387 1494 animo
1421 1466 1587 1506 precor,
1627 1453 1741 1495 tanti
1773 1453 1823 1494 vt
1853 1465 1931 1506 pa-

166 1516 281 1558 troni
314 1516 458 1558 studia
490 1531 568 1570 pro
609 1517 818 1570 religione
860 1520 905 1560 et
945 1518 1066 1572 Reip.
1100 1518 1293 1560 Vtilitate
1330 1520 1534 1572 suscepta
1572 1518 1627 1560 ad
1667 1517 1748 1559 sui
1792 1516 1933 1559 sancti

168 1580 406 1622 nominis
447 1582 718 1634 gloria1n4
760 1583 867 1625 bene
900 1583 1108 1632 fortunet,
1148 1596 1330 1636 eumque
1362 1583 1486 1624 nobis
1519 1586 1563 1625 et
1595 1582 1820 1625 Ecclesiae
1852 1582 1932 1624 Ca-

167 1646 354 1688 tholicae
387 1646 593 1700 sospitem
622 1647 692 1688 diu
716 1651 958 1691 conseruet.
1009 1648 1276 1702 Oenipontiss,
1311 1648 1509 1690 Calendis
1531 1647 1734 1701 Augusti,
1759 1647 1883 1689 Anno
1907 1660 1934 1689 a

169 1711 394 1753 salutifero
427 1714 557 1765 partu
590 1712 936 1766 quingentesimo
969 1712 1291 1767 septuagesimo
1325 1713 1462 1767 primo
1489 1726 1621 1767 supra
1643 1711 1931 1754 millesimum.

288 1781 437 1821 Laudes,
473 1781 602 1825 quibus
629 1781 794 1816 Canisius
820 1782 1035 1816 Ferdinandi
1070 1781 1274 1816 archiducis
1310 1782 1482 1827 pietatem
1518 1781 1669 1822 extollit,
1705 1782 1829 1815 inanes
1864 1792 1933 1814 non

170 1836 283 1868 erant.
335 1833 485 1868 Constat
520 1835 614 1868 enim
649 1835 772 1869 multis
807 1835 1040 1878 argumentis,
1077 1847 1145 1869 non
1172 1835 1285 1870 solum
1313 1836 1429 1880 ipsum
1456 1835 1718 1869 Ferdinandum
1745 1846 1790 1868 ex
1816 1834 1933 1868 animo

171 1887 388 1921 catholicum
415 1888 537 1929 fuisse,
573 1888 635 1922 sed
663 1889 770 1923 etiam
797 1889 947 1923 eundem
974 1889 1066 1923 serio
1094 1889 1331 1930 contendisse,
1368 1891 1408 1923 ut
1433 1900 1555 1923 omnes
1587 1888 1736 1933 imperio
1762 1899 1826 1922 suo
1852 1887 1932 1922 sub-

170 1940 253 1975 iecti
273 1952 356 1974 vere
384 1943 504 1974 essent
531 1941 697 1976 catholici
726 1942 775 1985 (v.
796 1943 906 1986 Hirn,
933 1942 1035 1977 Ferd.
1055 1942 1098 1976 II.
1128 1942 1141 1976 I
1170 1942 1385 1985 158—278).
1424 1941 1600 1987 Exempla
1624 1941 1752 1976 addam
1776 1940 1931 1985 aliquot:

170 1993 210 2028 P.
236 1995 372 2028 Paulus
398 1995 573 2037 Hoffaeus
607 1995 640 2029 S.
669 1996 701 2029 J.
742 1994 941 2040 Oeniponte
977 1996 1032 2030 23.
1060 1995 1146 2029 Maii
1183 1996 1271 2030 1569
1310 1995 1500 2029 Francisco
1540 1995 1692 2038 Borgiae
1729 1994 1932 2039 praeposito

170 2046 329 2090 generali
349 2047 541 2092 *scripsitz
573 2048 698 2090 „Mitto
717 2049 921 2091 catalogum
941 2060 1063 2083 eorum
1081 2049 1142 2093 qui
1159 2049 1328 2092 flagitant
1346 2048 1480 2083 Romae
1504 2048 1650 2083 inscribi
1669 2048 1705 2082 in
1723 2047 1933 2082 societatem

174 2099 313 2145 Rosarij
341 2100 435 2145 apud
460 2101 712 2136 Μ11161113111.“5
755 2102 820 2136 Cui
845 2103 1001 2146 Boi-ysces
1026 2102 1139 2136 Roma
1159 2102 1213 2136 16.
1232 2102 1324 2135 Iunii
1345 2102 1434 2137 1569
1461 2102 1693 2146 *rescripsitz
1724 2101 1781 2143 „Si
1807 2103 1825 2134 6
1851 2100 1934 2134 dato

170 2153 292 2187 ordine
326 2154 357 2188 si
383 2154 547 2188 scriuano
582 2154 664 2188 nela
690 2156 902 2200 compagnia
929 2155 986 2189 del
1013 2155 1161 2189 Rosario
1188 2155 1298 2199 quelli
1334 2155 1399 2189 che
1418 2155 1460 2189 V.
1480 2154 1521 2189 R.
1548 2155 1677 2189 mando
1703 2154 1760 2188 cui
1786 2165 1932 2187 numero

169 2209 269 2241 tanto
305 2207 446 2252 copioso
482 2207 512 2241 ci
549 2208 592 2241 da
628 2208 885 2242 edificatione.“
940 2208 986 2242 Et
1022 2220 1102 2242 cum
1138 2208 1308 2242 Hoffaeus
1343 2208 1480 2242 similes
1516 2208 1700 2252 catalogos
1735 2206 1933 2251 Oeniponte

172 2260 226 2294 12.
253 2260 473 2305 Septembris
509 2263 544 2295 et
577 2262 610 2295 4.
638 2260 804 2296 Octobris
840 2262 1000 2296 misisset
1028 2262 1213 2306 (quartum
1248 2262 1452 2305 catalogum
1482 2262 1534 2296 11.
1563 2260 1770 2295 Decembris
1805 2260 1932 2303 misit),

170 2315 323 2356 Boryias
348 2314 461 2348 Roma
487 2314 543 2349 28.
567 2314 775 2349 Decembris
803 2315 893 2350 1569
921 2316 952 2348 ei
979 2315 1173 2359 *scripsitz
1206 2314 1262 2356 „Si
1290 2318 1308 2348 e
1333 2315 1495 2349 riceuuto
1521 2315 1546 2348 il
1573 2313 1737 2358 catalogo
1763 2313 1798 2347 di
1824 2313 1933 2356 quelli

170 2368 236 2401 che
254 2367 464 2401 desiderano
481 2368 651 2402 scriuersi
676 2368 772 2402 nella
787 2369 1007 2413 Compagnia
1026 2368 1083 2402 del
1102 2369 1248 2409 rosario,
1275 2371 1311 2402 et
1335 2369 1363 2403 s'
1379 2371 1397 2402 e
1424 2369 1506 2402 dato
1531 2368 1651 2402 ordine
1678 2368 1777 2401 siano
1803 2366 1933 2407 scritti,

171 2423 207 2454 et
232 2420 266 2454 la
292 2420 366 2455 loro
385 2421 572 2455 deuotione
592 2421 623 2455 ci
642 2421 769 2455 edifica
787 2422 908 2463 molto,
936 2424 972 2455 et
989 2422 1241 2467 spetialmente
1260 2421 1380 2466 quella
1399 2421 1456 2456 del
1474 2421 1704 2456 serenissimo
1719 2419 1929 2454 Arciduca.⁴‘

171 2473 223 2507 De
250 2474 370 2508 eodem
399 2474 590 2509 archiduce
617 2477 791 2518 Hoffaeus
816 2475 1005 2509 Monachio
1034 2476 1087 2509 14.
1118 2475 1299 2509 Februarii
1328 2476 1416 2510 1571
1446 2475 1597 2518 Borgiae
1624 2473 1817 2518 *scripsit:
1858 2472 1932 2515 ,Ob

289 2540 315 2569 a)
337 2537 505 2570 suscipiant
524 2540 540 2562 2
553 2539 570 2562 3
583 2540 607 2563 4.
664 2537 694 2569 b)
716 2540 749 2563 In
771 2542 787 2563 3
801 2541 816 2563 4
830 2542 992 2571 sequuntur
1012 2547 1073 2564 riu:
1091 2538 1228 2571 plerique
1249 2546 1309 2564 vna
1329 2546 1453 2564 mecum.
1510 2540 1536 2571 c)
1557 2537 1690 2563 habeant
1710 2541 1726 2563 3
1740 2540 1764 2563 4.
1821 2537 1851 2569 d)
1872 2539 1932 2563 Hoc

174 2587 196 2603 v.
218 2587 271 2603 non
293 2583 334 2603 est
355 2580 383 2604 rin
405 2581 421 2603 3
435 2581 458 2604 4.
533 2580 561 2611 e)
582 2579 722 2605 laudibus
742 2580 939 2612 prolixiorem
960 2587 1028 2606 esse
1048 2582 1064 2605 2
1077 2582 1093 2605 3
1106 2582 1131 2605 4.
1202 2580 1231 2611 f)
1253 2587 1269 2605 a
1289 2580 1350 2605 Deo
1371 2582 1387 2605 3
1402 2582 1425 2605 4.
1498 2581 1528 2612 g)
1552 2581 1629 2610 Quae
1648 2583 1819 2612 sequuntur,
1838 2580 1869 2604 in
1888 2581 1905 2603 3·
1918 2581 1933 2604 4

174 2628 226 2644 non
248 2624 322 2645 sunt.

295 2711 303 2729 ¹
330 2709 369 2742 In
395 2711 564 2744 Austriae
599 2711 793 2755 superioris
824 2711 1036 2755 „regimine“
1067 2713 1104 2744 et
1133 2711 1329 2753 „came1·a“,
1366 2722 1456 2754 quae
1483 2710 1683 2755 Oeniponte
1718 2714 1830 2750 erant,
1866 2710 1934 2743 viri

174 2764 275 2794 erant
310 2762 415 2796 valde
449 2763 548 2807 probi
586 2766 623 2797 et
657 2764 844 2804 catholici;
880 2768 922 2798 ut
953 2764 1131 2807 Georgius
1167 2764 1211 2798 ab
1238 2763 1463 2798 Helfenstein
1499 2763 1685 2806 regiminis
1718 2763 1934 2808 praefectus,

175 2813 405 2848 Sebastianus
431 2816 509 2849 Zott
535 2817 695 2850 eiusdem
721 2818 957 2858 consiliarius,
985 2817 1263 2861 Christophorus
1290 2816 1485 2851 Kl'ockhler
1512 2817 1671 2850 eiusdem
1698 2815 1933 2850 cancellarius

175 2869 241 2901 etc.
272 2867 377 2906 (Can.
396 2868 446 2901 111
477 2869 558 2902 1652
586 2870 772 2904 169—170
800 2871 868 2905 339
895 2871 964 2905 354
991 2871 1077 2910 70ος
1108 2870 1155 2903 lV
1182 2870 1250 2905 310
1276 2870 1364 2910 580:
1393 2870 1424 2903 V
1450 2870 1495 2904 45
1523 2869 1592 2904 788
1618 2869 1715 2912 etc).

293 2920 306 2939 2
333 2919 384 2953 Cf.
412 2920 467 2954 Mt
494 2922 546 2962 16,
575 2923 594 2955 6
624 2923 685 2962 11;
716 2924 731 2955 1
761 2924 829 2957 Cor
854 2925 886 2964 5,
915 2925 932 2957 7
961 2924 982 2958 8
1008 2926 1076 2957 etc.

295 2974 307 2991 ³
332 2972 424 3006 Vide
450 2985 558 3017 supra
585 2987 617 3018 p.
636 2976 732 3009 455¹.
878 2979 889 2997 ‘¹
917 2977 965 3010 Ps
993 2977 1046 3018 78,
1074 2977 1106 3011 9.

295 3025 307 3044 ⁵
333 3024 518 3069 Templum
545 3029 580 3060 et
606 3029 860 3062 monasterium
888 3030 1068 3073 significat
1098 3029 1271 3072 „Sanctae
1289 3029 1424 3063 Mariae
1451 3040 1560 3074 supra
1578 3028 1813 3068 Minervan1“,
1841 3026 1933 3071 quod

175 3080 231 3112 est
256 3077 403 3111 Patrum
431 3078 732 3114 Praedicatorum.
