2044 3335
133 101 219 142 514
260 99 356 134 Mon.
375 99 442 134 915
461 99 538 133 sive
556 109 637 142 aug.
655 97 691 140 (a
703 96 752 141 5).
787 98 936 131 Aestate
954 108 985 131 a.
1000 96 1103 132 1569.
1137 96 1193 131 23.
1207 95 1323 140 (25.‘?)
1336 96 1556 142 Septembris
1571 98 1607 130 et
1622 96 1675 131 16.
1690 96 1774 132 Dec.
1791 96 1894 132 1569.

134 217 276 250 constat
304 226 349 249 an
384 213 494 257 aliqui
530 212 762 257 promouendi
796 212 869 247 sint
903 212 946 246 ad
983 212 1239 258 professionem
1275 214 1311 246 et
1336 212 1497 257 quando:
1533 214 1617 256 puto
1644 212 1683 246 P.
1709 211 1894 247 Canisium

131 280 237 303 nosse
263 270 418 302 mentem
445 267 485 300 P.
512 265 555 300 V.
582 277 688 309 quam
715 277 912 310 prosequar
939 267 1001 308 (eoe
1026 270 1186 309 autoyr.;
1215 267 1257 299 G.
1283 266 1349 309 Ep.
1377 266 1417 300 X
1436 267 1464 309 f.
1486 266 1602 308 102⁰).

251 321 429 354 Antonius
463 324 578 352 autem
618 320 802 352 Guisanus
827 320 863 353 S.
881 320 919 353 J.
946 320 985 353 in
1017 319 1152 363 collegii
1185 320 1366 362 dilinyani
1397 319 1546 352 Litteris
1579 318 1712 352 annuis
1745 319 1895 362 Dilinqa

135 378 187 409 16.
217 375 370 416 Augusti
397 376 489 407 1570
514 373 608 405 datis
632 377 786 406 narrat:
819 372 873 406 Ex
899 371 1082 406 veteranis
1108 383 1173 405 sex
1208 371 1379 416 solitarijs
1405 372 1559 416 primum
1593 371 1894 412 meditationibus,

132 427 212 461 dein
239 425 573 460 mortificationibus
599 425 721 470 varijs,
756 425 859 459 iuxta
886 424 1189 459 constitutionum
1224 427 1427 458 nostrarum
1462 436 1621 458 normam
1649 423 1799 458 exerciti
1813 424 1834 466 ¹,
1860 425 1896 458 et

134 481 336 524 Augustam
362 478 406 512 ad
432 478 678 523 suscipiendos
712 489 835 513 sacros
871 478 1013 512 ordines
1046 478 1158 520 missi,
1193 478 1374 512 solennem
1411 478 1457 512 ibi
1493 478 1601 512 trium
1628 480 1792 512 votorum
1817 488 1896 522 pro-

135 533 327 567 fessionem
345 531 387 566 D.
407 531 513 565 Petro
533 531 675 566 Canisio
693 531 921 566 sacrificante
943 531 1128 565 aedidere:
1155 543 1200 565 ex
1226 543 1295 575 quo
1321 533 1482 576 tempore
1508 531 1712 565 sacerdotes
1730 530 1897 574 Dilingae

133 586 254 620 decem
282 588 319 620 et
344 587 497 629 quatuor
522 584 695 619 habemus
722 586 785 627 (επ
810 596 932 628 apoyr.
960 586 1069 620 eiusd.
1096 589 1217 628 temp.;
1246 586 1288 619 G.
1315 585 1383 627 Ep.
1410 585 1471 618 XI
1489 585 1518 627 f.
1543 586 1612 618 225
1637 585 1738 625 226).

251 639 296 672 In
322 639 458 683 „Libro
477 639 744 681 Professionum
771 643 800 671 et
818 636 1007 672 Votorum“
1033 638 1169 681 eolleyii
1192 639 1477 681 inyolstadiensis
1494 637 1671 671 Antonius
1689 636 1897 678 Balduinus,

133 691 309 726 Brabant:
343 703 411 725 sua
436 702 547 725 manu
572 693 725 735 scripsit,
761 703 795 725 se
829 691 864 724 in
898 690 1064 725 manibus
1090 690 1132 725 R.
1148 690 1187 726 P.
1201 691 1243 725 D.
1270 690 1369 724 Petri
1397 690 1530 724 Canisii
1564 691 1761 724 sollemnem
1786 690 1896 723 trium

135 749 294 779 votorum
314 746 572 789 professionem
605 746 727 787 fecisse
752 747 934 789 Auyustae
959 747 1014 778 25.
1043 745 1254 788 Septembris
1282 747 1374 778 1569
1399 744 1506 783 (Cod.
1534 741 1648 788 ‚,270“
1675 743 1899 777 bibliothecae

134 799 381 838 universitatis
405 799 635 842 monacensis,
659 799 688 841 f.
718 797 810 840 10¹³).
862 799 904 831 In
933 798 1044 832 Libro
1071 809 1206 841 quoque
1231 797 1498 840 Professionum
1524 798 1659 841 colleyii
1682 798 1900 830 monacensis

135 852 313 886 Antonius
332 851 530 885 Balduinus
548 851 711 885 Becanus
736 863 802 884 sua
829 863 939 884 manu
955 852 1110 895 scripsit,
1135 862 1170 884 se
1195 862 1270 884 eam
1290 852 1547 894 professionem
1573 851 1724 883 emisisse
1740 851 1797 883 25.
1817 850 1897 892 Sep-

135 906 278 939 tembris
304 908 396 939 1569
415 906 596 948 Auyustae
620 904 654 938 in
674 903 813 938 Sacello
831 904 946 938 sancti
966 903 1110 949 Georgij
1124 931 1132 938 .
1145 930 1153 937 .
1166 931 1173 938 .
1201 903 1239 937 In
1258 903 1425 938 manibus
1443 902 1643 937 Reuerendi
1661 902 1781 936 Patris
1800 901 1898 935 Petri

137 957 270 1003 Canisij
291 959 396 1000 (Cod.
418 959 614 1002 „Jesuitica
632 956 725 991 71m“
751 959 779 1000 f.
800 962 848 1000 6⁰,
879 958 1063 991 Monachii
1087 959 1126 991 in
1149 957 1292 991 archivo
1318 958 1420 1001 reyni
1445 957 1635 997 bavarici).
1670 956 1767 990 Idem
1785 960 1900 989 autem

137 1011 316 1046 Antonius
334 1010 532 1045 Balduinus
555 1013 594 1045 in
614 1012 748 1056 „Libro
767 1012 1033 1054 Professiomcm
1055 1011 1200 1055 Colleyii
1217 1009 1430 1054 Dilinyam·“
1448 1021 1514 1043 sua
1539 1021 1648 1043 manu
1673 1014 1818 1043 testatus
1843 1012 1901 1052 est,

136 1076 172 1099 se
207 1076 283 1098 eam
314 1066 573 1108 professionem
609 1065 732 1107 fecisse
767 1067 949 1107 Auyustae
983 1066 1039 1098 23.
1069 1065 1282 1107 Septembris
1317 1066 1409 1097 1569
1445 1063 1491 1097 Jn
1518 1062 1655 1098 sacello
1691 1062 1725 1097 S.
1752 1060 1898 1106 Georgij

139 1120 192 1162 (p.
212 1119 290 1159 21).
342 1119 379 1152 P.
406 1118 544 1151 Paulus
579 1122 696 1151 autem
730 1118 903 1161 Hoffaeus
932 1118 1147 1151 Germaniae
1181 1118 1380 1160 superioris
1406 1118 1637 1160 praepositus
1664 1116 1903 1160 provincialis

139 1174 233 1205 inter
258 1182 291 1205 a.
313 1174 404 1205 1570
429 1176 458 1204 et
477 1173 568 1204 1581
595 1171 745 1204 Romam
771 1172 819 1204 ad
843 1182 1025 1214 supremos
1043 1171 1228 1205 Societatis
1252 1171 1492 1204 moderatores
1517 1170 1671 1204 omnium
1692 1169 1903 1212 provinciae

138 1236 225 1259 suae
244 1225 490 1268 professorum
524 1229 554 1257 et
589 1225 837 1258 coadiutorum
870 1225 1113 1267 formatorum
1147 1225 1345 1266 cataloyum
1379 1226 1495 1268 misit,
1521 1234 1666 1267 eamque
1698 1233 1765 1256 sua
1790 1232 1901 1255 manu

139 1279 311 1321 scriptum
338 1282 368 1311 et
393 1288 457 1311 suo
483 1278 624 1311 nomine
647 1278 908 1320 subscriptum;
933 1279 1057 1321 inquo
1075 1278 1229 1311 dicitnr.-
1254 1277 1291 1312 P.
1311 1277 1502 1311 Matthiam
1522 1275 1685 1310 Lackner
1709 1273 1900 1319 sacerdotij

141 1342 251 1365 causa
270 1331 528 1374 professionem
563 1331 673 1364 trium
707 1335 865 1364 votorum
891 1333 947 1364 23.
976 1331 1189 1374 Septembris
1214 1333 1307 1364 1569
1334 1334 1514 1373 Auyustae
1539 1329 1574 1362 in
1601 1328 1741 1363 Sacello
1766 1327 1902 1363 Domus

139 1386 284 1418 nostrae
322 1388 352 1417 et
388 1385 428 1416 in
462 1385 625 1417 manibus
659 1384 701 1418 P.
725 1384 825 1417 Petri
863 1384 1001 1417 Canisii
1031 1385 1173 1428 fecisse,
1212 1389 1242 1417 et
1278 1385 1393 1418 eodem
1427 1384 1485 1416 die
1508 1383 1578 1416 PP.
1609 1382 1902 1425 Christophorum

141 1438 279 1481 Zieyler
316 1443 346 1471 et
379 1439 578 1471 Antonium
612 1438 789 1471 Balduini
825 1436 1016 1482 sacerdotij
1052 1448 1161 1471 causa
1194 1437 1230 1471 in
1265 1436 1412 1481 Templo
1448 1435 1482 1470 S.
1518 1435 1723 1470 Lamberti²
1757 1435 1903 1469 eandem

136 1492 392 1534 professionem
418 1493 456 1524 in
486 1491 626 1525 canisii
650 1491 815 1524 manibus
837 1490 983 1533 fecisse³
1010 1491 1130 1532 (GSC
1153 1493 1198 1523 66
1220 1491 1248 1534 f.
1268 1491 1369 1531 365).
1418 1491 1607 1523 Praeterea
1641 1494 1778 1523 eoestant
1811 1489 1905 1522 duae

140 1544 307 1588 schedae,
342 1555 416 1578 ana
452 1545 636 1588 Lalmeri,
670 1545 784 1578 altera
809 1544 964 1587 Zieyleri
997 1555 1108 1577 manu
1141 1546 1296 1587 scripta,
1332 1544 1459 1587 quibus
1493 1548 1638 1586 uterque
1670 1546 1819 1576 testatur
1828 1569 1838 1586 ,
1869 1552 1906 1575 se

142 1599 200 1631 23.
224 1598 439 1640 Septembris
466 1600 558 1631 1569
583 1607 703 1630 coram
723 1597 869 1631 Cam'sio
897 1598 957 1641 „in
982 1597 1109 1631 sacello
1134 1598 1257 1630 domus
1283 1601 1425 1630 nostrae
1443 1594 1695 1640 Auyustanae“
1722 1606 1797 1629 eam
1818 1605 1907 1639 pro-

144 1652 331 1693 fessionem
364 1652 506 1693 fecisse;
540 1655 651 1684 exstat
686 1661 822 1695 quoque
854 1652 1026 1694 scriptum
1061 1651 1247 1694 Baldnini‚
1283 1661 1352 1694 quo
1386 1651 1444 1683 hic
1476 1661 1543 1684 sua
1579 1661 1688 1683 mann
1722 1653 1837 1693 notat,
1872 1659 1908 1682 se

141 1706 323 1746 Auyustae
358 1708 419 1749 „in
444 1704 569 1738 sacello
598 1705 721 1738 Sancti
749 1703 915 1748 Gwryist‘
942 1706 998 1738 23.
1026 1705 1238 1748 Septembris
1263 1706 1357 1737 1569
1391 1715 1467 1737 eam
1499 1705 1754 1747 professionem
1785 1703 1909 1746 fecisse

141 1758 284 1799 (Germ.
312 1760 331 1792 1
357 1759 384 1800 f.
402 1759 622 1798 278—281).

261 1812 398 1844 Deinde
417 1812 452 1844 in
473 1811 589 1844 eodem
607 1812 719 1847 Libro
735 1812 1000 1855 Professionum
1019 1812 1221 1844 monacensi
1239 1811 1284 1853 (f.
1302 1808 1359 1851 6⁶)
1378 1809 1486 1844 Vitus
1506 1809 1629 1844 Liner.
1644 1836 1651 1844 .
1663 1835 1671 1844 .
1699 1809 1721 1844 J
1725 1821 1745 1843 n
1764 1807 1906 1843 Sacello

144 1863 181 1899 S.
207 1862 365 1909 Georgij.
415 1864 462 1898 Jn
489 1865 654 1899 manibus
680 1864 880 1910 Reuerendj
908 1864 1028 1898 Patris
1055 1864 1152 1898 Petri
1172 1863 1305 1909 Canisij
1326 1865 1507 1906 Auyustae
1525 1866 1579 1897 16.
1598 1863 1798 1897 Decembris
1816 1863 1909 1896 1569

147 1918 293 1951 eandem
322 1919 578 1961 professionem
604 1930 625 1952 a
650 1930 686 1952 se
717 1920 849 1961 factam
885 1929 955 1952 esse
984 1929 1051 1951 sua
1086 1928 1197 1951 manu
1230 1918 1382 1960 scripsit.
1435 1916 1530 1950 Idem
1565 1917 1691 1950 ibidem
1725 1916 1910 1959 eodemque

144 1971 202 2004 die
236 1982 258 2004 a
283 1982 318 2004 se
340 1972 477 2014 factam
512 1983 581 2005 esse
613 1973 654 2005 in
679 1973 794 2006 eodem
820 1972 912 2006 libro
940 1972 986 2014 (f.
1007 1969 1066 2012 6⁶)
1093 1972 1227 2004 notavit
1252 1969 1453 2015 Reynerius
1478 1968 1663 2004 Fabricius
1690 1968 1908 2003 Leodiensis.

151 2024 221 2066 Qui
246 2025 397 2057 eiusdem
419 2026 655 2068 professionis
676 2024 716 2069 jn
742 2024 907 2059 manibus
932 2023 975 2059 R.
992 2024 1032 2058 P.
1051 2023 1217 2058 Doctoris
1241 2022 1340 2067 Petrj
1369 2022 1502 2067 Canisij
1529 2034 1552 2056 a
1575 2034 1611 2056 se
1636 2023 1780 2056 emissae
1803 2021 1910 2055 verba

146 2078 186 2110 in
211 2078 481 2121 inyolstadiensi
506 2089 641 2122 quoque
666 2079 779 2112 Libro
806 2079 1070 2121 Professionum
1091 2078 1215 2120 posuit
1241 2078 1287 2119 (f.
1309 2078 1402 2117 10⁰).
1453 2077 1641 2110 Praeterea
1666 2087 1702 2110 se
1727 2086 1802 2109 eam
1822 2085 1909 2118 pro-

145 2131 330 2172 fessionem
355 2132 537 2174 Augustae
564 2134 599 2165 in
625 2132 751 2165 sacello
777 2133 900 2165 domus
925 2131 1120 2174 Soce'etatis,
1147 2131 1183 2164 S.
1207 2132 1358 2173 Georqio
1382 2141 1498 2173 sacro,
1526 2132 1579 2164 16.
1600 2129 1800 2163 Decembris
1819 2130 1912 2162 1569

147 2184 271 2226 fecisse
312 2186 388 2218 suis
422 2185 587 2218 manibus
623 2187 663 2218 in
697 2186 811 2219 Libro
845 2186 1112 2227 Professionum
1146 2184 1333 2228 dilinyano
1370 2187 1424 2227 (p.
1450 2184 1516 2224 21)
1550 2184 1769 2226 scripserunt
1802 2181 1912 2216 Vitus

148 2236 264 2278 Liner‚
291 2236 491 2271 Richardus
518 2237 723 2280 Flaminius,
750 2237 928 2272 Henricus
954 2237 1175 2271 Winsenius.

267 2292 364 2325 Idem
390 2292 626 2333 confirmatur
660 2296 830 2336 quattuor
864 2292 1009 2335 schedis,
1045 2291 1170 2335 quibus
1204 2291 1260 2323 illi
1283 2290 1419 2334 singuli
1451 2290 1525 2323 suis
1554 2289 1718 2322 manibus
1742 2292 1820 2322 vota
1845 2288 1910 2322 illa

148 2345 368 2388 scripserunt
397 2345 532 2387 (Germ.
555 2348 575 2379 1
599 2346 626 2387 f.
646 2345 867 2389 288—294),
893 2349 923 2378 et
948 2345 987 2378 P.
1006 2345 1153 2387 Hoffaei
1180 2344 1346 2386 Cataloyo
1375 2344 1417 2385 (l.
1437 2355 1464 2376 c.
1490 2344 1517 2386 f.
1538 2343 1654 2384 365⁰),
1684 2353 1782 2386 quem
1809 2342 1912 2375 modo

149 2398 252 2439 dixu·
277 2398 329 2431 ibi
352 2399 442 2431 enim
462 2399 684 2441 affirmatur,
710 2402 880 2442 quattuor
904 2398 984 2431 illos
1003 2397 1122 2431 Socios
1147 2408 1184 2430 eo
1202 2397 1258 2430 die
1282 2395 1474 2441 sacerdotij
1501 2407 1609 2430 causa
1627 2406 1744 2429 coram
1768 2395 1914 2429 Canisio

149 2452 223 2483 tria
247 2455 326 2484 vota
348 2453 528 2495 professos
553 2463 632 2485 esse.

272 2505 440 2539 Canisius
465 2516 505 2539 ea
532 2509 610 2539 vota
635 2505 809 2538 mandatu
835 2504 874 2537 P.
902 2503 1011 2537 Pauli
1035 2504 1182 2547 Hoffaei
1203 2504 1402 2547 praepositi
1419 2503 1658 2546 provincialis
1682 2502 1813 2545 excepit
1820 2513 1834 2544 ;
1858 2503 1911 2534 ita

151 2556 242 2589 enim
270 2558 306 2591 S.
333 2559 553 2592 Franz-‘iscus
578 2559 734 2602 Boryias
764 2559 990 2601 praepositus
1020 2557 1197 2600 yeneralis
1228 2557 1380 2599 Hoffaeo
1410 2557 1524 2590 Roma
1550 2557 1606 2589 28.
1637 2555 1794 2589 Octobris
1821 2556 1915 2589 1569

274 2710 286 2730 ²
310 2710 363 2744 De
388 2710 445 2745 his
471 2710 654 2745 exercitiis
680 2710 1008 2756 experimentisque
1033 2721 1067 2745 v.
1098 2711 1184 2744 Can.
1211 2709 1244 2743 ΙΙ
1271 2708 1469 2744 683-684.

276 2762 289 2782 ²
318 2762 481 2798 Dubitari
507 2765 571 2798 vix
596 2766 725 2809 potest,
752 2764 838 2808 quin
861 2763 1033 2798 Hoffaeus
1057 2762 1249 2797 memoriae
1275 2762 1334 2796 vel
1360 2761 1491 2796 calami
1519 2761 1622 2806 lapsu
1647 2760 1716 2795 hoc
1739 2759 1913 2805 templum

155 2815 247 2858 quod
292 2816 439 2851 aedibus
478 2817 740 2862 episcopalibus
783 2816 1012 2851 coniunctum
1047 2816 1300 2860 Sociorumque
1337 2815 1418 2849 usui
1453 2826 1474 2848 a
1508 2814 1680 2849 cardinali
1715 2813 1914 2849 Truchsess

153 2867 324 2901 traditum
360 2872 437 2903 erat
464 2869 569 2913 (Can.
596 2869 646 2904 IV
672 2869 779 2913 816),
814 2869 973 2914 posuerit
1006 2881 1069 2914 pro
1103 2869 1235 2903 sacello
1261 2868 1294 2903 S.
1323 2868 1488 2912 Georgii,
1522 2867 1558 2902 in
1592 2867 1739 2902 aedibus
1774 2866 1915 2901 canoni-

156 2919 294 2954 calibus
322 2920 517 2962 (Gebhardi
543 2921 771 2967 Truchsess),
798 2922 834 2956 in
860 2922 989 2966 quibus
1016 2921 1109 2956 Socii
1134 2924 1220 2956 tunc
1246 2921 1465 2962 habitabant,
1491 2920 1571 2955 sito.

276 2974 289 2993 ³
314 2973 384 3007 Eos
410 2974 476 3015 23.,
503 2986 571 3008 non
598 2975 654 3009 25.
681 2975 901 3020 Septembris
935 2976 1116 3019 professos
1152 2986 1230 3009 esse
1257 2986 1302 3009 ex
1337 2986 1378 3008 eo
1409 2985 1550 3018 quoque
1579 2972 1786 3017 collegeris,
1821 2970 1914 3016 quod

155 3025 248 3059 sacri
266 3026 405 3059 ordines
429 3025 624 3068 „Quattuor
640 3027 893 3073 Temporibus“
916 3028 1069 3063 conferri
1087 3027 1218 3069 solent;
1256 3027 1433 3069 Quattuor
1450 3030 1570 3061 autem
1588 3026 1763 3072 Tempora
1781 3024 1915 3059 mensis

157 3078 377 3123 Septembris
403 3090 443 3112 eo
469 3091 560 3113 anno
586 3083 686 3114 erant
712 3081 837 3115 diebus
862 3081 930 3123 21„
956 3081 1023 3124 23.,
1050 3081 1107 3115 24.
