2044 3335
708 95 874 138 Augusta
892 95 998 129 Vind.
1019 95 1050 130 7.
1070 95 1157 130 Maii
1186 95 1288 129 1569.
1797 98 1881 138 315

234 209 400 245 Canisius
426 210 580 253 Borgiae
606 221 677 244 una
703 222 784 244 cum
811 211 879 245 hac
905 211 1060 256 epistula
1087 210 1258 245 *litteras
1284 210 1324 245 P.
1351 211 1509 244 Martini
1534 211 1773 254 Stevordiani,
1800 222 1885 255 qua-

114 275 193 298 rum
226 264 261 297 in
289 274 330 297 ea
355 263 572 297 mentionem
609 263 708 304 facit,
745 264 889 298 misisse
916 264 1078 305 videtur;
1115 264 1167 298 ita
1201 266 1322 297 autem
1349 263 1609 297 Stevordianus
1643 263 1688 298 ad
1714 263 1884 307 Borgiam

114 316 334 360 Ingolstadio
360 317 392 351 4.
420 316 508 350 Maii
536 316 627 350 1569
653 317 820 361 scripsit:
863 317 1078 360 ,Duodecim
1105 317 1141 351 ni
1166 316 1273 351 fallor
1298 317 1369 350 iam
1396 316 1479 350 anni
1507 316 1618 362 elapsj
1648 320 1743 358 sunt,
1771 317 1884 351 Reue-

113 370 221 404 rende
246 372 360 414 pater,
397 382 442 404 ex
468 381 537 414 quo
565 370 664 414 coepi
690 370 954 414 persentiscere
981 371 1111 413 varias,
1139 371 1175 404 et
1200 381 1331 414 graues
1358 369 1488 404 mentis
1515 370 1814 414 perturbationes,
1849 373 1885 405 et

112 422 390 466 inquietudines,
426 434 446 456 a
472 422 602 467 quibus
627 435 684 456 me
710 423 886 458 hactenus
911 424 1064 458 liberare
1090 435 1160 457 non
1187 423 1296 467 potui,
1336 434 1427 466 quae
1454 422 1542 456 adeo
1568 435 1700 467 graues
1726 424 1883 465 fuerunt,

113 478 154 509 vt
180 476 289 510 etiam
326 478 410 510 ante
437 478 579 520 tempus
617 487 725 510 canos
752 478 1006 518 contraxerim,
1040 477 1133 511 hanc
1167 478 1289 510 autem
1315 475 1624 520 perturbationem
1660 489 1729 510 non
1756 489 1883 522 parum

113 529 216 563 auxit
241 541 274 574 p.
301 529 431 574 paulus
457 529 640 570 Hoffaeus,
677 529 737 575 quj
766 530 849 564 dum
876 529 1214 575 viceprouincialem
1242 531 1378 572 ageret,
1413 529 1449 562 in
1484 529 1574 563 haec
1600 530 1712 564 verba
1747 530 1791 564 ad
1826 542 1884 564 me

113 582 270 627 scripsit,
305 594 338 628 p.
366 582 531 624 Martine,
567 582 636 628 nisj
663 582 854 617 Monachio
881 584 1056 621 discedas.
1084 582 1277 617 dimitteris
1304 593 1324 616 a
1351 582 1540 623 Societate,
1577 583 1670 627 quod
1697 595 1778 618 cum
1805 583 1883 618 illu-

111 636 312 670 strissimus
338 635 505 681 princeps
531 635 762 679 intelligeret,
789 637 988 680 aegerrime
1015 636 1110 678 tulit,
1134 636 1330 679 literaeque
1355 636 1662 677 commonstrauit,
1689 636 1725 670 in
1752 637 1883 681 quibus

111 687 323 724 Reuerenda
348 690 388 724 P.
403 689 443 724 T.
469 701 556 724 suae
583 689 807 731 Celsitudini,
835 692 870 724 et
896 702 963 732 me,
997 691 1032 724 et
1058 702 1090 735 p.
1119 689 1369 724 Schorichium
1396 689 1600 723 concessit.
1620 701 1730 733 quare
1757 690 1883 725 literae

111 755 144 788 p.
171 743 269 788 pauli
294 743 432 777 nullum
459 743 566 777 robur
592 742 724 777 habere
751 745 956 788 potuerunt,
992 746 1034 777 vt
1063 743 1145 777 inde
1171 743 1387 777 recederem.
1438 742 1543 776 Modo
1570 754 1655 777 vero
1682 744 1784 777 venit
1808 744 1883 778 Mo-

110 796 279 831 nachium
305 795 346 831 R.
373 796 413 830 P.
441 796 608 830 Canisius
634 796 884 837 Prouincialis,
921 797 982 841 qui
1019 808 1158 830 omnem
1193 795 1307 830 mouit
1340 795 1508 840 lapidem,
1544 798 1585 830 vt
1612 807 1668 830 me
1693 796 1883 831 Monachio

111 850 350 891 abstraheret,
379 850 471 894 quod
499 851 535 883 et
560 849 657 889 fecit,
685 849 930 885 illustrissimo
956 852 1079 884 nostro
1105 849 1266 895 principe
1290 852 1480 891 annuente,
1509 861 1550 883 ea
1575 852 1698 883 tamen
1724 849 1816 893 lege,
1843 853 1884 884 vt

110 903 274 938 reuoluto
309 903 392 937 anni
427 902 559 948 spacio,
595 903 750 944 redeam,
786 904 1008 949 proponebat
1046 903 1086 938 P.
1115 903 1283 938 Canisius
1317 914 1473 947 quonam
1509 903 1688 947 proficisci
1726 903 1882 944 mallem,

110 957 288 1002 respondi,
323 955 595 1001 Herbijpolimss,
635 956 729 1000 quod
767 959 803 990 et
840 956 909 1002 ipsj
947 956 1093 1002 placuit,
1132 956 1256 1000 sicque
1286 956 1603 990 Monachiensibus
1638 955 1807 998 ualedixi,
1847 960 1883 991 et

110 1009 373 1055 Herbijpolimb
392 1009 438 1054 [5³]
458 1021 514 1043 me
533 1009 819 1044 concionatorem
838 1012 1002 1044 acturum
1022 1010 1107 1052 dixi,
1128 1010 1216 1044 Cum
1235 1011 1355 1044 autem
1375 1009 1631 1053 ingolstadium
1658 1010 1882 1055 peruenisse·

109 1075 200 1105 mus,
227 1065 366 1097 mutata
392 1063 582 1105 sententia,
618 1075 675 1097 me
702 1063 885 1098 Coloniam
914 1064 1057 1098 mittere
1084 1063 1209 1105 voluit,
1236 1075 1256 1097 a
1283 1075 1355 1107 qua
1381 1063 1602 1108 profectione
1633 1075 1713 1098 cum
1740 1064 1882 1098 animus

108 1116 278 1151 maiorem
297 1116 332 1150 in
351 1117 495 1151 modum
514 1116 733 1155 abhorreret.
754 1117 934 1161 appellaui
956 1118 1000 1152 ad
1019 1117 1059 1151 R.
1075 1117 1114 1152 P.
1130 1117 1169 1152 T.
1188 1117 1373 1162 petiuique
1392 1117 1449 1151 hic
1467 1116 1676 1163 ingolstadij
1695 1128 1881 1152 remanere

107 1170 295 1215 tantisper,
322 1170 433 1204 donec
458 1182 670 1215 responsum
697 1182 718 1204 a
744 1170 784 1204 R.
804 1170 844 1205 P.
863 1170 902 1205 T.
923 1171 1108 1215 accipiam.
1141 1170 1246 1204 Ratio
1274 1181 1365 1214 quae
1391 1182 1448 1204 me
1474 1172 1662 1215 permouit,
1689 1171 1778 1206 haec
1805 1173 1880 1213 est:

109 1223 235 1258 videor
259 1223 347 1258 mihi
373 1223 575 1267 intelligere
601 1235 634 1268 p.
663 1223 858 1266 Canisium,
893 1224 983 1258 nihil
1017 1224 1203 1258 intendere
1238 1223 1346 1265 aliud,
1382 1235 1490 1268 quam
1516 1226 1557 1258 vt
1583 1236 1729 1269 prorsus
1764 1237 1821 1259 me
1857 1237 1878 1259 a

107 1277 281 1322 superiori
308 1277 493 1320 germania
519 1278 686 1311 amoueat
720 1279 829 1321 atque
864 1277 899 1311 in
934 1279 1058 1322 partes
1095 1277 1282 1311 inferiores
1308 1278 1482 1321 tanquam
1508 1277 1720 1319 abortiuum,
1757 1281 1793 1313 et
1827 1278 1877 1312 in-

106 1330 231 1364 utilem
266 1330 445 1365 hominem
480 1330 656 1371 retrudat,
695 1332 734 1364 vt
770 1331 840 1364 iam
875 1331 983 1365 tertio
1018 1331 1160 1365 redeam
1198 1331 1241 1365 ad
1278 1331 1429 1375 primam
1456 1331 1712 1376 probationem,
1752 1332 1877 1367 relicto

108 1383 340 1429 concionandj
367 1384 516 1419 talento.
543 1383 620 1427 Ego
646 1384 801 1427 ingenue
828 1384 863 1418 id
889 1384 1032 1418 fatebor
1057 1384 1098 1418 R.
1118 1384 1157 1418 P.
1173 1384 1213 1419 Τ.
1240 1396 1297 1418 me
1323 1384 1490 1429 spiritum
1518 1384 1708 1419 Societatis
1735 1385 1877 1420 omnino

106 1437 315 1482 perdidisse,
342 1449 408 1472 nec
426 1437 550 1472 videre
575 1437 730 1478 modum,
759 1440 822 1472 aut
847 1438 1024 1472 rationem
1042 1437 1154 1472 vllam
1180 1437 1283 1472 illum
1310 1438 1558 1484 recuperandj,
1586 1439 1711 1473 deficio
1738 1439 1773 1473 in
1800 1439 1877 1474 dies

105 1491 223 1535 magis
249 1503 290 1525 ac
316 1492 432 1535 magis
459 1493 495 1525 et
520 1492 689 1526 crescunt
714 1492 823 1525 animi
850 1492 1173 1536 perturbationes.¹‘
1215 1491 1334 1535 Rogat
1352 1491 1478 1526 deinde
1499 1492 1678 1536 Borgiam,
1705 1493 1773 1527 sibi
1799 1505 1876 1538 per-

105 1545 237 1587 mittat,
273 1547 313 1578 ut
348 1544 581 1590 experimenti
618 1545 773 1579 faciendi
800 1545 919 1588 gratia
953 1557 1017 1590 per
1051 1557 1184 1580 annum
1217 1545 1415 1589 Salisburgi
1443 1546 1712 1591 archiepiscopo
1740 1545 1877 1591 [Ioanni

104 1598 233 1633 Iacobo
260 1598 388 1633 Khuen
416 1610 436 1632 a
462 1597 610 1644 Belasy]
638 1610 782 1644 operam
810 1602 990 1643 praestet:
1024 1599 1084 1633 ubi
1112 1611 1150 1633 se
1177 1599 1271 1644 apud
1298 1599 1339 1634 P.
1366 1599 1585 1634 Felicianum
1614 1599 1876 1644 [Ninguardam

103 1651 144 1687 O.
160 1652 213 1695 P.]
242 1652 309 1687 sibi
336 1652 596 1687 amicissimum
623 1652 786 1686 habitare
814 1664 918 1697 posse
945 1655 1078 1698 sperat.
1113 1653 1169 1687 Ita
1188 1652 1331 1697 quidem
1352 1652 1630 1695 Stevordianus3
1658 1654 1765 1688 aliter
1790 1666 1877 1689 vero

103 1706 143 1742 P.
170 1707 308 1740 Paulus
334 1708 509 1750 Hoffaezcs
534 1706 761 1751 praepositus
787 1706 1021 1751 provincialis
1047 1706 1246 1748 sentiebat;
1274 1706 1332 1741 hic
1359 1707 1453 1741 enim
1481 1706 1682 1752 Oeniponte
1709 1708 1876 1743 20.1unii

105 1759 194 1794 1569
220 1759 374 1803 Borgiae
401 1759 595 1804 *scripsitz
627 1760 763 1802 „Audio
782 1760 986 1805 Principem
1003 1760 1181 1795 Bauariae
1208 1760 1373 1794 omnibus
1398 1761 1513 1795 modis
1540 1761 1660 1795 conari
1686 1764 1727 1795 vt
1754 1762 1878 1796 redeat

102 1813 211 1847 Pater
236 1813 415 1848 Martinus
440 1813 691 1847 Monachium:
727 1816 835 1857 vrget
870 1813 964 1847 idem
991 1813 1123 1848 Rector
1159 1816 1195 1848 et
1221 1813 1432 1855 Schoritius,
1468 1815 1530 1848 sed
1565 1826 1631 1849 nec
1666 1815 1704 1849 P.
1733 1815 1876 1850 Canisio

100 1879 166 1901 nec
184 1866 271 1900 mihi
289 1867 426 1912 placet:
446 1867 653 1901 consultum
671 1867 815 1901 videtur
832 1869 874 1901 vt
892 1868 930 1901 P.
944 1867 987 1901 V.
1006 1867 1188 1912 relinquat
1205 1869 1240 1902 in
1259 1868 1440 1913 prouintia
1458 1870 1676 1913 potestatem
1695 1868 1876 1904 hominem

101 1932 120 1954 e
146 1921 319 1955 societate
346 1920 551 1955 dimittendi
585 1920 617 1955 si
642 1932 701 1955 res
727 1921 920 1966 postulet0.
972 1921 1137 1955 Rhenani
1172 1921 1272 1956 nullo
1299 1922 1402 1956 modo
1431 1921 1559 1956 volunt
1584 1922 1624 1958 P.
1653 1922 1871 1958 Martinum“

104 1974 166 2017 (ex
192 1973 447 2019 autographis;
475 1974 517 2009 G.
545 1974 608 2019 Ep.
636 1974 667 2008 X
694 1975 719 2008 f.
741 1975 824 2009 116ἒι
842 1975 957 2018 217³).
1010 1976 1046 2009 S.
1062 1977 1284 2010 Franciscus
1309 1977 1430 2010 autem
1457 1977 1612 2019 Boryicts
1638 1975 1874 2011 Stevordiano

102 2027 146 2062 ad
172 2027 324 2069 litteras,
360 2039 452 2072 quae
479 2029 582 2062 modo
608 2028 748 2073 positae
774 2030 869 2067 sunt,
905 2029 1110 2074 respondit:
1152 2029 1212 2072 „P.
1240 2029 1406 2064 Canisius
1433 2031 1532 2063 amat
1556 2032 1592 2063 te
1619 2030 1714 2064 sicut
1749 2032 1785 2064 et
1810 2043 1875 2065 nos

102 2093 225 2116 omnes
259 2081 296 2115 in
323 2081 464 2116 domino
498 2093 564 2115 nec
591 2081 656 2126 [in]
683 2081 889 2116 inferiorem
918 2081 1148 2116 Germaniam
1185 2082 1388 2126 relegatum
1415 2083 1525 2128 cupit,
1561 2083 1624 2117 sed
1660 2084 1704 2118 ad
1735 2086 1878 2129 tempus

102 2147 182 2170 cum
210 2135 249 2170 P.
269 2135 451 2169 Leonardo
468 2135 486 2177 ¹,
514 2138 552 2169 ut
580 2147 660 2169 cum
687 2136 802 2170 amico
830 2138 866 2170 et
892 2136 932 2171 P.
951 2135 1141 2181 spirituali,
1169 2136 1322 2170 iucunde
1349 2137 1456 2170 simul
1484 2139 1519 2170 et
1545 2148 1626 2171 cum
1652 2137 1773 2171 fructu
1800 2150 1877 2172 ver-

102 2188 174 2223 sari
201 2189 350 2234 expetit,
378 2189 471 2232 quod
498 2191 534 2223 et
559 2189 647 2223 mihi
673 2191 770 2223 certe
788 2189 940 2223 multum
968 2189 1142 2234 probatur
1246 2201 1312 2224 nec
1335 2190 1447 2225 solius
1466 2190 1505 2225 P.
1522 2190 1669 2236 Canisij,
1696 2191 1759 2227 sed
1787 2203 1878 2226 com-

102 2242 221 2277 munis
247 2242 298 2275 illi
324 2242 509 2276 nobiscum
544 2242 634 2276 haec
659 2243 840 2277 sententia
867 2245 934 2285 est,
970 2243 1064 2288 quod
1100 2243 1143 2277 ad
1170 2255 1355 2278 secessum
1382 2243 1550 2288 aliquem,
1587 2256 1695 2288 quam
1721 2245 1879 2278 maxime

103 2297 323 2341 opportunus
359 2295 407 2330 sit
441 2295 541 2330 locus
570 2295 748 2330 Coloniae.
799 2296 879 2330 Non
905 2297 1046 2340 cogeris
1079 2298 1202 2331 autem
1229 2296 1388 2331 coloniae
1415 2297 1574 2339 haerere,
1610 2297 1678 2331 nisi
1706 2298 1879 2342 quamdiu

101 2348 178 2394 ipse
203 2348 304 2383 uoles
332 2350 367 2382 et
392 2348 576 2383 renouatis
601 2348 739 2384 uiribus
764 2349 1016 2394 spiritualibus
1043 2350 1159 2384 redire
1186 2350 1309 2385 licebit
1334 2351 1370 2384 in
1389 2350 1614 2396 Superiorem
1635 2350 1877 2391 Germaniam,

102 2405 137 2436 et
163 2402 349 2447 Herbipoli
384 2403 492 2436 etiam
533 2402 577 2436 ad
604 2404 746 2448 tempus
780 2403 811 2437 si
846 2403 1033 2448 placuerit,
1070 2404 1301 2438 subsistere.“
1355 2404 1492 2438 Deinde
1519 2404 1558 2438 P.
1586 2404 1740 2438 Antonio
1758 2403 1878 2438 Vinck

100 2456 307 2501 provinciae
351 2456 531 2490 rhenanae
566 2457 770 2501 praeposito
806 2458 962 2502 Boryias
996 2458 1110 2492 Roma
1137 2458 1191 2492 27.
1220 2457 1312 2491 Iunii
1342 2457 1652 2502 1569·³÷SC1·ipsit:
1690 2457 1799 2492 Iustis
1835 2457 1878 2491 de

103 2510 223 2544 causis
251 2509 435 2544 Coloniam
472 2521 493 2544 a
519 2521 557 2544 se
584 2510 679 2544 mitti
707 2509 1003 2552 Stevordianum;
1043 2511 1105 2555 qui
1131 2511 1162 2545 si
1188 2511 1411 2556 provinciam
1437 2510 1635 2545 rhenanam
1663 2511 1878 2546 detrimento

102 2563 274 2605 afficeret,
295 2563 448 2598 Vinckio
475 2563 647 2608 permitti,
674 2567 715 2598 ut
739 2564 775 2598 in
803 2564 1031 2598 Germaniam
1058 2566 1281 2610 superiorem
1309 2576 1387 2598 eum
1415 2565 1636 2605 remitteret;
1673 2565 1729 2599 sin
1756 2568 1877 2600 autem

102 2617 163 2651 ille
189 2617 413 2663 Herbipolim
439 2617 596 2660 migrare
622 2617 744 2659 vellet,
781 2617 815 2652 id
842 2618 887 2652 ad
914 2620 1056 2663 tempus
1092 2619 1124 2653 ei
1151 2618 1417 2653 concedendum
1445 2629 1534 2659 esse,
1571 2619 1640 2653 nisi
1675 2619 1769 2653 forte
1796 2619 1877 2654 aliis

103 2671 230 2705 damno
250 2674 366 2712 esset;
395 2670 522 2715 quodsi
541 2671 670 2705 damno
689 2674 796 2712 esset,
823 2672 866 2705 ad
886 2672 1075 2706 Hoffaeum
1103 2683 1183 2706 eum
1210 2672 1346 2705 remitti
1373 2683 1478 2716 posse
1500 2671 1560 2715 (ex
1579 2671 1706 2707 harum
1726 2673 1876 2707 duarum

102 2724 338 2769 epistularum
365 2724 584 2769 apographis
611 2724 724 2760 eiusd.
750 2727 879 2770 temp:
909 2725 1028 2760 Germ.
1057 2726 1101 2760 67
1128 2725 1153 2759 f.
1180 2725 1250 2760 270
1277 2724 1382 2766 278b;
1411 2737 1456 2759 ex
1483 2725 1600 2770 priore
1626 2726 1731 2771 plura
1756 2727 1878 2772 posuit

102 2778 231 2821 gallice
257 2779 359 2813 Suam
387 2778 409 2812 1.
430 2789 458 2812 c.
477 2778 697 2822 467—468).

221 2849 373 2893 Borgias
400 2849 542 2884 Canisio
572 2849 758 2894 respondit
785 2850 840 2884 15.
867 2849 959 2884 Iunii
988 2851 1090 2885 1569.

221 2933 248 2962 a)
271 2933 439 2963 Sequuntur
460 2940 501 2957 vr.
521 2932 556 2957 vt
576 2931 617 2963 et,
637 2941 654 2957 α
675 2934 749 2958 Stev.
771 2933 860 2957 oblitt.
917 2931 947 2963 b)
969 2933 1034 2963 Sim
1053 2933 1238 2958 scribendum
1258 2933 1353 2964 fuisse
1375 2932 1493 2958 videtur
1513 2932 1692 2967 HerbiJ'poli.
1748 2934 1773 2964 c)
1798 2934 1876 2965 Quae

100 2976 272 3005 sequuntur,
293 2974 328 2998 ab
349 2974 428 3005 Ηοῖῒ7
448 2975 477 2998 ‘in
499 2975 632 3006 margine
653 2974 756 2999 addita
777 2977 853 2999 sunt.

226 3092 235 3111 ¹
261 3091 401 3133 Kessel,
428 3094 566 3127 rectore
593 3093 736 3136 collegii
764 3092 998 3134 coloniensis3
1025 3093 1070 3128 cf.
1093 3094 1181 3128 Can.
1201 3094 1234 3128 V
1252 3094 1297 3129 90
1326 3094 1393 3129 193
1420 3094 1499 3129 210.
