2044 3335
306 116 400 150 Mon.
428 116 494 150 957
521 115 599 149 sive
626 115 665 150 it.
687 114 776 157 (10).
820 114 917 148 Inter
943 114 999 148 27.
1018 112 1098 146 Iulii
1125 114 1160 146 et
1185 112 1240 146 21.
1261 109 1415 154 Augusti
1445 109 1546 144 1568.
1724 110 1808 150 583

46 231 211 276 exemplo
238 230 450 274 archetypo;
479 230 579 263 Rom.
602 230 677 270 127,
705 229 802 269 VIII,
830 241 862 273 p.
884 229 933 271 3).
978 228 1095 261 Etiam
1115 227 1256 272 planius
1274 227 1349 271 ipse
1371 228 1405 260 S.
1426 226 1642 259 Franciscus
1659 224 1814 266 Boryias

47 285 160 319 Roma
186 285 217 318 2.
244 283 400 326 Augusti
429 282 519 317 1568
546 282 585 316 Ρ.
614 282 831 327 Hieronymo
858 281 979 315 Natali
1007 280 1196 314 Societatis
1225 280 1403 313 visitatori
1437 278 1599 322 scripsit:
1641 275 1688 318 „ll
1714 276 1813 320 Papa

47 339 94 372 ha
120 339 212 371 fatto
238 337 305 370 due
332 336 553 380 deputationi
581 336 614 369 di
642 335 825 375 cardinali,
853 334 916 368 che
943 334 967 367 li
993 334 1191 367 haueuamo
1218 333 1414 366 ricordate:
1441 343 1512 365 vna
1538 342 1601 375 per
1627 329 1813 363 attendere

49 391 121 425 alla
146 389 340 424 riduttione
367 388 449 422 delli
476 388 634 429 heretici,
662 390 729 422 etc.
750 416 756 422 .
776 415 782 422 .
805 415 811 422 .
848 387 883 420 L'
900 387 992 421 altra
1019 385 1248 430 deputatione
1275 386 1313 418 fu
1341 396 1403 429 per
1429 385 1462 418 la
1481 382 1711 417 conuersione
1731 381 1813 415 delli

49 443 210 478 infideli.
231 469 238 476 .
261 469 284 482 .‚
312 443 348 475 et
374 441 434 484 gia
459 441 530 475 han
557 441 770 475 cominciato
796 440 830 474 le
855 452 918 474 sue
945 438 1227 482 congregationi.
1277 437 1324 472 Et
1350 438 1382 471 di
1411 449 1480 481 qua
1506 437 1657 470 hauemo
1684 434 1815 469 comin-

49 497 144 531 ciato
171 508 191 529 a
217 495 307 529 darli
334 495 452 528 alcuni
480 494 609 528 ricordi
627 495 645 535 ¹,
674 497 708 527 et
742 493 812 527 alla
839 488 1002 536 giornata
1028 504 1066 525 se
1092 491 1117 525 li
1148 491 1337 525 daranno.“
1392 491 1431 523 111
1458 489 1616 523 eiusdem
1643 487 1817 532 epistulae

56 548 311 594 „postscripto“
333 549 487 591 Boryias
512 549 602 581 satis
628 547 723 580 clare
741 546 932 589 significat,
960 545 1068 589 priori
1094 543 1146 577 illi
1168 544 1430 588 „deputationff
1452 543 1529 576 sive
1549 540 1817 584 congregationi

50 602 227 646 imprimis
245 613 303 635 res
319 601 532 634 Germaniae
551 600 646 634 cordi
663 600 791 639 fuisse;
812 599 864 633 sic
878 599 971 632 enirn
985 597 1126 631 scribit:
1149 596 1242 639 „Con
1259 598 1356 630 estas
1370 595 1667 638 congregationes
1681 605 1818 627 nueuas

52 667 122 700 que
151 655 198 689 Su
217 654 390 689 Santidad
418 654 463 688 ha
490 653 576 687 echo
604 653 645 686 de
672 652 890 693 cardenales,
917 662 1004 696 para
1030 650 1083 684 los
1108 650 1275 692 negocios
1303 649 1345 682 de
1373 648 1564 683 Germania
1581 659 1605 692 y
1625 648 1667 680 de
1687 647 1816 687 Indias,

53 719 258 753 esperamos
285 718 353 751 que
380 707 422 740 de
449 708 537 741 cada
564 707 622 740 dia
648 718 686 740 se
712 705 824 739 haran
852 716 954 738 cosas
981 704 1234 748 importantes“
1268 702 1373 746 (Epp.
1400 702 1523 735 Nadal
1549 701 1597 733 Ill
1627 700 1693 734 625
1721 700 1819 742 626).

173 761 294 795 Variis
329 760 469 804 quidem
506 759 769 804 impedimentis
805 758 941 792 factum
976 759 1051 796 est„
1087 759 1127 789 ut
1157 754 1418 798 „Congregatio
1455 753 1680 797 germanica“
1719 753 1820 786 initio

54 815 150 848 haud
176 814 227 848 ita
253 814 367 848 multa
393 815 594 858 praestaret
619 815 727 856 atque
755 811 862 845 etiam
882 811 981 844 brevi
1008 810 1319 852 exstingueretur;
1348 809 1508 841 attamen
1536 818 1566 840 a.
1590 806 1689 846 1573,
1716 807 1821 839 aucto

53 867 289 902 cardinalium
315 878 473 907 numero,
500 865 633 900 revixit
660 867 695 898 et
720 876 834 908 usque
861 865 905 897 ad
932 875 962 898 a.
986 863 1085 903 1600,
1113 862 1143 896 si
1169 873 1239 895 non
1266 861 1411 902 diutius,
1440 859 1669 895 Germaniam
1695 858 1820 892 multis

56 921 253 955 rationibus
279 920 418 954 adiuvit
447 920 632 963 (Schmun-2
657 918 679 952 l.
707 930 736 952 0.
764 918 797 951 ΙΙ
824 918 1024 960 XIII—LII).

58 1036 162 1073 95?
190 1037 268 1071 sive
294 1034 356 1071 it.
377 1034 508 1080 (10).
583 1033 685 1069 Inter
713 1034 767 1068 27.
786 1032 871 1068 Iulii
898 1032 934 1067 et
961 1031 1009 1067 21.
1029 1029 1186 1077 Augusti
1213 1029 1309 1065 1568.

178 1095 233 1129 Ex
267 1095 430 1139 exemplo
465 1093 672 1138 archetypo.
725 1093 807 1126 Cod.
844 1092 986 1126 vindob.
1020 1091 1139 1133 „Rom
1167 1090 1265 1124 Corr.
1293 1089 1356 1124 30⁴⁶
1388 1089 1413 1123 f.
1440 1087 1536 1122 644¹&
1589 1088 1744 1121 Litteras
1780 1098 1825 1120 ex

56 1148 223 1193 exemplo
249 1148 445 1192 archetypo
472 1147 583 1180 edidit
610 1148 776 1181 Schwarz
803 1146 825 1180 l.
854 1157 883 1180 c.
912 1146 943 1179 Il
970 1156 1048 1179 xlv.

181 1208 412 1251 Οοηρνιζᾳαίῐο
437 1208 623 1240 haereticis
647 1207 857 1240 reducendis
890 1207 1053 1238 instituta
1088 1205 1127 1237 ins
1159 1203 1340 1246 praelatos
1375 1203 1490 1236 devios
1523 1203 1735 1235 severitatem
1763 1200 1826 1233 ad-

57 1263 176 1296 hibere
200 1262 324 1295 statuit
333 1273 344 1301 ;
373 1261 518 1294 Canisio
543 1271 624 1293 vero
650 1260 804 1292 remedia
831 1260 956 1291 suavia
982 1258 1149 1291 suadente
1175 1268 1197 1289 a
1222 1257 1394 1289 sententia
1421 1256 1562 1289 decedit.

180 1322 233 1363 In
277 1322 427 1363 litteris
468 1322 553 1362 sive
593 1321 757 1361 nuntiis
798 1333 942 1360 ‘rerum
981 1331 1187 1360 novarum
1228 1315 1490 1370 („Avvisi‘⁴)‚
1537 1330 1638 1370 quos
1680 1314 1827 1356 Maxi-

63 1389 241 1430 miliano
263 1387 322 1428 II.
347 1387 595 1441 imperatori
616 1386 752 1426 Roma
777 1385 997 1426 Galeatius
1022 1384 1219 1425 Cusanus
1239 1386 1490 1436 procu-rator
1514 1382 1648 1435 ipsius
1670 1381 1830 1420 mittere

62 1452 230 1504 solebat,
275 1457 409 1493 exstat
451 1452 590 1493 adhuc
631 1452 806 1492 nuntius
846 1452 916 1491 21.
955 1449 1138 1503 Auyusti
1180 1449 1297 1489 1568
1340 1447 1479 1499 datus,
1523 1460 1602 1500 quo
1645 1445 1696 1486 de
1737 1459 1828 1486 con-

62 1519 301 1574 gjrcqat‘ionc
346 1518 420 1558 illa
466 1517 756 1558 cardinalium
803 1516 1025 1556 haereticis
1068 1514 1283 1568 reqionum
1330 1511 1718 1566 septentrionalium
1764 1524 1831 1551 rc-

68 1583 273 1625 ducendis
295 1583 488 1624 iustz’tuta
511 1581 567 1633 (v.
585 1595 733 1636 supr-a,
758 1594 865 1621 mon.
886 1580 992 1632 956)
1016 1580 1116 1620 hacc
1137 1582 1404 1620 narrantur:
1437 1576 1647 1617 Hauendo
1670 1575 1713 1617 la
1731 1588 1832 1616 con—

68 1647 325 1702 gregatione
358 1647 410 1688 de
434 1646 643 1688 cardinali
676 1644 874 1699 deputati
907 1644 974 1685 sul
1005 1646 1158 1686 trovar
1190 1643 1330 1684 forma
1353 1641 1395 1683 di
1426 1641 1571 1683 ridure
1601 1641 1630 1682 li
1651 1639 1831 1681 heretici

67 1712 391 1762 oltramontani‚
435 1714 480 1754 et
516 1711 717 1753 massime
750 1711 780 1752 li
813 1709 1097 1752 ecclesiastici
1130 1709 1217 1750 alla
1248 1707 1347 1749 fede
1379 1706 1594 1749 catholica
1627 1708 1672 1748 et
1703 1705 1833 1747 obbe-

68 1778 232 1820 dientia
273 1777 314 1819 di
356 1780 512 1830 questa
551 1777 686 1819 Santa
719 1776 842 1826 Sede,
886 1775 1099 1825 ordinato,
1142 1773 1221 1815 che
1261 1773 1299 1814 si
1340 1772 1527 1827 proceda
1569 1785 1650 1813 con
1690 1770 1834 1824 rigore

68 1846 224 1886 contra
255 1843 286 1885 li
317 1842 475 1897 prelati
509 1841 685 1891 deuiati,
720 1845 764 1884 et
797 1840 839 1882 di
871 1840 944 1894 gia
977 1839 1079 1882 fatti
1111 1837 1256 1881 alcuni
1288 1837 1409 1879 breui
1441 1851 1517 1891 per
1549 1838 1716 1890 questo,
1751 1835 1835 1877 Dal

70 1908 267 1951 Giesuita
300 1907 461 1950 canisio
495 1907 711 1949 Germano
744 1906 925 1960 praiaco,
969 1908 1014 1947 et
1046 1905 1168 1947 dotto
1201 1906 1233 1945 s'
1254 1904 1277 1945 0
1309 1903 1499 1956 allegato
1532 1900 1705 1943 douersi
1736 1915 1836 1955 pro-

69 1974 223 2015 cedere
246 1987 326 2015 con
357 1971 506 2024 lenita,
541 1975 611 2015 et²
632 1972 932 2026 piaceuolezza
963 1970 1036 2024 piu
1068 1971 1217 2024 presto
1229 1968 1256 2019 ¹³,
1292 1968 1450 2022 perche
1473 1970 1627 2020 questa
1655 1966 1726 2008 uia
1749 1966 1837 2008 013

70 2040 290 2081 fruttuosa
321 2052 399 2093 per
431 2038 610 2091 giouare
643 2040 686 2079 et
719 2039 752 2078 s'
772 2040 794 2079 e
828 2036 1040 2078 allentato
1073 2035 1104 2076 il
1135 2034 1262 2076 modo
1296 2034 1519 2075 decretato
1553 2035 1596 2075 et
1629 2034 1662 2073 s’
1692 2033 1837 2074 atten-

70 2102 278 2158 dara⁰[‘?]
313 2117 338 2145 3
370 2107 523 2156 questo
557 2103 682 2145 altro.

192 2172 400 2207 Cardinales
434 2172 488 2206 illi
516 2171 731 2216 (Truchsess
751 2200 758 2214 ‚
786 2170 1071 2211 Granvellanus‚
1107 2167 1335 2211 Bordesiera)
1372 2167 1525 2211 singulis
1560 2167 1685 2200 diebus
1710 2164 1839 2200 Martis

72 2227 390 2270 congregationem
416 2225 548 2259 habere
574 2224 662 2259 iussi
689 2227 792 2259 erant
820 2224 870 2268 (v.
897 2236 1006 2269 supra
1033 2236 1064 2268 p.
1085 2223 1191 2266 582);
1218 2222 1334 2267 prima
1359 2221 1483 2255 habita
1509 2223 1566 2254 est
1591 2220 1647 2253 die
1676 2220 1731 2253 27.
1759 2218 1839 2252 Iulii

71 2280 261 2323 (Schwarz
285 2279 308 2313 l.
327 2291 356 2313 c.
377 2279 410 2313 II
428 2280 519 2322 xn);
548 2279 640 2312 hanc
666 2278 776 2321 igitur
794 2280 940 2312 secutae
959 2289 1038 2312 esse
1057 2276 1227 2311 videntur
1244 2275 1381 2310 similes
1399 2274 1697 2318 congregationes
1716 2272 1840 2306 diebus

74 2334 116 2375 3.,
146 2333 211 2375 10.,
241 2333 294 2367 17.
322 2332 489 2376 Augusti.
541 2331 653 2366 Paulo
688 2333 771 2366 ante
797 2331 980 2365 Kalendas
1005 2332 1192 2373 Augustas
1219 2328 1412 2364 cardinalis
1439 2327 1638 2361 Truchsess
1664 2326 1840 2370 Prospero

71 2387 117 2421 ab
144 2387 241 2420 Arcu
266 2387 397 2420 oratori
425 2396 592 2420 caesareo
620 2384 720 2426 dixit,
755 2385 960 2430 pontificem
994 2383 1196 2423 mandasse,
1231 2384 1272 2416 ut
1306 2382 1349 2415 de
1385 2381 1595 2415 haeresibus
1626 2391 1709 2422 „con
1746 2378 1841 2412 modi

73 2439 186 2474 dolci“
229 2439 435 2474 auferendis
469 2440 639 2482 ageretur
666 2437 704 2482 (1.
732 2450 761 2473 0.
788 2438 889 2481 xm).
940 2438 992 2471 Ac
1018 2436 1210 2471 cardinalis
1236 2435 1381 2479 quidem
1405 2434 1607 2467 Zacharias
1642 2433 1842 2476 Delphinus

75 2494 187 2528 Roma
209 2493 262 2528 11.
277 2492 497 2537 Septembris
519 2491 608 2526 1568
627 2491 670 2525 de
688 2491 852 2536 Scipione
872 2491 1094 2525 Lancellotto
1112 2489 1226 2523 Rotae
1245 2488 1416 2529 auditore,
1436 2487 1479 2521 ad
1498 2486 1784 2521 Maximilianum
1798 2485 1841 2519 Il.

72 2558 258 2581 caesarem
284 2549 321 2580 et
346 2546 389 2580 ad
416 2545 680 2579 Ferdinandum
707 2545 750 2578 Π.
778 2544 1004 2578 archiducem
1031 2544 1162 2587 legato,
1193 2541 1330 2576 caesari
1356 2540 1524 2585 scripsit:
1562 2540 1620 2582 „Li
1647 2539 1843 2573 consultori

73 2600 134 2634 del
157 2611 250 2645 papa
276 2599 369 2634 nelle
395 2611 477 2633 cose
503 2599 538 2632 di
557 2599 750 2633 Germania
775 2598 799 2632 li
826 2598 943 2632 hanno
970 2598 1060 2632 fatto
1085 2597 1171 2631 dare
1196 2607 1267 2630 una
1294 2594 1542 2629 commissione
1568 2594 1740 2636 rigorosa,
1767 2592 1843 2627 acio

75 2653 141 2688 che
167 2665 230 2698 per
255 2653 402 2696 via-ggio
428 2653 459 2687 51
494 2652 636 2686 informi
671 2651 756 2685 delli
782 2651 902 2685 disetti
937 2650 994 2684 del
1029 2650 1124 2684 clero
1160 2652 1196 2683 et
1226 2648 1285 2693 poi
1320 2648 1462 2692 impetri
1489 2646 1573 2681 dald
1599 2645 1646 2690 [‘?]
1675 2646 1717 2680 V.
1744 2645 1792 2679 M.
1819 2644 1844 2679 il

77 2707 218 2741 braccio
243 2706 406 2741 seculare
432 2717 495 2751 per
521 2704 727 2749 castigarli“
752 2704 791 2748 (l.
810 2716 839 2738 c.
859 2706 956 2745 xiv).
998 2703 1124 2748 Neque
1149 2705 1271 2736 tamen
1297 2701 1386 2736 haec
1412 2700 1524 2735 verba
1541 2711 1623 2734 cum
1640 2698 1765 2733 nuntio
1783 2698 1844 2732 illo

77 2760 134 2794 21.
160 2759 315 2803 Augusti
342 2760 451 2793 misso
477 2770 624 2804 prorsus
650 2769 812 2803 pugnare
838 2757 1024 2797 videntur;
1051 2768 1135 2790 nam
1160 2755 1361 2800 Delphinus
1387 2753 1602 2794 sacerdotes,
1638 2752 1699 2786 ille
1725 2754 1845 2786 autem

77 2813 301 2858 potissimum
326 2812 512 2858 episcopos
539 2814 575 2846 et
601 2812 750 2846 abbates
775 2812 929 2855 spectat.
966 2810 1156 2844 Caeterum
1182 2814 1280 2842 recte
1306 2810 1427 2841 monet
1453 2808 1622 2841 Schwarz
1642 2806 1679 2846 (l.
1699 2817 1729 2841 0.
1747 2806 1843 2848 xiv),

77 2867 171 2901 inter
196 2865 412 2911 Delphinum
439 2867 475 2899 et
492 2865 766 2899 Truchsessiurn
792 2864 887 2898 haud
914 2864 965 2897 ita
991 2863 1079 2897 bene
1106 2861 1328 2897 convenisse.
1372 2861 1460 2895 Cum
1480 2859 1621 2894 Canisio
1647 2859 1847 2905 Delphinus

76 2931 278 2954 sermonem
304 2918 505 2953 contulerat
533 2920 563 2953 1.
590 2918 745 2961 Augusti
774 2918 884 2957 156&
911 2928 946 2951 v.
973 2916 1076 2958 infra,
1103 2927 1196 2950 mon.
1223 2914 1262 2949 it.
1291 2913 1382 2958 (11).

198 2979 227 3010 a)
247 2979 386 3010 Sequitur
398 2977 550 3011 piazzeuo,
564 2978 652 3003 oblitt.
726 2975 756 3007 b)
777 2975 837 3010 pui,
851 2975 956 3009 presto
972 2976 1038 3000 libr.
1111 2975 1139 3006 c)
1160 2975 1225 3005 δὴ,-
1239 2973 1443 3005 corriyendum
1457 2980 1517 2998 esse
1531 2973 1664 2998 videtur:
1678 2968 1847 2998 attenderis.

77 3019 111 3053 d)
133 3020 380 3052 Corriycndumne
401 3019 439 3045 da
459 3021 502 3045 vel
523 3018 624 3044 dalla?

201 3099 211 3118 ¹
240 3097 292 3132 De
317 3096 424 3132 huius
450 3097 593 3141 generis
619 3095 766 3131 consilio
792 3107 856 3140 per
883 3094 1066 3129 Canisium
1093 3093 1175 3127 dato
1202 3105 1236 3128 v.
1264 3093 1367 3134 infra,
1393 3104 1487 3127 mon.
1514 3091 1552 3127 it.
1581 3091 1671 3136 (10).
