2044 3335
489 104 634 148 Dilinga
661 104 752 138 inter
778 116 824 139 m.
844 105 1002 150 Aprilem
1031 107 1066 139 et
1091 103 1324 139 Decembrem
1354 104 1455 139 1570.
1767 107 1852 147 413

83 221 234 275 possit,
277 220 532 275 praesertim
567 221 639 262 vbi
680 224 748 264 tot
789 222 1029 265 animarum
1072 221 1206 264 millia
1247 224 1444 275 pereunt,
1487 224 1531 263 et
1573 222 1625 263 ob
1659 220 1855 264 Pastoris

84 286 326 328 absentiam
350 299 466 336 oues,
501 285 713 340 simulque
738 287 941 330 Pastores
973 286 1200 329 inferiores
1234 286 1550 340 periclitantur.
1598 286 1857 339 Ignoscatur

83 351 188 392 mihi
221 356 407 404 quaeso¹²
438 350 573 393 libere
615 350 787 402 dicenti,
832 352 946 404 quod
978 352 1132 402 sentio,
1176 351 1277 404 quia
1318 365 1415 393 amo
1449 351 1680 393 Dominum
1713 364 1857 392 meum

85 414 356 457 Cardinalem
391 415 618 466 Othonem,
663 416 731 457 cui
772 430 876 470 prae
919 417 1116 459 omnibus
1158 415 1307 459 debeo.
1371 416 1547 458 Mallem
1590 429 1695 458 sane
1736 415 1856 457 illum

85 480 248 533 absque
280 480 360 522 hoc
382 480 650 535 Episcopatu
682 481 845 531 viuere,
879 495 1008 534 quam
1041 481 1132 523 solo
1166 481 1458 534 Episcopatus
1490 481 1618 524 titulo
1651 480 1857 534 gaudere.

86 548 130 587 et
162 559 266 587 oues
298 547 390 588 tam
421 545 696 599 negligenter
727 560 920 600 pascere,
955 560 1136 600 quarum
1169 545 1270 587 lana
1302 545 1489 589 victitat.
1540 546 1625 600 Alij
1660 548 1859 600 spectent

86 610 378 652 emolumenta
410 610 682 664 temporalia,
717 613 761 653 et
784 612 951 665 amplos
974 612 1187 664 quaerant
1208 610 1415 652 honores:
1450 624 1531 664 ego
1554 611 1749 654 futurum
1773 611 1858 653 cito

87 675 290 717 iudicium
309 682 331 726 ¹,
366 677 410 717 et
442 675 777 718 reddendam
809 679 1018 730 acceptae
1051 674 1436 718 uillicationis
1468 676 1788 727 rationem2,
1816 679 1860 718 et

87 743 268 795 paratas
308 754 471 794 poenas
513 741 627 783 malo
669 741 988 795 dispensatori3
1027 740 1265 790 considerO,
1308 740 1522 793 simulque
1564 741 1696 783 timeo
1730 740 1861 782 vehe-

87 808 269 848 menter.
333 805 542 847 Dominus
574 806 695 848 Iesus
736 806 907 860 aperiat
939 806 1086 848 oculos
1118 805 1255 855 nobis,
1299 807 1350 847 vt
1381 805 1572 848 debitam
1605 805 1860 853 Pastoralis,

89 873 133 913 et
178 870 451 924 Episcopalis
497 870 626 925 officij
671 871 886 914 rationem
931 870 1248 924 intelligamus,
1304 884 1467 924 nosque
1512 870 1762 924 diligentius
1807 870 1861 912 ad

88 935 335 990 spiritualia
366 935 650 986 restituenda,
686 938 730 978 et
762 936 1057 990 promouenda
1090 936 1479 979 accommodemus.
1513 960 1570 964 —
1602 960 1660 964 —

208 1015 376 1050 Fortasse
404 1015 570 1050 Canisius
605 1028 669 1060 per
694 1016 788 1050 banc
815 1017 1006 1062 epistulam
1039 1017 1083 1051 ad
1109 1016 1252 1051 litteras
1278 1017 1475 1062 respondit,
1511 1017 1642 1061 quibus
1668 1016 1860 1051 cardinalis

89 1069 121 1103 ei
147 1069 431 1112 significaverat,
466 1080 505 1103 se
540 1081 683 1114 operam
720 1069 899 1111 daturum,
935 1073 974 1104 ut
1001 1070 1069 1104 duo
1105 1070 1147 1104 de
1175 1069 1355 1105 Societate
1390 1070 1583 1105 dioecesim
1619 1073 1859 1115 augustanam

88 1122 238 1156 visitare
264 1122 472 1156 iuberentur
501 1122 551 1164 (v.
570 1133 679 1167 supra
706 1134 738 1167 p.
757 1122 856 1166 395).
890 1123 1094 1157 Admonitio
1121 1123 1210 1157 haec
1236 1123 1365 1158 similis
1391 1125 1447 1157 est
1472 1123 1528 1164 iis,
1555 1135 1647 1167 quae
1674 1124 1710 1157 in
1725 1124 1859 1158 Canisii

89 1175 254 1221 epistulis
281 1175 336 1209 21.
355 1175 477 1209 Martii
504 1176 596 1210 1558
623 1176 667 1209 ad
695 1176 844 1210 eundem
872 1176 1089 1211 cardinalem
1117 1179 1152 1210 et
1178 1178 1210 1210 5.
1229 1175 1445 1210 Novembris
1473 1177 1563 1211 1569
1591 1177 1635 1211 ad
1662 1177 1857 1211 Martinum

89 1228 301 1272 Eisengrein
328 1229 572 1273 praepositum
599 1229 827 1272 ottinganum
854 1230 948 1264 datis
974 1230 1144 1273 leguntur
1164 1230 1272 1273 (Can.
1290 1230 1323 1264 ΙΙ
1341 1230 1549 1270 228-230;
1577 1241 1686 1275 supra
1705 1243 1738 1275 p.
1758 1231 1858 1274 371).

89 1281 191 1316 Alias
229 1293 371 1326 quoque
409 1281 601 1316 cardinalis
627 1281 829 1317 Truchsess
866 1295 887 1317 a
914 1282 1057 1317 Canisio
1091 1283 1249 1317 monitus
1286 1285 1361 1324 est;
1401 1295 1435 1317 v.
1466 1284 1554 1317 Can.
1582 1284 1614 1318 11
1649 1284 1857 1319 295—296:

90 1334 140 1368 IV
167 1335 231 1375 32;
259 1334 293 1368 V
320 1335 340 1369 8
369 1336 432 1375 74;
468 1335 503 1369 id
529 1335 622 1379 quod
649 1335 726 1380 ipse
753 1347 773 1370 a
800 1336 944 1371 Canisio
971 1336 1136 1382 petebat;
1172 1337 1216 1370 cf.
1249 1338 1334 1371 Can.
1362 1336 1412 1371 IV
1438 1337 1508 1371 410
1535 1337 1622 1378 814;
1651 1337 1682 1370 V
1709 1338 1748 1378 8;
1777 1338 1859 1372 1)υηί

91 1399 232 1432 quoque
259 1388 470 1423 consulebat
495 1388 601 1423 huius
627 1389 696 1422 viri
723 1389 956 1430 monitiones:
985 1402 1018 1425 V.
1050 1391 1136 1424 Can.
1164 1390 1214 1424 IV
1242 1390 1306 1428 322
1335 1390 1366 1424 V
1395 1390 1449 1425 74.
1493 1390 1617 1435 Neque
1644 1392 1761 1425 iustae
1787 1403 1860 1426 mo-

90 1442 197 1476 nendi
223 1443 381 1476 rationes
408 1442 551 1477 Canisio
578 1442 737 1476 deerant.
765 1443 964 1477 Concilium
996 1444 1089 1478 enim
1116 1444 1351 1478 tridentinum
1377 1446 1452 1477 tum
1484 1443 1772 1489 „pluralitatem“
1803 1445 1860 1479 be-

91 1495 297 1530 neficiorum
324 1495 650 1530 ecclesiasticorum
678 1495 910 1541 prohibuerat
938 1497 988 1541 (v.
1011 1498 1099 1531 Can.
1114 1497 1147 1531 V
1170 1497 1388 1541 201-202),
1415 1500 1502 1538 tum,
1529 1498 1756 1540 gravissimis
1783 1510 1861 1543 pro-

91 1549 220 1594 positis
238 1549 373 1594 poenis,
397 1548 700 1591 „declaraverat“‚
728 1561 849 1583 omnes
868 1550 1064 1595 episcopos,
1089 1551 1217 1592 „etiam
1235 1550 1264 1585 si
1285 1549 1405 1585 Sanct.
1421 1550 1523 1584 Rom.
1539 1550 1633 1585 Eccl.
1650 1551 1861 1586 Cardinales

90 1603 174 1644 sint,
201 1602 354 1646 obligari
380 1602 424 1636 ad
451 1602 675 1647 personalem
701 1603 737 1637 in
763 1615 829 1637 sua
856 1604 1030 1645 Ecclesia,
1058 1604 1117 1638 vel
1142 1604 1306 1638 Dioecesi
1333 1605 1575 1647 residentiam,
1614 1605 1675 1639 ubi
1702 1605 1862 1651 injuncto

90 1656 159 1690 sibi
186 1656 303 1690 officio
330 1655 479 1699 defungi
505 1658 705 1697 teneantur,
732 1668 849 1701 neque
876 1657 1003 1691 abesse
1030 1669 1145 1702 posse,
1172 1658 1239 1692 nisi
1268 1670 1312 1692 ex
1339 1658 1458 1693 causis
1485 1660 1521 1692 et
1547 1659 1680 1692 modis²
1712 1659 1756 1693 ab
1783 1660 1861 1704 ipso

90 1709 240 1744 concilio
266 1709 455 1743 recensitis
485 1709 589 1753 (sess.
617 1710 661 1744 23
689 1710 732 1744 de
758 1710 823 1745 ref.
851 1722 879 1745 o.
901 1711 937 1747 1:
966 1711 1012 1745 cf.
1039 1723 1128 1745 sess.
1156 1711 1177 1745 6
1204 1711 1247 1745 de
1274 1711 1339 1745 ref.
1367 1723 1396 1746 c.
1418 1713 1466 1754 1).
1510 1711 1596 1746 Otto
1623 1715 1754 1753 autem,
1781 1725 1862 1747 cum

90 1764 234 1807 praeter
261 1763 507 1808 episcopatum
533 1765 776 1806 augustanum
816 1766 852 1798 et
879 1765 1163 1809 praeposituram
1192 1764 1449 1808 elvangensem
1479 1765 1535 1808 (ut
1560 1765 1650 1799 nihil
1677 1766 1793 1799 dicam
1820 1766 1862 1800 de

91 1816 173 1850 aliis
199 1815 276 1850 eius
301 1816 432 1850 officiis
458 1816 732 1861 beneficiisque;
761 1818 803 1851 de
831 1818 960 1861 quibus
987 1818 1033 1852 cf.
1056 1819 1145 1852 Can.
1165 1818 1318 1861 112291)
1348 1818 1635 1853 suburbio-arium
1662 1819 1761 1853 illum
1791 1820 1861 1864 epi-

91 1872 279 1914 scopatum
305 1869 536 1904 albanensem
564 1870 714 1904 haberet
748 1873 784 1904 et
814 1874 1016 1916 „protector
1041 1872 1200 1905 nationis
1226 1872 1473 1914 germanica&
1513 1872 1606 1917 apud
1633 1873 1754 1907 sedem
1781 1885 1861 1918 apo-

91 1922 258 1957 stolicam
293 1926 400 1965 esset,
436 1935 481 1957 m.
509 1923 604 1957 Maio
634 1924 724 1958 1568
760 1936 805 1958 ex
831 1924 985 1959 dioecesi
1012 1927 1216 1968 augustana
1242 1924 1392 1959 Romam
1425 1925 1643 1960 discesserat
1671 1926 1730 1969 [cf.
1758 1926 1863 1967 infra,

93 1988 187 2010 mon.
206 1976 245 2010 it.
267 1975 355 2021 (3)];
392 1988 500 2011 unam
535 1979 656 2011 tamen
684 1989 728 2011 ex
756 1978 958 2023 praecipuis
984 1978 1091 2012 huius
1118 1978 1349 2023 profectionis
1376 1979 1496 2013 causis
1522 1991 1600 2013 eam
1627 1980 1741 2014 fuisse
1767 1983 1863 2025 puto,

93 2041 185 2074 quae
211 2030 247 2063 in
273 2030 514 2064 additionibus
541 2030 1036 2066 ChroniciTruchsessiorum
1065 2032 1365 2077 pappenhemiani
1392 2032 1448 2066 liis
1474 2033 1595 2067 verbis
1620 2033 1863 2076 significatur:

98 2082 363 2125 „Unterdessen
390 2095 465 2117 war
490 2083 552 2117 der
578 2084 748 2119 Cardinal
783 2085 919 2119 sowohl
954 2085 1067 2119 durch
1094 2086 1150 2119 die
1177 2097 1329 2129 grossen
1356 2086 1566 2130 Stiftungen
1602 2098 1644 2120 zu
1671 2087 1865 2130 Dillingen,

93 2136 149 2171 als
184 2137 295 2171 durch
332 2137 389 2171 die
415 2137 618 2181 vielfaltige
654 2138 785 2172 andere
812 2138 1067 2183 nothwendige
1095 2138 1266 2174 Gebaiide
1301 2139 1503 2183 dergestalt
1537 2140 1573 2173 in
1600 2140 1778 2174 Schulden
1806 2141 1870 2174 auf

94 2190 159 2224 das
185 2201 275 2224 neue
301 2190 487 2233 gerathen,
525 2191 609 2225 dass
636 2203 675 2225 er
700 2191 759 2225 fiir
785 2192 1018 2236 nothwendig
1045 2193 1141 2234 fand,
1178 2192 1256 2227 sich
1282 2193 1477 2227 wiederum
1504 2194 1569 2227 auf
1592 2194 1670 2228 eine
1697 2194 1771 2228 Zeit
1798 2206 1867 2227 von

94 2244 231 2278 seinem
258 2243 444 2278 Bissthum
471 2255 514 2277 zu
541 2245 740 2286 entfernen,
776 2257 837 2280 um
871 2246 950 2280 sich
976 2246 1169 2280 hierdurch
1205 2248 1268 2280 der
1294 2247 1574 2290 aufgewandten
1601 2247 1790 2282 Unkosten
1826 2260 1868 2281 zu

95 2297 252 2339 erholen,
280 2297 383 2331 einen
410 2297 569 2332 Vorrath
593 2310 664 2332 von
690 2298 872 2333 Friichten
899 2312 942 2334 zu
968 2300 1155 2341 sammeln,
1183 2300 1254 2334 und
1281 2301 1348 2334 mit
1373 2300 1521 2335 solchen
1548 2301 1684 2335 sodann
1712 2302 1768 2335 die
1794 2303 1869 2335 auf-

96 2351 323 2395 gelauffenen
367 2350 547 2385 Schulden
590 2352 783 2386 wiederum
826 2353 1069 2387 abzufnh1·en“
1113 2353 1247 2396 (Herrn
1286 2354 1488 2388 Matthaeus
1526 2365 1591 2388 von
1634 2355 1871 2398 Pappenlzeim

96 2404 256 2439 Chronik
282 2404 345 2438 der
370 2404 618 2439 Truchsessen
644 2417 714 2439 von
742 2405 954 2450 Waldburg,
984 2407 1097 2441 durch
1124 2407 1417 2450 Anmerkungen,
1444 2408 1576 2441 Zusaze
1687 2409 1871 2449 erla‘utert,

96 2458 339 2501 Memmingen
369 2458 471 2499 1777,
500 2459 595 2502 116).
639 2458 764 2503 Neque
790 2459 934 2494 dubium
964 2463 1030 2501 est,
1057 2460 1143 2504 quin
1170 2461 1364 2495 cardinalis
1392 2472 1470 2494 cum
1498 2461 1532 2496 S.
1552 2460 1607 2495 Pii
1622 2460 1666 2496 V.
1693 2462 1872 2506 pontificis

97 2512 203 2546 venia
239 2514 275 2546 et
301 2511 568 2556 dispensatione
594 2511 729 2547 Romae
760 2513 953 2553 manserit;
989 2514 1120 2548 ibidem
1148 2515 1180 2548 2.
1200 2514 1337 2560 Aprilis
1367 2514 1457 2549 1570
1487 2526 1570 2566 „per
1596 2515 1797 2559 optionem“
1828 2528 1871 2550 ex

97 2565 283 2600 albanensi
310 2565 477 2610 episcopo
503 2564 706 2600 sabinensis
732 2566 852 2600 factus
879 2568 915 2600 et
940 2567 973 2601 3.
1000 2567 1081 2601 Iulii
1110 2568 1201 2602 1570
1241 2579 1286 2601 ex
1312 2568 1495 2602 sabinensi
1523 2568 1676 2602 ecclesia
1702 2569 1745 2602 ad
1772 2581 1871 2614 prae-

96 2619 276 2652 nestinam
312 2618 513 2652 translatus
549 2621 623 2659 est;
661 2619 967 2654 archisodalitatis
1003 2631 1144 2664 quoque
1185 2621 1457 2662 „sanctissimae
1484 2621 1673 2656 Trinitatis
1701 2622 1872 2657 Convale-

98 2671 276 2706 scentium
303 2672 346 2706 de
373 2671 488 2705 Urbe“
519 2672 755 2717 patrocinium
788 2673 947 2718 suscepit
977 2673 1099 2717 (Alpa.
1131 2674 1295 2708 Cz’aconii
1320 2673 1361 2708 O.
1384 2674 1440 2709 Pr.
1457 2674 1573 2717 Vitae,
1601 2678 1636 2709 et
1662 2687 1721 2710 res
1747 2679 1872 2719 gestae

102 2725 316 2759 Pontificum
344 2725 584 2759 Romanorum
611 2728 647 2760 et
674 2726 707 2760 S.
723 2726 765 2760 R.
781 2726 820 2761 E.
837 2726 1091 2764 Cardinalium.
1119 2727 1163 2761 ab
1183 2730 1275 2771 Any.
1294 2729 1444 2762 Oldoino
1471 2727 1504 2762 S.
1520 2729 1552 2763 J.
1580 2730 1787 2773 recognitae
1810 2731 1872 2764 ΙΙΙ.

99 2779 234 2813 Romae
264 2779 366 2820 1677,
403 2779 483 2813 695.
535 2779 737 2814 Cardinalis
767 2781 843 2814 Otto
870 2780 1046 2814 ''f-‘Alberto
1074 2780 1117 2815 V.
1145 2781 1236 2821 duci,
1274 2781 1388 2816 Roma
1418 2783 1470 2817 15.
1491 2783 1627 2828 Aprilis
1663 2787 1697 2818 et
1734 2784 1765 2819 8.
1793 2784 1872 2819 Iulii

101 2833 211 2873 1570;
239 2832 417 2877 epistulae
444 2835 585 2876 autogr.
611 2833 633 2868 l.
661 2845 691 2868 c.
713 2832 760 2877 [ν.
780 2845 889 2879 supra
915 2845 948 2879 p.
968 2834 1050 2877 366]
1078 2834 1102 2868 f.
1131 2834 1217 2869 263‘2
1245 2834 1360 2879 Sllb).

222 2898 249 2928 a)
271 2904 385 2929 quaeso
404 2896 481 2923 mihi
502 2898 538 2922 II.

224 2995 231 3013 ¹
258 2992 460 3027 Cardinalis
487 2993 519 3027 2.
538 2993 672 3038 Aprilis
703 2994 792 3028 1573
818 2996 981 3029 mortuus
1009 2997 1074 3029 est.

222 3101 234 3120 ³
259 3046 391 3134 161111Ξὲ
416 3046 473 3141 12
500 3100 662 3140 42-48;
694 3101 708 3134 1
738 3100 807 3134 coz·
831 3101 863 3141 4,
894 3102 908 3135 1
939 3101 970 3135 2.
