2044 3335
167 100 252 140 452
738 95 837 129 1742.
871 94 1034 129 Canisius
1062 94 1282 129 Ferdinando
1309 95 1352 129 ΙΙ.

167 214 313 256 facere
346 213 681 256 detrimentum?
730 212 821 253 Iam
854 225 957 253 vero
991 211 1193 263 quoniam
1216 210 1516 253 Centuriarum
1549 210 1647 252 libri
1679 210 1847 263 syluam
1883 212 1928 252 et

168 278 394 321 materiam
418 276 671 319 confutandi
694 276 1006 330 amplissimam
1029 275 1264 326 continent,
1300 278 1344 317 et
1376 290 1430 317 ex
1462 275 1514 328 ijs
1547 274 1740 317 infinitae
1772 288 1927 329 prope-

168 344 339 385 modum
373 342 647 395 corruptelae
679 343 862 394 possunt
895 340 1102 390 ostendi³³,
1147 340 1254 381 satis
1294 339 1417 381 nobis
1458 340 1501 381 in
1543 340 1792 393 praesentia
1834 339 1927 381 fore

169 408 410 456 videbatur,
451 406 486 447 si
519 405 707 447 maxime
739 405 977 448 honoratas
1011 405 1240 457 Euangelij
1274 418 1495 458 personaS,
1540 404 1592 446 de
1625 404 1779 457 quibus
1810 406 1927 446 trac-

168 472 277 514 tatio
318 471 621 512 institueretur
653 470 775 512 nobis
807 483 1158 524 proponeremus,
1202 483 1395 523 quasque
1437 469 1491 510 ab
1532 469 1714 511 istorum
1746 469 1927 522 iniurijs,

169 539 377 590 quantum
422 536 464 576 in
510 535 630 576 nobis
674 538 803 586 esset,
846 535 993 577 diuina
1035 548 1115 588 ope
1161 534 1325 584 confisi,
1368 534 1590 575 vindicare
1633 533 1928 576 conaremurb.

168 602 288 643 lnter
329 600 407 642 has
452 614 555 642 vero
597 600 781 654 primum
823 600 975 642 Ioanni
1017 599 1245 653 Baptistae
1287 599 1426 640 locum
1469 598 1710 649 tribuimus,
1753 598 1805 639 de
1846 611 1930 651 quo

168 670 257 710 tam
281 666 419 708 multa
452 668 496 708 et
518 665 773 707 admiranda
805 665 928 707 nobis
952 665 1181 718 Euangelij
1204 663 1438 718 scriptores
1460 663 1748 713 tradiderunt,
1781 677 1929 717 quem-

170 745 252 785 que
276 731 472 773 Christus
504 730 596 784 ipse
621 730 808 773 caeteris
830 729 1086 772 mortalibus
1119 729 1278 771 illustri
1301 728 1625 783 praedicatione
1657 728 1785 782 longe
1808 731 1931 770 ante—

168 796 313 850 posuit
330 798 355 838 1.
402 795 506 837 Eius
539 799 684 838 autem
718 809 802 836 non
837 795 974 836 solum
1000 794 1202 836 eximiam
1225 795 1343 836 vitae
1375 793 1665 836 innocentiam
1698 797 1742 835 et
1773 793 1934 835 sancti-

169 865 306 904 tatem
339 861 393 903 ab
425 860 521 902 istis
543 860 756 902 maleuole
791 863 1086 914 oppugnatam
1111 859 1394 909 defendimus,
1429 859 1504 900 sed
1539 861 1583 901 et
1615 861 1789 901 caetera
1822 871 1932 911 quae

171 926 222 967 de
254 926 328 967 illo
360 926 403 967 in
436 925 571 967 sacris
604 925 742 967 literis
775 925 1031 979 perscripta,
1080 925 1133 966 ab
1166 924 1262 966 istis
1295 938 1398 965 vero
1432 923 1660 976 insigniter
1693 923 1933 977 deprauata

171 993 272 1033 sunt
304 1004 359 1032 ex
394 991 570 1032 Patrum
604 990 742 1043 magis
775 1004 902 1043 quam
936 994 1087 1032 nostra
1120 989 1350 1039 sententia,
1391 989 1606 1031 voluimus
1638 987 1931 1042 interpretari.

170 1055 323 1109 Neque
357 1055 470 1097 enim
503 1069 581 1097 nos
613 1055 727 1109 fugit
759 1069 886 1108 quam
921 1055 1144 1108 praeclare
1178 1054 1349 1104 dixerit,
1383 1068 1547 1107 suoque
1580 1053 1779 1107 exemplo
1813 1053 1933 1095 Chri-

171 1121 336 1163 stianos
369 1134 517 1162 omnes
549 1120 822 1162 admonuerit
845 1120 1032 1162 Basilius
1055 1134 1159 1162 vere
1181 1133 1377 1172 magnus,
1413 1133 1508 1161 cum
1541 1119 1595 1160 ad
1619 1118 1931 1160 Antiochenam

172 1186 411 1228 Ecclesiam
451 1186 514 1228 ita
555 1185 747 1240 scripsit:
794 1186 937 1227 Πίστιν
979 1186 1023 1226 δὲ
1064 1187 1183 1241 ἡμεῖς
1223 1184 1319 1226 οὔτε
1362 1183 1460 1241 παρ’
1495 1184 1631 1225 ἄλλων
1668 1185 1933 1239 γραφομένην

172 1253 266 1308 ἡμῖν
314 1250 528 1307 νεωτέραν
575 1251 923 1307 παραδεχόμεθα,
971 1249 1066 1291 οὔτε
1116 1251 1232 1291 αὐτοὶ
1280 1251 1330 1290 τὰ
1375 1253 1444 1306 τῆς
1489 1249 1702 1306 ἡμετέρας
1749 1248 1936 1297 διανοίας

175 1317 410 1372 γεννήματα
444 1316 722 1372 παραδιδόναι
756 1317 992 1371 τολμῶμεν,
1037 1315 1102 1356 ἵνα
1132 1317 1190 1370 μὴ
1224 1316 1473 1370 ἀνθρώπινα
1506 1314 1748 1367 λογίζωνται
1783 1314 1832 1354 τὰ
1866 1317 1936 1371 τῆς

174 1381 394 1434 εὐσεβείας
436 1382 626 1438 ῥήματα,
674 1379 760 1422 ἀλλ’
796 1382 906 1436 ἅπερ
956 1382 1071 1437 παρὰ
1116 1384 1198 1421 τῶν
1242 1380 1371 1433 α’γὶων
1416 1383 1588 1435 πατρῶν
1634 1379 1934 1433 ὂεόιόαἷγμεῦα,

175 1449 304 1487 ταῦτα
338 1450 422 1495 τοῖς
463 1448 680 1502 ἐρωτῶσιν
712 1448 821 1502 ἡμᾶς
853 1446 1191 1501 ὃιαγγέλλομενῖ.
1259 1446 1352 1486 Hoc
1395 1448 1484 1486 est:
1527 1444 1621 1485 Nos
1663 1458 1766 1485 vero
1808 1444 1935 1485 fidem

172 1525 309 1564 neque
343 1512 396 1553 ab
430 1511 526 1565 alijs
559 1511 780 1564 scriptam,
816 1511 939 1553 nobis
974 1511 1182 1553 nouitiam
1217 1510 1499 1559 admittimus,
1534 1523 1672 1562 neque
1703 1509 1784 1562 ipsi
1817 1522 1936 1550 men-

178 1576 235 1618 tis
279 1580 456 1619 nostrae
500 1576 697 1629 germina
743 1576 833 1617 siue
879 1575 1169 1628 cogitationes
1215 1575 1389 1617 tradere
1438 1575 1664 1624 audemus,
1710 1576 1760 1616 vt
1803 1573 1937 1615 verba

179 1641 421 1694 religionise
454 1641 642 1683 humana
675 1644 920 1683 commenta
952 1655 1047 1683 esse
1088 1655 1174 1682 non
1208 1639 1534 1682 existimentur:
1578 1653 1727 1680 verum
1761 1653 1871 1691 quae
1913 1652 1938 1680 a

180 1706 342 1749 sanctis
378 1707 578 1749 Patribus
611 1706 754 1748 edocti
786 1720 946 1756 sumus,
990 1721 1041 1748 ea
1082 1705 1452 1758 interrogantibus
1494 1719 1572 1746 nos
1613 1704 1936 1746 annunciamus.

180 1771 276 1813 Etsi
320 1785 422 1813 vero
469 1785 564 1812 cum
605 1771 790 1826 primum
831 1771 929 1813 huic
971 1771 1090 1825 operi
1131 1785 1284 1813 manus
1325 1771 1620 1819 admouerem,
1666 1770 1795 1822 plane
1837 1783 1937 1809 con-

181 1836 381 1879 stitutum
423 1836 657 1887 habebam,
701 1836 926 1889 grauiores
969 1836 1186 1878 duntaxat
1229 1835 1578 1877 Centuriatorum
1620 1847 1788 1875 errores
1829 1833 1938 1874 indi-

183 1915 300 1949 care;
344 1905 491 1943 tamen
533 1902 575 1942 in
617 1915 851 1955 progressu
892 1915 976 1942 non
1018 1901 1140 1955 potui
1180 1915 1266 1942 non
1310 1902 1479 1942 mutare
1521 1898 1766 1947 consilium,
1809 1912 1937 1952 prop-

182 1971 304 2009 terea
346 1966 458 2019 quod
500 1980 547 2008 re
587 1966 682 2020 ipsa
723 1966 1011 2020 conperirem,
1057 1966 1291 2020 plaeraque
1336 1966 1389 2007 ab
1433 1964 1519 2006 illis
1560 1963 1760 2014 adferrid,
1807 1970 1939 2016 quaee

183 2046 278 2074 cum
317 2030 488 2073 multisf
517 2034 663 2073 essent
696 2031 951 2081 communia,
995 2045 1190 2084 quaeque
1233 2031 1287 2072 ab
1329 2030 1426 2083 alijs
1468 2032 1686 2071 sectarum
1719 2029 1941 2081 magistris

183 2097 294 2138 male
328 2099 508 2150 accepta
540 2096 621 2150 ipsi
655 2096 776 2150 peius
808 2095 1096 2138 imitarentur.
1144 2096 1284 2145 Quare
1317 2095 1398 2136 huc
1432 2095 1562 2137 etiam
1586 2093 1758 2136 deducti
1779 2108 1939 2145 sumus,

183 2166 231 2204 vt
263 2162 318 2204 ad
350 2162 587 2215 scriptores
620 2161 728 2203 alios
760 2175 910 2209 nouos,
945 2161 1016 2213 qui
1049 2161 1315 2203 Catholicam
1351 2160 1591 2202 doctrinam
1625 2159 1772 2201 multis
1804 2159 1941 2201 modis

184 2230 449 2282 oppugnant,
492 2229 537 2268 et
578 2240 714 2279 aeque
758 2226 893 2268 sicutg
934 2226 1271 2274 Centuriatooes,
1317 2228 1464 2279 spreto
1507 2224 1728 2266 Ecclesiae
1771 2224 1940 2275 iudicio,

185 2293 305 2334 verbi
345 2291 477 2333 diuini
509 2294 553 2333 et
586 2291 811 2344 Euangelij
847 2291 1017 2332 nomine
1050 2291 1131 2332 sibi
1164 2290 1485 2344 maximopereh
1516 2289 1806 2340 blandiuntur,
1841 2289 1942 2330 sub-

183 2359 282 2400 inde
305 2356 641 2411 digrederemur.
687 2356 853 2398 Horum
887 2370 966 2409 ego
990 2355 1231 2398 sententias
1262 2355 1377 2397 inter
1398 2368 1445 2396 se
1469 2356 1757 2408 comparatas,
1791 2367 1943 2408 saepe-

186 2437 362 2465 numero
408 2421 622 2472 diuersas,
669 2435 973 2473 nonnunquam
1023 2422 1149 2474 plane
1191 2421 1450 2469 contrarias,
1498 2420 1550 2461 de
1592 2420 1753 2461 Ioanne
1797 2421 1940 2461 autem

186 2491 334 2530 nostro
377 2487 487 2529 mira
520 2486 731 2539 quaedam
766 2488 810 2528 et
841 2486 1056 2528 inauditai
1089 2486 1350 2534 effutientes,
1394 2485 1464 2527 etk
1496 2484 1720 2526 historiam
1755 2483 1944 2525 demum¹

305 2562 332 2593 a)
353 2560 483 2594 proferri
503 2564 519 2586 3
539 2564 563 2586 4.
638 2560 667 2593 b)
687 2560 849 2586 videbatur
869 2561 942 2590 fore,
963 2561 989 2586 si
1009 2560 1045 2585 ad
1067 2560 1195 2586 maxime
1216 2560 1382 2585 honoratas
1401 2558 1557 2591 Euangelij
1577 2565 1724 2591 personas
1744 2565 1799 2584 nos
1819 2565 1945 2584 conuer—

186 2604 328 2632 teremus,
349 2610 460 2635 easque
481 2603 584 2628 diuina
604 2609 658 2635 ope
680 2603 785 2628 confisi
804 2601 1002 2628 vindicandas
1023 2601 1111 2628 nobis
1133 2608 1372 2635 proponeremus
1392 2603 1408 2626 3
1421 2603 1446 2626 4.
1511 2603 1536 2632 c)
1558 2599 1702 2632 religonis
1723 2603 1746 2625 1.
1811 2600 1840 2629 d)
1863 2599 1944 2633 quod

188 2652 239 2669 eos
260 2652 292 2669 re
312 2644 377 2677 ipsa
397 2644 604 2677 comperirem,
624 2643 787 2676 plaeraque
808 2644 928 2669 adferre
948 2646 964 2668 2
978 2646 994 2668 3
1009 2645 1033 2668 4.
1094 2644 1121 2675 e)
1143 2650 1219 2675 quae
1240 2642 1299 2667 illis
1319 2645 1353 2673 2;
1373 2649 1448 2674 quae
1470 2641 1543 2674 ipsis
1564 2644 1580 2666 3
1593 2643 1617 2666 4.
1675 2641 1701 2673 f)
1722 2643 1756 2666 In
1777 2644 1794 2666 3
1807 2644 1822 2666 4
1842 2643 1945 2667 addita

187 2689 252 2709 snm
276 2694 332 2710 vu:
352 2693 445 2718 aeque
467 2685 715 2711 coeeutientibus.
811 2686 841 2717 g)
862 2686 893 2710 et
915 2684 1039 2718 perinde
1060 2692 1093 2710 ac
1113 2687 1129 2710 3
1144 2687 1169 2709 4.
1243 2684 1273 2717 h)
1293 2684 1453 2716 tantopere
1473 2685 1489 2708 3
1503 2685 1527 2708 4.
1595 2683 1615 2715 i)
1636 2684 1671 2708 In
1691 2687 1707 2708 3
1721 2685 1735 2707 4
1757 2683 1859 2708 addita
1878 2687 1946 2708 sunt

191 2735 248 2751 mv..-
273 2726 326 2751 sed
353 2728 382 2752 et
409 2727 533 2752 ridicula
553 2734 679 2759 prorsus
699 2727 870 2752 commenta
890 2727 921 2751 et
941 2734 1040 2752 sensa.
1114 2725 1144 2758 k)
1165 2732 1218 2750 nec
1240 2725 1339 2750 minus
1359 2727 1375 2749 3
1389 2727 1413 2749 4.
1488 2724 1507 2750 1)
1529 2726 1589 2749 Hoc
1610 2733 1632 2749 r.
1653 2732 1706 2749 non
1727 2728 1768 2749 est
1790 2725 1817 2749 in
1838 2727 1854 2749 3
1869 2727 1892 2749 4.

312 2819 320 2836 ¹
351 2818 494 2857 ἩΑιῃευ,
514 2817 590 2850 dico
609 2817 730 2851 vobis:
757 2828 826 2850 non
845 2816 1004 2850 surrexit
1021 2816 1114 2849 inter
1132 2817 1236 2849 natos
1254 2814 1441 2848 mulierum
1461 2814 1572 2848 maior
1590 2815 1720 2848 Ioanne
1738 2813 1921 2858 Baptista⁴⁴
1940 2829 1946 2848 :

191 2869 243 2902 Mt
272 2870 323 2909 11,
345 2871 397 2902 11.

309 2922 322 2941 ²
348 2922 410 2965 Ep.
433 2923 497 2956 140
520 2921 624 2964 (alias
644 2923 702 2965 601)
723 2934 756 2956 n.
776 2922 807 2956 2.
843 2922 881 2956 In
910 2922 1062 2956 editione
1089 2933 1109 2954 a
1135 2920 1318 2954 monachis
1337 2919 1378 2954 O.
1393 2920 1426 2954 S.
1442 2920 1481 2954 Β.
1510 2919 1682 2953 maurinis
1707 2919 1804 2953 facta
1824 2920 1946 2953 eadem

192 2977 275 3008 sunt
301 2975 421 3013 verba,
448 2978 699 3018 praeterquam
727 2975 820 3018 quod
847 2987 909 3019 pro
935 2976 1140 3018 λογίζωνταε
1168 2974 1322 3019 positum
1350 2976 1406 3007 est
1432 2975 1640 3018 ποιήσωμεν,
1668 2975 1704 3006 et
1725 2985 1788 3017 pro
1807 2978 1947 3018 πατρῶν

192 3028 364 3071 scriptum
400 3031 454 3060 est
492 3027 682 3071 ΙΙιιτέΔιιων,ι
717 3029 759 3061 ad
797 3030 995 3072 ποιήσωμεν
1031 3029 1150 3061 autem
1188 3028 1302 3061 editor
1335 3027 1518 3060 maurinus
1553 3026 1642 3060 haec
1668 3026 1833 3060 adnotat:
1875 3026 1948 3068 „lta

192 3083 328 3125 septem
356 3091 448 3114 mss:
475 3080 565 3113 unde
592 3080 699 3113 miror
726 3081 795 3123 legi
822 3081 856 3113 in
884 3081 988 3114 editis
1015 3081 1239 3124 Aayc'g‘mwst
1272 3081 1418 3123 (Illique,
1445 3079 1483 3113 Ρ.
1503 3091 1556 3122 gr.
1581 3078 1716 3113 XXXII
1743 3078 1840 3122 588).
