2044 3335
180 122 265 165 740
649 122 743 156 Mon.
773 121 864 156 1080
889 122 967 156 sive
993 133 1069 157 var.
1091 122 1181 167 (16).
1228 123 1471 158 1565—1570.

177 239 232 280 acl
275 238 530 291 colloquium
563 237 750 287 admisit,
795 237 865 290 qui
906 240 1053 280 tamen
1090 252 1194 292 prae
1227 240 1414 283 caeteris
1445 241 1637 293 idoneus,
1681 242 1750 296 qui
1785 242 1938 285 admit-

175 307 356 352 teretur,
399 302 535 344 videri
577 304 773 356 poterat;
815 317 954 356 neque
997 303 1108 345 enim
1146 307 1242 347 erat
1282 305 1355 347 ille
1388 305 1621 360 Hispanus,
1664 309 1740 350 aut
1773 307 1935 358 Gallus,

175 372 251 411 aut
270 369 428 416 Jtalus,
459 367 529 420 qui
554 367 666 421 apud
688 367 917 421 plerosque
941 368 1179 410 Germanos
1201 369 1417 424 principes
1439 374 1540 414 sunt
1561 386 1713 425 parum
1736 372 1887 425 grati..
1905 407 1936 414 ..

175 434 279 475 Cum
311 433 362 475 R.
397 433 443 474 P.
477 432 612 473 Paulo
645 446 748 474 uero
789 434 916 475 tanta
955 432 1257 476 familiaritate
1289 435 1383 488 agit
1424 438 1468 478 et
1508 439 1673 478 tractat
1715 437 1846 479 etiam
1885 437 1936 479 de

174 498 362 551 negotijs
393 497 581 539 maxime
613 497 772 548 arduis,
806 501 855 540 vt
887 498 1040 540 maiori
1071 498 1147 540 vix
1178 499 1328 553 possit.

293 572 412 607 Facile
437 574 537 617 patet
564 571 710 606 Hoffaeo
736 573 939 618 praeposito
966 573 1176 618 provinciali
1201 574 1260 609 hic
1286 575 1415 620 opponi
1442 574 1624 610 Canisium
1659 576 1935 621 provincialem3

174 626 340 662 Canisius
366 628 485 660 autem
512 637 542 660 a.
572 626 804 661 1556—1569
831 627 865 660 id
892 626 1050 661 officium
1076 627 1202 661 tenuit.

175 746 317 784 1080
344 749 423 784 sive
448 758 563 784 var.
584 748 713 794 (16).
787 748 1012 785 1565—1570.

293 814 349 848 Ex
374 814 617 860 autographis.
670 813 710 848 G.
738 814 803 859 Ep.
829 814 908 849 coll.
934 814 951 848 Ι
976 815 1000 848 f.
1028 815 1113 849 255³
1138 815 1232 850 257³.

292 875 374 908 Duo
401 875 498 909 Socii
523 879 743 918 queruntur:
777 876 818 908 Ct
843 875 1023 917 dilinyani
1049 876 1146 909 Socii
1177 876 1300 918 oppidi
1324 876 1466 919 eiusque
1499 876 1650 909 τῖε-ιἠἰαε
1676 887 1797 909 curam
1826 877 1934 920 meyle—

170 932 291 971 flerent
317 932 347 961 et
371 933 442 961 tota
464 929 652 971 provincia
673 938 806 970 parum
821 929 1019 971 proficeret,
1044 929 1179 970 factum
1206 939 1275 961 esse
1298 929 1507 962 Theodorici
1526 929 1665 962 canisii
1689 930 1934 972 trepidationi-

173 981 236 1014 bus
262 987 291 1014 et
317 982 415 1014 Petri
444 981 580 1014 Cam'sz'i
607 982 752 1023 neyotiis
777 986 1003 1014 externormn
1031 982 1292 1024 occupatissimi
1317 983 1356 1014 in
1380 982 1535 1024 fratrem·
1559 983 1792 1025 inclulyentia.
1824 1025 1827 1026 .

292 1042 340 1083 P.
364 1043 578 1083 Antonius
609 1041 857 1083 Balcluimts
888 1043 972 1084 sire
1001 1042 1297 1083 Brabantinus
1318 1043 1362 1084 S.
1385 1042 1429 1085 J.
1461 1044 1531 1084 23.
1555 1043 1796 1085 Decembris
1820 1045 1935 1085 1570

171 1107 368 1161 Dilinqcz,
414 1106 487 1148 ubi
530 1106 768 1161 „professor
805 1107 996 1162 physices
1039 1112 1073 1148 et
1114 1106 1400 1160 confessarius
1443 1107 1748 1150 Germanicus“
1796 1113 1885 1149 erat
1906 1111 1932 1161 1,

172 1172 349 1213 Romam
392 1173 450 1213 acl
491 1173 534 1215 S.
570 1172 845 1214 Francisomn
889 1173 1092 1226 Borqiam
1131 1174 1418 1227 praepositum
1456 1173 1692 1227 qeneralem
1736 1173 1785 1214 de
1828 1176 1933 1214 anni

172 1239 376 1292 rergyentz’s
408 1237 531 1278 *rebus
564 1237 799 1292 dilinycznis
825 1252 927 1292 „pro
960 1239 1125 1278 ratione
1156 1237 1286 1291 officii
1317 1238 1409 1279 suff‘
1438 1261 1494 1264 —
1523 1238 1683 1278 ridetur
1706 1252 1798 1291 erqo
1822 1252 1932 1278 unus

172 1316 222 1342 ea:
255 1304 424 1343 rectoris
456 1302 762 1343 consultoribus
791 1302 927 1355 fuisse
960 1302 1034 1354 (cf.
1063 1303 1164 1344 Can.
1189 1303 1266 1343 HI
1284 1304 1389 1355 100)
1411 1328 1465 1331 -
1490 1303 1602 1356 haec,
1636 1308 1804 1357 praeter
1829 1303 1929 1345 alia.

171 1369 350 1409 rettulit..-
390 1367 631 1408 Dolendum
664 1370 745 1417 est,
787 1367 901 1420 quod
942 1381 1038 1409 cum
1078 1367 1146 1409 hic
1177 1367 1265 1410 sint
1298 1381 1383 1409 non
1415 1367 1542 1421 pauci
1575 1371 1619 1409 et
1651 1366 1758 1410 satis
1789 1366 1931 1408 idonei

170 1432 369 1485 operarij,
402 1432 567 1474 nullum
595 1434 742 1474 tamen
764 1432 953 1474 fructum
976 1446 1031 1474 ex
1052 1432 1345 1486 proximorum
1368 1433 1511 1474 salute
1533 1432 1699 1486 colligi3
1733 1432 1931 1474 sedemus

170 1496 283 1538 enim
324 1497 393 1538 hic
432 1497 476 1538 in
516 1497 658 1538 media
698 1510 839 1538 messe
881 1497 1008 1540 otiosi
1050 1497 1173 1550 quasi
1213 1497 1356 1538 nullus
1393 1511 1471 1539 nos
1504 1496 1782 1539 conduxisset
1796 1497 1826 1538 2.
1853 1531 1860 1538 .
1887 1531 1929 1540 ..

169 1561 353 1603 Causam
386 1561 510 1603 huius
533 1561 778 1604 sterilitatis
886 1562 1050 1603 nullam
1073 1561 1203 1604 aliam
1233 1561 1427 1603 inuenire
1448 1561 1569 1616 potui
1601 1575 1729 1614 quam
1752 1575 1931 1615 scrupu-

167 1626 307 1668 losum
331 1640 381 1669 ac
403 1627 702 1669 meticulosum
724 1627 913 1669 animum
935 1627 1080 1669 Patris
1103 1626 1302 1669 Rectoris
1325 1627 1461 1669 nostri
1484 1626 1739 1668 Theoderici
1756 1626 1928 1680 Canisij,

169 1692 243 1745 qui
282 1706 452 1746 semper
488 1691 698 1735 hactenus
729 1692 955 1746 impediuit
986 1706 1040 1734 ne
1073 1692 1207 1733 ullum
1238 1692 1495 1733 haberemus
1527 1691 1826 1733 commercium
1851 1705 1930 1733 nec

169 1770 265 1798 cum
291 1756 527 1811 Oppidanis
559 1771 638 1799 nec
661 1771 757 1798 cum
779 1757 932 1799 vicinis
963 1757 1102 1811 pagis,
1137 1756 1334 1810 quamuis
1367 1757 1420 1798 ab
1453 1756 1647 1810 utrisque
1678 1757 1930 1809 frequenter

169 1824 261 1864 tam
302 1823 357 1864 ad
399 1822 751 1872 concionandum,
795 1836 921 1875 quam
964 1822 1019 1864 ad
1061 1821 1147 1864 alia
1187 1822 1409 1864 societatis
1445 1835 1625 1864 munera
1666 1821 1929 1876 praestanda

169 1887 302 1929 simus
334 1887 521 1937 inuitati,
555 1890 819 1941 quapropter
851 1890 895 1929 et
916 1886 1137 1940 Dilingani
1168 1901 1334 1928 summo
1367 1901 1445 1928 nos
1467 1887 1562 1928 odio
1594 1890 1927 1941 prosequuntur,

169 1952 270 2004 quia
301 1966 347 1994 se
376 1952 540 1993 nullum
563 1966 588 1994 a
611 1952 732 1994 nobis
764 1952 953 1994 fructum
984 1952 1206 2006 percipere
1239 1951 1398 2002 dicunt,
1432 1952 1533 2005 quin
1564 1952 1708 2005 potius
1730 1965 1927 1993 annonae

169 2031 220 2059 ac
252 2018 439 2059 omnium
469 2031 611 2058 rerum
637 2017 865 2060 caritatem
897 2031 974 2071 per
995 2031 1073 2059 nos
1096 2020 1140 2059 et
1172 2016 1402 2071 discipulos
1424 2019 1596 2058 nostros
1627 2017 1926 2060 introduci...

168 2082 293 2124 Hanc
326 2082 507 2124 eandem
538 2082 954 2135 pusillanimitatem,
997 2082 1131 2124 fuisse
1163 2096 1351 2132 causam,
1391 2095 1524 2135 quare
1555 2084 1650 2124 tota
1683 2082 1788 2124 haec
1821 2082 1926 2123 Pro-

167 2147 310 2189 uincia
350 2149 418 2189 tot
458 2147 582 2189 annis
613 2150 704 2189 tam
736 2161 888 2201 parum
919 2147 1167 2201 profecerit,
1211 2147 1439 2200 aliquoties
1471 2147 1644 2201 percepi
1676 2147 1730 2189 ab
1770 2147 1823 2200 ijs
1856 2147 1927 2200 qui

167 2216 331 2256 statum
364 2212 489 2254 huius
513 2212 766 2253 Prouinciae
789 2212 950 2266 optime
972 2215 1197 2254 nouerant.
1246 2211 1353 2261 Quia
1374 2211 1539 2254 scilicet
1561 2212 1612 2255 R.
1630 2212 1677 2255 P.
1696 2213 1747 2255 D.
1771 2213 1925 2254 Petrus

167 2278 363 2320 Canisius
386 2278 486 2319 dum
508 2277 791 2319 Prouincialis
813 2291 990 2319 munere
1012 2277 1280 2330 fungeretur,
1299 2277 1477 2319 infinitis
1500 2280 1779 2319 externorum
1801 2277 1925 2319 Prin-

167 2343 310 2397 cipum
332 2343 520 2396 negotijs
543 2345 790 2396 occupatus,
813 2345 953 2385 totam
976 2342 1291 2384 Prouincialem
1315 2356 1460 2384 curam
1484 2343 1783 2385 committebat
1805 2342 1925 2384 Patri

167 2408 343 2450 Rectori
375 2410 538 2458 nostro,
573 2408 644 2460 qui
675 2410 822 2450 tamen
854 2411 1033 2462 propter
1055 2407 1187 2449 animi
1218 2407 1443 2460 angustias
1466 2410 1510 2450 et
1541 2421 1685 2449 rerum
1707 2407 1924 2461 inexperi-

166 2474 329 2516 entiam
361 2476 485 2516 tanto
519 2473 637 2514 oneri
669 2486 941 2526 nequaquam
973 2476 1068 2515 erat
1099 2473 1291 2522 idoneus,
1326 2486 1460 2525 quare
1492 2487 1586 2514 cum
1621 2473 1757 2514 multa
1788 2473 1922 2526 ipsius

167 2539 343 2580 decreta
383 2537 532 2592 paucis
569 2538 802 2591 placerent,
846 2537 970 2580 multi
1010 2538 1072 2579 illi
1105 2538 1374 2587 restiterunt,
1417 2541 1461 2580 et
1500 2537 1592 2591 ipse
1624 2537 1784 2588 multis,
1827 2551 1922 2579 cum

166 2606 311 2646 autem
353 2617 430 2657 pro
469 2602 657 2644 remedio
690 2603 992 2645 Reuerendum
1025 2603 1074 2646 D.
1110 2603 1283 2645 Petrum
1318 2602 1532 2644 Canisium
1565 2603 1834 2653 accederent,
1879 2607 1921 2645 et

167 2669 219 2709 de
251 2668 390 2710 fratre
423 2682 499 2709 suo
533 2671 922 2720 conquererentur,
964 2667 1057 2722 ipse
1088 2668 1230 2709 nullos
1262 2667 1478 2718 audiebat,
1520 2667 1596 2709 sed
1633 2667 1813 2710 fratrem
1846 2682 1922 2710 ex-

167 2747 336 2783 cusans,
369 2733 466 2774 illos
496 2735 706 2785 tanquam
737 2736 931 2775 tentatos
963 2747 1059 2774 011111
1091 2733 1213 2774 bonis
1245 2732 1522 2786 poenitentijs
1545 2746 1571 2774 a
1593 2746 1638 2774 se
1662 2732 1919 2781 dimittebat,

167 2811 244 2838 nec
267 2811 453 2850 unquam
477 2797 738 2839 admonebat
755 2798 929 2839 Patrem
947 2797 1177 2839 Rectorem
1200 2801 1394 2840 nostrum
1417 2799 1493 2839 aut
1520 2797 1701 2839 aliorum
1723 2798 1922 2850 querelas

166 2862 229 2902 illi
260 2862 543 2915 significabat,
577 2865 625 2904 ut
655 2862 839 2916 ipsemet
860 2862 992 2905 Pater
1014 2862 1175 2905 Rector
1196 2862 1300 2904 mihi
1331 2862 1603 2916 postmodum
1626 2862 1833 2912 narrauit,
1867 2876 1920 2904 ne

167 2925 332 2967 scilicet
353 2926 473 2967 illum
497 2927 789 2978 contristaret,
824 2931 868 2970 et
889 2927 968 2969 hec
991 2941 1121 2969 causa
1144 2927 1238 2977 fuit,
1264 2927 1375 2980 quod
1401 2927 1483 2968 huc
1506 2941 1640 2980 usque
1662 2927 1754 2969 fere
1776 2928 1919 2981 plures

291 3053 378 3086 ¹Ita
421 3055 636 3097 *Catr’dosms
678 3055 819 3098 collegii
861 3055 1053 3098 dilingani.
1096 3054 1262 3098 Dilingae
1307 3056 1335 3090 1.
1374 3055 1587 3090 Novembris
1632 3055 1721 3090 1570
1763 3056 1918 3100 scriptus

168 3104 273 3148 (GSC
300 3106 343 3139 66
370 3106 394 3139 f.
413 3106 523 3139 360³).
675 3109 687 3127 ‘-'
714 3108 767 3142 Cf.
794 3108 847 3142 Mt
873 3108 927 3149 20,
955 3109 974 3142 6
1003 3108 1034 3142 7.
