2044 3335
138 111 221 152 268
645 109 744 143 1621.
774 107 939 141 Canisius
966 106 999 141 S.
1021 107 1211 141 Francisco
1239 107 1402 151 Borgiae.

137 227 307 269 etiamsi
341 227 529 280 migrent
552 227 722 276 Halani,
758 226 870 278 quod
905 228 1005 266 ante
1039 239 1199 266 annum
1232 226 1308 267 uix
1340 226 1533 268 futurum
1566 226 1768 279 putarim.
1823 226 1904 268 Hic

138 292 271 345 igitur
295 292 534 341 haeremus,
560 305 654 332 cum
679 291 840 332 nullum
865 291 1101 331 habeamus
1126 290 1438 333 P.Wendelino
1461 290 1687 344 aptiorem,
1711 294 1904 333 tantum·-

139 371 221 409 que
254 357 452 398 Rectoris
486 370 640 397 munus
672 370 757 397 non
792 354 1022 396 conuenire
1055 354 1255 397 uideatur
1284 356 1327 397 P.
1354 355 1536 398 Gerardi
1568 355 1758 397 humeris
1772 358 1799 406 ¹,
1834 355 1906 409 qui

139 421 338 473 Dilingae
371 421 558 470 Hectori,
593 421 820 473 gymnasio
854 423 898 462 et
931 419 1103 472 Vtrique
1137 420 1320 473 collegio
1354 423 1421 462 est
1454 419 1723 463 utilissimus.

258 485 473 528 Veniebat
496 489 641 527 autem
664 485 707 526 in
730 486 932 535 mentem,
968 484 1306 526 subueniendum
1330 498 1426 526 esse
1449 485 1626 527 Rectori
1649 484 1905 538 Dilingensi,

139 551 210 604 qui
252 550 396 604 pergit
437 565 532 592 esse
574 550 930 599 ualetudinarius,
974 553 1018 591 et
1060 550 1285 591 conficitur
1326 549 1440 591 curis
1483 549 1654 603 collegij
1693 550 1907 602 simulque

140 614 357 669 seminarij
392 618 436 657 et
468 615 726 669 gyn1nasij‘2‚
770 615 924 668 dignus
966 616 1084 656 certe
1130 615 1201 667 qui
1234 615 1380 668 aliqua
1412 628 1466 656 ex
1499 617 1625 668 parte
1656 615 1908 656 subleuetur

139 694 225 721 una
258 694 352 721 cum
387 681 437 722 D.
463 680 563 721 Pisa
596 683 640 722 et
673 680 723 721 D.
749 679 907 721 Torrez
921 680 950 721 3.
1005 679 1097 720 Hos
1130 679 1243 720 enim
1275 682 1366 721 tres
1398 679 1522 721 uideo
1557 693 1652 720 cum
1675 679 1721 722 P.
1745 678 1906 721 Lanoio

140 748 207 787 tot
239 745 362 787 annis
394 745 618 787 laborasse
640 745 839 794 fideliter,
874 758 924 785 ac
959 744 1010 785 de
1033 745 1252 786 Societate
1284 748 1436 787 nostra
1467 747 1557 787 tam
1591 745 1698 786 bene
1730 744 1909 786 meritos

142 824 250 859 esse,
294 813 343 852 vt
374 810 418 851 in
460 812 679 864 posterum
720 810 806 851 illis
848 809 1037 866 gratiam
1079 809 1238 858 facere,
1282 812 1326 851 et
1358 809 1488 851 solita
1521 823 1654 851 onera
1686 809 1909 852 remittere

142 878 366 928 congruat,
410 875 659 928 priusquam
702 874 825 916 nobis
867 877 910 916 et
953 874 1160 916 Societati
1203 874 1374 916 omnino
1416 874 1591 916 inutiles
1631 876 1752 925 fiant,
1796 874 1909 927 quod

142 940 263 981 breui
295 953 400 980 sane
432 940 526 981 fore
559 940 697 982 multa
728 940 928 993 probant,
965 939 1047 980 Sed
1082 939 1118 980 si
1151 939 1418 992 opprimendi
1451 942 1565 990 sunt,
1601 939 1801 992 quoniam
1836 939 1911 980 de-

142 1008 243 1047 sunt
275 1004 347 1057 alij
381 1018 667 1054 successores,
701 1004 810 1046 fiat
849 1004 1114 1046 voluntas
1147 1003 1395 1045 Domini4
1428 1007 1472 1046 et
1505 1004 1551 1046 P.
1586 1004 1632 1047 T.
1668 1018 1778 1057 quae
1810 1017 1911 1057 pro-

143 1069 305 1111 uintiae
347 1073 523 1111 nostrae
564 1070 853 1111 necessariam
899 1083 1060 1122 quaeso
1102 1069 1316 1110 rationem
1359 1069 1540 1119 habeat,
1588 1073 1632 1112 et
1673 1069 1708 1110 si
1749 1071 1909 1123 potest,

143 1134 349 1188 penuriae
391 1134 684 1188 operariorum
726 1139 963 1177 succurrat.
1028 1133 1281 1187 Cogitabam
1316 1137 1360 1177 et
1391 1134 1509 1185 illud,
1554 1134 1742 1176 fortasse
1773 1134 1912 1176 frater

143 1199 295 1240 melius
318 1199 511 1248 haberet,
539 1200 575 1240 si
597 1199 740 1241 factus
764 1198 1042 1241 Prouintialis
1065 1199 1245 1240 subinde
1268 1201 1459 1241 mutaret
1481 1199 1637 1250 locum,
1672 1202 1716 1241 et
1738 1201 1912 1240 curaret

143 1267 314 1307 tantum
363 1265 605 1317 generatim
654 1264 859 1317 collegia:
910 1265 961 1307 D.
1007 1264 1168 1306 Paulus
1215 1264 1388 1306 interim
1434 1264 1635 1317 Dilingae
1680 1264 1909 1306 Rectorem

145 1332 308 1383 ageret.
374 1330 458 1372 Sed
499 1329 594 1382 quis
634 1332 726 1371 tum
761 1331 987 1382 Augustae
1020 1329 1309 1372 Mauritianus
1342 1329 1426 1372 erit
1461 1329 1768 1371 contionator‘?
1808 1342 1910 1370 nam

144 1395 256 1436 hunc
296 1395 437 1436 locum
471 1408 595 1448 quem
629 1395 832 1448 indignus
865 1408 945 1448 ego
977 1397 1142 1444 tene0³,
1187 1398 1231 1436 et
1271 1394 1344 1447 qui
1381 1395 1431 1437 D.
1466 1393 1647 1436 Paulum
1689 1396 1909 1448 expectat,

146 1460 345 1501 deserere
385 1474 471 1501 non
511 1459 679 1509 licebit,
728 1460 763 1501 si
806 1460 1103 1513 Fuggerorum
1145 1459 1426 1501 retinebimus
1467 1459 1815 1502 beneuolentiam
1858 1458 1913 1500 ad

145 1525 374 1578 collegium
406 1525 759 1579 promouendum.
814 1526 908 1578 Ego
935 1538 1039 1566 uero
1073 1539 1204 1577 aegre
1237 1528 1388 1578 potero
1421 1524 1548 1566 simul
1581 1527 1625 1566 et
1657 1524 1911 1578 scriptorem

145 1594 298 1633 contra
338 1590 579 1639 Centnrias,
623 1593 667 1632 et
709 1590 1052 1632 contionatorem
1095 1590 1280 1632 alterum
1323 1589 1550 1643 Augustae
1592 1590 1824 1643 praebere,
1866 1591 1916 1631 ut

146 1655 253 1698 satis
286 1658 444 1697 norunt
467 1655 716 1709 prudentes.
760 1656 923 1697 Verum
957 1655 1009 1697 de
1042 1655 1108 1697 his
1141 1658 1324 1708 expecto
1350 1654 1552 1697 iudicium
1587 1658 1631 1697 et
1652 1654 1913 1697 sententiam

145 1721 192 1763 T.
227 1721 273 1763 P.
309 1722 532 1773 Deumque
579 1734 754 1774 precor,
804 1724 852 1763 vt
899 1721 1010 1763 hanc
1057 1722 1235 1763 tueatur
1275 1720 1559 1774 prouintiam‚
1609 1734 1719 1773 quae
1762 1722 1915 1762 contra

145 1785 389 1828 haereticos
423 1785 593 1837 quidem
617 1785 776 1827 bellum
800 1800 885 1826 non
907 1786 1016 1835 leue,
1051 1788 1095 1827 et
1118 1785 1396 1839 praecipuum
1419 1784 1609 1827 fortasse
1633 1785 1746 1827 inter
1768 1784 1914 1827 Socie-

145 1851 252 1893 tatis
284 1852 461 1892 nostrae
494 1851 735 1904 prouintias
768 1864 930 1900 omnes,
974 1851 1059 1892 iam
1092 1850 1292 1900 sustinet,
1327 1863 1463 1902 eoque
1496 1849 1636 1902 magis
1669 1850 1915 1892 adiuuanda

148 1919 192 1957 et
222 1915 517 1969 promouenda
548 1915 591 1956 in
624 1915 794 1958 Christo
829 1916 1011 1957 uidetur.

265 1980 411 2022 Redeo
453 1980 507 2021 ad
540 1981 586 2022 Ρ.
621 1980 829 2022 Thomam
843 1982 872 2031 5,
916 1981 987 2034 qui
1020 1979 1170 2023 literas
1202 1978 1312 2033 μία,
1348 1987 1392 2021 ut
1423 1994 1558 2035 supra
1592 1995 1633 2035 p.
1660 1980 1786 2033 2657.
1850 1980 1916 2021 De

146 2046 220 2087 illo
262 2046 458 2088 scribunt
498 2045 827 2087 Monachienses
869 2046 989 2100 μία,
1033 2051 1079 2087 ut
1119 2060 1252 2100 supra
1290 2060 1333 2100 p.
1357 2045 1484 2098 263]
1548 2045 1643 2099 Ego
1685 2059 1788 2087 uero
1828 2045 1914 2087 iam

148 2113 249 2153 ante
272 2110 435 2164 scripsi,
461 2109 619 2152 dimitti
642 2111 770 2164 plane
792 2125 919 2164 posse
942 2111 1170 2158 hominem,
1205 2109 1276 2163 qui
1299 2124 1378 2151 nec
1399 2110 1585 2152 libenter
1608 2110 1705 2152 hinc
1727 2110 1913 2160 recedet,

148 2190 286 2229 neque
319 2175 479 2217 diutius
512 2175 604 2217 sine
637 2189 795 2228 magno
828 2176 942 2217 malo
976 2178 1125 2217 nostro
1158 2174 1337 2217 retineri
1370 2178 1528 2229 potest.

266 2241 450 2282 Multum
484 2240 648 2294 negotij
682 2240 804 2282 nobis
838 2241 1068 2283 exhibetur
1100 2240 1314 2293 Monachij
1348 2243 1528 2295 propter
1559 2241 1730 2291 Bertas,
1765 2242 1813 2282 ut
1843 2240 1916 2281 ille

147 2307 317 2356 uocat6‚
368 2319 478 2358 quae
518 2305 679 2347 multas
720 2306 850 2347 horas
890 2306 934 2346 in
974 2306 1138 2359 templo
1180 2307 1330 2347 nostro
1372 2306 1574 2358 nugando
1617 2320 1713 2347 cum
1754 2304 1915 2346 nostris

148 2373 390 2413 conterunt.
445 2370 607 2424 Scripsi
631 2371 742 2424 leto„
780 2376 822 2412 ut
853 2385 986 2425 supra
1018 2386 1058 2425 p.
1082 2370 1208 2423 263]
1253 2372 1393 2423 Agam
1428 2384 1580 2412 seuere
1613 2384 1706 2412 eum
1740 2369 1914 2420 nostris,

148 2450 224 2477 uec
264 2436 409 2489 patiar
448 2435 529 2477 hoc
571 2436 843 2485 scandalum,
887 2438 1066 2489 propter
1108 2435 1220 2488 quod
1263 2436 1626 2489 uituperatur
1668 2439 1914 2477 nostrum

149 2504 193 2542 et
234 2500 465 2543 Societatis
512 2500 933 2543 ministerium7.
996 2500 1043 2543 P.
1078 2500 1344 2542 Martinum8
1391 2501 1563 2542 omnino
1611 2502 1710 2554 post
1753 2500 1916 2553 pascha

148 2565 364 2606 Coloniam
399 2565 519 2606 abire
552 2565 691 2619 cupio,
725 2568 769 2607 et
801 2565 1010 2618 quosdam
1043 2565 1127 2607 alio
1160 2565 1401 2607 transferre
1434 2565 1665 2619 oportebit.

269 2646 296 2675 a)
321 2645 449 2676 Quinque
471 2653 513 2669 vr.
528 2653 586 2676 sqq.
607 2654 624 2669 ιι
646 2646 675 2670 (¹.
695 2645 727 2670 ‘in
746 2646 879 2677 margine
899 2645 1004 2670 addita
1023 2648 1099 2670 sicut.

271 2728 279 2746 ¹
308 2727 489 2761 Canisium
516 2728 583 2761 hac
610 2728 645 2761 in
672 2740 710 2762 re
738 2729 781 2762 de
799 2728 838 2763 P.
856 2728 1016 2762 Gerardo
1034 2728 1193 2762 Pastelio
1221 2727 1363 2772 collegii
1391 2726 1564 2770 dilingani
1587 2726 1789 2768 „ministro“
1818 2729 1916 2761 recte

151 2779 307 2813 sensisse
333 2780 458 2823 paucis
485 2781 587 2814 annis
614 2783 695 2825 post
720 2793 839 2815 rerum
867 2785 1019 2816 eventus
1044 2781 1223 2826 probavit.

269 2832 282 2852 2
309 2831 538 2866 contubernii
565 2833 599 2867 S.
620 2834 830 2878 Hieronymi
858 2837 893 2868 et
918 2834 1179 2869 universitatis.

269 2885 281 2903 ³³
307 2884 347 2918 P.
367 2885 574 2929 Alphonsus
602 2887 756 2921 Pisanus
782 2888 949 2931 Dilingae
976 2890 1012 2922 et
1037 2888 1078 2922 P.
1103 2887 1347 2932 Hieronymus
1365 2885 1553 2920 Torrensis
1580 2885 1791 2929 Ingolstadii
1817 2885 1915 2920 theo-

153 2937 284 2981 logiam
310 2938 511 2971 tradebant.

270 2991 280 3009 ⁴
307 2991 377 3023 Act
403 2990 459 3029 21,
488 2991 550 3030 14;
579 2992 622 3024 cf.
651 2992 705 3025 Mt
731 2993 763 3031 6,
793 2994 853 3033 10;
882 2994 930 3027 Lc
957 2993 1012 3035 22,
1039 2994 1084 3027 42
1112 2995 1179 3027 etc.
1326 2993 1339 3011 ⁵
1366 2991 1522 3026 Gallum.

270 3043 282 3061 ⁶
309 3043 348 3076 P.
364 3042 534 3076 Hoffaeus
554 3044 717 3085 „beatas“
737 3045 814 3079 sive
833 3046 987 3080 feminas
1005 3046 1176 3091 pietatem
1195 3044 1429 3089 singulariter
1447 3044 1607 3078 colentes
1625 3044 1675 3078 ita
1694 3043 1914 3090 appellabat;

150 3107 184 3129 v.
211 3106 320 3139 supra
347 3107 378 3138 p.
399 3095 476 3129 217.
624 3097 635 3116 ”¹
663 3097 683 3129 2
711 3097 779 3131 Cor
806 3099 837 3134 6,
865 3099 896 3133 3.
1045 3100 1056 3119 ³
1083 3098 1373 3133 Stevordianum.
