2044 3335
704 74 848 118 Dilinga
876 76 906 109 1.
925 75 1109 109 Februarii
1141 75 1240 110 1571.
1769 79 1856 119 433

89 193 422 236 domesticarum
463 206 607 234 rerum
650 192 1025 235 administratione
1070 193 1279 236 exerceri.
1344 193 1488 247 Atque
1536 193 1642 236 haec
1690 194 1744 235 ad
1792 207 1856 243 ea,

89 272 200 311 quae
240 258 351 300 scire
392 257 595 312 cupiebat
626 257 674 300 T.
709 256 776 307 P.,
819 257 933 299 forte
975 257 1237 300 suffecerint.
1302 257 1515 313 Adijciam
1557 261 1705 300 tamen
1747 271 1858 311 quae

88 323 139 367 R.
164 323 209 365 P.
234 323 430 365 Canisius
463 321 695 375 suggessit,
731 335 840 374 quae
869 336 948 364 nec
970 322 1071 364 mihi
1096 323 1173 364 abs
1196 336 1242 364 re
1266 336 1362 365 esse
1385 323 1599 366 videntur.
1643 323 1860 365 Probatur

87 388 283 441 inprimis
314 387 376 429 illi
407 387 488 429 hoc
518 387 760 429 Reuerendi
783 387 829 430 Ρ.
850 386 1131 429 Prouincialis
1163 387 1424 438 institutum,
1459 391 1639 442 propter
1670 387 1859 430 necessi-

87 456 224 496 tatem
258 454 546 507 praesentem.
600 453 828 494 Caeterum
861 467 946 494 non
979 452 1216 502 existimat,
1251 466 1347 494 esse
1379 453 1636 504 consultum,
1670 456 1719 496 vt
1751 453 1858 495 haec

87 532 158 560 res
198 517 255 559 sit
295 520 505 572 perpetua
537 518 608 559 vel
650 517 867 566 diuturna,
910 520 1002 559 tum
1045 517 1157 570 quod
1200 516 1377 558 nimium
1419 518 1641 571 prouincia
1682 517 1858 571 grauari

88 583 288 625 videatur
321 582 580 636 quaerendis
613 584 657 624 et
679 582 948 624 inueniendis
981 584 1047 624 tot
1079 581 1378 636 philosophiae
1412 585 1456 624 et
1478 583 1743 636 Theologiae
1766 583 1857 624 ido-

88 648 180 690 neis
213 648 473 696 doctoribus,
514 647 586 701 qui
619 661 695 701 pro
728 647 1005 700 Jngolstadio
1039 650 1083 689 et
1116 646 1291 700 Dilinga
1323 647 1399 688 vix
1431 647 1581 689 haberi
1614 662 1726 690 nunc
1759 662 1859 701 pos-

88 715 211 755 sunt:
252 716 343 755 tum
388 713 502 766 quod
534 712 795 754 Academiae
828 712 1074 763 SocietatiS,
1119 726 1229 765 quae
1271 712 1382 753 duae
1424 714 1526 754 sunt
1557 712 1598 753 in
1642 713 1722 754 hac
1758 726 1858 766 pro-

87 778 243 829 uincia,
287 778 523 820 commodis
561 777 856 820 auditoribus³
889 778 968 819 hac
1000 777 1170 819 ratione
1202 777 1510 827 destituantur,
1554 791 1653 819 nam
1687 778 1859 819 externi

87 843 199 885 serio
233 843 309 885 vix
350 843 540 892 student,
581 845 673 884 tum
715 842 845 884 etiam
888 842 1000 896 quod
1043 842 1183 884 minor
1224 845 1291 884 est
1332 845 1581 885 nostrorum
1621 842 1857 896 profectus,

87 908 257 961 quando
280 908 492 950 sociorum
516 907 706 949 eiusdem
730 907 861 962 studij
887 907 1195 950 consuetudine
1219 909 1381 956 carent,
1413 910 1644 961 praeterea
1667 907 1859 955 turbatio

86 974 201 1016 forte
239 973 384 1026 aliqua
416 973 459 1014 in
491 972 737 1027 plaerisque
779 975 999 1026 sequetur,
1043 972 1115 1026 qui
1148 986 1202 1014 ex
1240 972 1437 1026 professo
1470 972 1743 1026 grauioribus
1775 972 1860 1014 illis

87 1038 323 1093 disciplinis
345 1052 516 1088 vacare,
552 1052 681 1091 quam
714 1038 853 1080 obiter
885 1040 1056 1080 tantum
1080 1052 1154 1080 eas
1178 1038 1369 1079 delibare
1393 1041 1609 1092 optarent.
1665 1037 1860 1091 Denique

86 1117 248 1158 paucos
280 1103 532 1145 habebimus
564 1103 699 1144 solide
733 1103 883 1145 doctos
922 1103 1231 1156 Theologosbl.
1296 1103 1399 1145 Cum
1442 1106 1588 1145 autem
1632 1105 1675 1145 et
1707 1104 1859 1157 Jngol-

87 1167 216 1221 stadij
260 1171 304 1210 et
336 1168 538 1221 Dilingae
579 1170 756 1222 praeter
797 1168 1093 1222 philosophiae
1135 1170 1180 1210 et
1212 1168 1476 1221 Theologiae
1519 1182 1703 1218 cursum,
1748 1183 1859 1210 nunc

87 1234 218 1276 etiam
243 1234 493 1287 Scripturae
516 1247 680 1283 sacrae,
712 1233 846 1275 Casus
869 1234 1161 1276 conscientiae
1185 1237 1229 1276 et
1252 1233 1585 1276 Controuersiae
1609 1234 1858 1284 doceantur,

87 1299 215 1342 facile
242 1299 326 1341 erit
347 1299 417 1340 vel
440 1299 483 1340 in
505 1300 692 1351 Vtraque
714 1299 783 1340 vel
808 1299 848 1339 in
873 1299 1088 1341 alterutra
1110 1299 1262 1341 harum
1287 1298 1623 1341 Academiarum
1645 1299 1859 1341 rationem

86 1364 208 1415 inire,
242 1378 328 1418 qua
351 1363 506 1406 etiamc
529 1363 805 1405 debilioribus
827 1364 922 1406 istis
944 1364 1130 1418 ingenijs
1154 1365 1418 1414 consulatur,
1451 1364 1604 1418 quibus
1627 1365 1859 1418 aliquando

88 1430 266 1483 prodest
298 1429 525 1471 subtiliora
558 1429 770 1482 quaedam
802 1429 986 1480 audisse,
1022 1430 1193 1472 etiarnsi
1226 1443 1311 1471 non
1343 1433 1634 1483 assequantur
1666 1430 1860 1484 perfecte

88 1495 244 1536 omnia.
307 1495 457 1536 Fuerit
489 1494 619 1537 etiam
653 1494 842 1537 fortasse
876 1495 1047 1545 bonum,
1081 1494 1189 1537 certi
1222 1494 1384 1548 aliquid
1417 1495 1469 1536 de
1501 1495 1657 1549 studijs
1688 1498 1860 1538 nostro-

86 1575 181 1602 rum
215 1560 573 1602 scholasticorum
597 1560 829 1613 aliquando
852 1563 1061 1611 statuere,
1097 1574 1180 1613 quo
1209 1560 1374 1602 scilicet
1397 1561 1491 1602 loco
1513 1561 1741 1611 Rhetores,
1777 1575 1860 1614 quo

88 1625 350 1680 Philosophi,
386 1639 468 1678 quo
501 1625 631 1667 itemd
656 1625 864 1679 Theologi
898 1626 1035 1668 nostri
1068 1625 1214 1667 simul⁸
1247 1626 1435 1668 debeant
1466 1626 1637 1668 institui
1657 1661 1664 1669 .
1684 1641 1783 1668 nam
1816 1626 1859 1668 in

87 1690 269 1743 singulis
292 1691 576 1734 facultatibus
599 1691 933 1733 excellentiores
962 1694 1269 1746 praeceptores
1292 1691 1441 1733 audire
1465 1691 1603 1733 nostri
1636 1692 1858 1742 deberent,

88 1756 238 1809 quales
270 1770 355 1798 non
388 1757 531 1799 solent
567 1770 649 1798 vno
683 1756 920 1809 eodemque
952 1758 1046 1799 loco
1079 1760 1128 1799 vt
1160 1757 1392 1811 plurimum
1425 1757 1668 1811 reperiri2f.
1697 1793 1703 1799 .
1732 1793 1738 1799 .
1767 1793 1772 1798 .

206 1821 327 1871 Quod
369 1824 568 1876 superest
605 1822 887 1864 Reuerendae
920 1822 966 1865 P.
992 1823 1038 1866 Τ.
1082 1822 1368 1864 sanctissimis
1409 1822 1635 1876 sacrificijs
1677 1826 1721 1865 et
1762 1837 1860 1865 ora—

87 1886 276 1929 tionibus
318 1887 450 1930 etiam
492 1890 625 1940 atque
660 1887 792 1929 etiam
826 1888 866 1928 in
901 1887 1083 1930 Domino
1118 1902 1195 1930 nos
1229 1888 1592 1932 commendamus
1658 1888 1859 1942 Dilingae

92 1954 133 1994 15‘
167 1952 391 2006 Februarii
428 1954 554 1995 1571·
1171 1989 1218 2031 Τ,
1256 1989 1301 2032 Ρ,
1335 1989 1448 2031 filius
1480 1989 1522 2030 in
1556 1989 1740 2031 Domino

1286 2055 1364 2097 Th.
1399 2055 1609 2097 Canisius.

207 2134 450 2176 Admodum
472 2135 727 2176 Reuerendo
750 2135 794 2176 in
816 2135 986 2178 Christo
1010 2136 1131 2178 Patri
1154 2139 1304 2178 nostro
1328 2136 1576 2187 Francisco,
1610 2138 1858 2192 praeposito

90 2199 293 2241 Generali
326 2199 557 2242 Societatis
590 2200 722 2242 IESV
823 2201 1001 2244 Romae.

208 2280 307 2315 Petri
335 2281 469 2315 Canisii
497 2282 637 2316 animus
663 2282 780 2325 magis
807 2294 914 2326 quam
948 2283 982 2316 in
1009 2282 1153 2317 scholas
1179 2282 1397 2317 domesticas
1423 2283 1621 2318 inclinabat
1657 2284 1692 2318 in
1718 2284 1860 2319 scholas

88 2336 318 2368 externorum
358 2334 613 2379 discipulorum
653 2347 673 2369 a
712 2334 824 2370 Sociis
863 2335 1072 2370 halensibus
1110 2336 1361 2370 instituendas.
1413 2336 1465 2370 De
1503 2349 1574 2381 qua
1613 2349 1650 2371 re
1686 2339 1861 2381 Hoffaeus

89 2388 241 2431 Borgiae
268 2387 469 2433 Oeniponte
495 2388 528 2422 8.
554 2388 635 2422 Iulii
665 2389 752 2423 1571
782 2389 975 2434 *scripsit:
1015 2390 1151 2432 „Audio
1179 2389 1349 2423 Senatum
1378 2390 1571 2426 Halensem
1608 2391 1702 2425 velle
1738 2394 1860 2436 petere

87 2443 128 2474 vt
146 2440 260 2475 Halae
284 2453 390 2475 vnam
418 2444 482 2476 aut
507 2441 658 2476 alteram
685 2442 840 2476 classem
866 2443 1081 2487 aperiamus.
1125 2443 1235 2477 Putat
1255 2443 1293 2477 P.
1314 2443 1491 2485 Canisius,
1519 2444 1557 2478 P.
1578 2444 1710 2478 Rector
1729 2447 1764 2478 et
1783 2457 1858 2488 ego,

87 2494 229 2528 omnino
255 2495 403 2529 Senatui
429 2495 718 2539 gratificandum,
745 2499 786 2530 vt
811 2495 863 2530 sic
889 2508 1009 2530 eorum
1037 2497 1175 2531 animos
1201 2496 1304 2530 nobis
1332 2496 1562 2531 conciliemus
1589 2497 1672 2531 dum
1700 2498 1859 2541 Reginae

88 2548 227 2589 viuunt,
263 2549 392 2592 quibus
419 2548 610 2590 defunctis,
643 2548 775 2592 ingrati
803 2549 964 2594 hospites
992 2561 1153 2583 essemus
1178 2550 1209 2583 si
1236 2551 1367 2584 ciuitas
1393 2550 1483 2583 nihil
1509 2562 1529 2584 a
1556 2550 1658 2585 nobis
1685 2552 1859 2586 commodi

207 2624 233 2652 a)
254 2624 318 2648 Duo
340 2632 382 2649 vr.
402 2632 461 2655 sqq.
481 2632 499 2648 a
523 2624 571 2649 Th.
593 2625 621 2649 C.
641 2632 735 2656 supra
756 2632 871 2649 versum
891 2625 1002 2656 scripta
1023 2628 1100 2649 sunl.
1185 2623 1214 2655 b)
1242 2625 1311 2649 Vide
1331 2625 1425 2655 infra,
1446 2626 1515 2650 adn.
1538 2628 1560 2650 1.
1654 2626 1680 2658 c)
1702 2624 1732 2655 d)
1754 2627 1814 2651 Hoc
1834 2634 1858 2650 r.

87 2672 104 2688 (ι
129 2665 177 2689 Th.
199 2666 227 2690 C.
247 2673 340 2697 supra
361 2674 476 2690 versum
496 2666 638 2697 scriptum
659 2669 708 2690 est.
792 2668 819 2694 e)
841 2667 920 2691 Haec·
939 2668 956 2690 2
975 2674 1018 2690 vv.
1038 2674 1056 2690 α
1080 2667 1128 2691 ΤῙι.
1145 2668 1172 2691 C.
1187 2674 1279 2697 supra
1303 2674 1414 2691 remum
1435 2668 1547 2698 scripta
1567 2671 1644 2692 sunt.
1729 2667 1753 2694 f)
1782 2669 1858 2698 Quae

87 2710 259 2738 sequuntur,
279 2708 464 2739 omittuntur,
484 2708 551 2739 quic!
573 2708 610 2732 [101
634 2708 841 2732 Theodericum
862 2711 974 2732 tantum
991 2708 1140 2733 canisium
1158 2709 1319 2739 pertinent.
1352 2709 1502 2733 Caeterum
1519 2710 1582 2734 ride
1605 2710 1697 2740 infra,
1716 2710 1784 2734 adn.
1799 2712 1823 2735 2.

211 2855 218 2874 ¹
247 2856 425 2889 Polcmcecs
453 2855 513 2899 (ex
540 2855 693 2898 Borgiae
728 2855 919 2896 sententia,
955 2858 994 2889 ut
1021 2855 1162 2889 omnino
1189 2856 1348 2899 videtur)
1386 2856 1442 2891 his
1469 2857 1590 2891 verbis
1625 2858 1660 2891 in
1696 2859 1859 2902 margine

88 2907 176 2942 haec
202 2908 438 2943 *adnotavit2
480 2909 591 2950 „Pare
627 2909 693 2942 ben
721 2909 774 2943 cio
802 2908 867 2942 che
895 2908 1020 2943 dicono
1054 2909 1064 2942 i
1092 2908 1237 2949 Canisii,
1274 2912 1310 2943 et
1336 2921 1375 2943 se
1401 2910 1438 2944 vi
1465 2913 1483 2944 e
1509 2910 1638 2945 alcuno
1673 2912 1859 2955 ingenioso

86 2961 143 2996 fra
168 2961 254 3000 loro.
281 2962 376 2996 vada
402 2973 423 2996 a
449 2962 586 3006 dilinga
612 2974 631 2996 o
657 2962 907 3005 ingolstadio.“

206 3015 219 3035 ‘2
248 3016 423 3049 Polancus
448 3015 484 3049 in
510 3016 683 3059 margine,
711 3018 750 3049 ut
775 3027 895 3060 supra,
922 3023 939 3034 *
952 3016 1112 3050 notavit:
1145 3015 1209 3058 „Al
1237 3016 1353 3050 Padre
1381 3016 1504 3058 Paulo,
1532 3017 1598 3052 che
1625 3021 1753 3062 questo
1781 3019 1811 3053 si
1839 3022 1856 3052 e

88 3070 248 3112 pensato,
276 3070 311 3102 et
337 3068 416 3102 dica
443 3080 542 3103 come
568 3070 598 3103 si
625 3081 694 3113 puo
722 3069 937 3113 essequire.“

159 3131 474 3164 Braunsberger,
496 3132 607 3158 Canisii
628 3133 782 3166 Epistulae
803 3133 833 3158 et
855 3134 940 3159 Acta.
966 3133 1015 3159 Vl.
1528 3131 1572 3165 ‘28
