2044 3335
68 101 163 135 Mon.
191 100 259 135 916
285 99 363 134 sive
389 110 469 142 aug.
493 97 529 141 (a
543 98 594 141 6).
636 97 668 131 A
693 108 739 130 m.
759 96 856 141 Sept.
886 95 975 130 1569
1001 94 1047 129 ad
1072 94 1159 139 Apr.
1179 92 1282 128 1570.
1320 92 1388 127 917
1408 91 1485 126 sive
1500 101 1581 134 aug.
1602 89 1638 133 (a
1657 89 1705 133 7).
1748 91 1835 133 515

67 215 309 259 ÷÷scripserat:
334 212 452 255 Quelli
478 212 543 247 che
568 212 686 247 hanno
712 212 758 247 da
783 213 839 247 far
872 211 908 246 la.
931 210 1166 256 professione,
1197 208 1225 244 s’
1237 207 1382 242 intende
1415 206 1451 241 la
1485 206 1625 241 saccino
1659 205 1696 239 in
1729 216 1837 239 mano

68 268 103 303 di
120 267 163 302 V.
182 267 224 301 R.
243 278 342 301 come
368 265 562 310 prouintial
587 277 626 300 se
651 266 687 300 la
713 266 863 300 faranno
889 264 933 298 do
958 263 1005 298 lei
1030 264 1061 298 si
1079 263 1235 306 trouariz,
1261 273 1301 295 se
1318 261 1457 295 altroue
1481 259 1517 293 la
1543 259 1732 293 douessino
1757 257 1838 292 fare

68 322 111 355 V.
131 320 172 355 R.
200 320 391 363 designara
417 319 453 353 in
479 318 537 353 cui
562 319 659 353 mani
685 318 721 353 la
745 318 861 353 faccia
888 319 951 360 (eoe
976 328 1099 361 apoqr.
1127 316 1237 350 eiusd.
1265 320 1364 358 temp.
1373 326 1386 357 ;
1416 315 1534 347 Germ.
1561 314 1606 346 70
1629 313 1657 355 f.
1676 309 1772 353 22⁶).

70 435 169 471 916
195 436 273 471 sive
300 444 423 480 aug.
445 434 503 479 (a
516 433 592 479 6).
665 432 695 469 Α
712 443 758 470 ιιι.
778 431 984 480 Septembri
1010 431 1093 467 1569
1121 429 1168 466 ad
1193 428 1360 476 Aprilem
1385 428 1481 464 1570.

189 500 245 535 Ex
271 500 477 545 archetypo.
514 499 556 533 G.
584 498 649 544 Ep.
667 498 718 532 XI
743 499 767 533 f.
790 497 1018 533 1792-1802.
1061 496 1196 531 Eodem
1220 506 1309 530 usus
1336 495 1393 529 est
1419 493 1626 536 Sacchinus,
1654 491 1739 527 Can.
1757 491 1840 526 271.

188 561 253 594 Fr.
282 561 471 604 „Andreas
497 556 643 592 Scotas“
672 559 812 600 (Koclc)
839 559 874 592 S.
893 558 930 591 J.
957 558 996 590 in
1022 556 1150 589 litteris
1175 555 1309 588 annuis
1334 555 1459 587 domus
1485 554 1522 587 S.
1541 553 1577 586 J.
1604 556 1841 595 anqustanae,

70 615 233 657 Auyusta.
261 616 315 647 17.
343 613 556 656 Septembris
582 614 676 646 1570
710 612 823 655 datis,
859 611 901 644 de
930 610 1075 644 Canisio
1111 613 1154 650 (a
1180 619 1225 641 m.
1253 607 1450 651 Septembri
1477 608 1568 640 1569
1602 606 1650 638 ad
1675 605 1837 648 Aprilem

72 669 164 700 1570
181 668 363 710 Anyustae
388 670 550 708 morato‚·
583 676 613 698 v.
638 676 752 708 snpra
772 676 811 708 p.
840 666 909 697 365
928 663 1016 704 399)
1043 666 1200 695 narrat:
1232 660 1285 694 De
1311 659 1466 694 Doctore
1485 658 1592 692 Petro
1611 657 1753 692 canisio
1770 656 1841 692 hoe

69 722 209 754 tantum
236 719 325 761 dico,
360 718 462 753 illum
498 717 720 763 excipiendis
754 717 886 752 ciuium
921 714 1172 750 confessionib.
1207 712 1447 759 prouehendis
1481 723 1544 756 per
1570 710 1843 745 exhortationes-

69 784 154 807 suas
180 772 304 807 multis
330 772 376 806 ad
401 771 539 813 altiora,
566 772 711 815 gratum
738 770 901 805 omnibus
925 770 1008 814 post
1033 780 1083 811 se,
1118 777 1294 812 syncerae
1327 765 1543 800 humilitatis
1578 763 1842 808 charitatisque

70 826 213 860 odorem
238 825 438 869 reliquisse.

72 945 169 983 91?
196 947 274 982 sive
301 955 424 990 aug.
445 944 503 990 (a
518 944 592 990 7).
667 943 710 980 Μ.
728 943 831 980 Iunio
857 943 950 980 1570.

190 1012 245 1047 Ex
280 1010 503 1055 autographo
542 1010 614 1053 (2⁰;
650 1010 671 1044 5
698 1022 775 1056 pp.;
814 1010 851 1044 in
885 1021 918 1055 p.
945 1009 966 1044 6
1004 1009 1110 1043 inser.
1139 1009 1176 1042 et
1209 1005 1382 1050 reliquiae
1417 1004 1558 1049 sigilli).
1610 1003 1729 1038 Germ.
1755 1003 1843 1049 Sup.

70 1065 181 1100 Fund.
208 1066 224 1099 I
250 1065 276 1100 f.
293 1064 477 1100 282—30b.

193 1125 364 1159 Canisius
397 1124 596 1167 dissuadet,
631 1135 674 1156 ne
709 1125 747 1156 in
780 1124 985 1166 praesentia
1020 1133 1043 1155 a
1069 1121 1226 1164 capitulo
1261 1119 1454 1153 cathedrali
1488 1121 1687 1161 auyustano
1718 1117 1847 1150 domus

73 1179 241 1212 Societati
263 1179 419 1222 propria
439 1181 607 1220 petatur;
632 1178 770 1210 iuvenes
787 1178 891 1220 enim,
917 1177 979 1220 qni
1004 1177 1044 1209 in
1069 1174 1225 1218 capitulo
1242 1174 1325 1216 sint,
1353 1172 1521 1206 Societati
1540 1181 1676 1214 parum
1699 1171 1820 1213 favere
1829 1182 1844 1212 ,-

71 1233 291 1266 cardinalem
316 1242 453 1275 quoque
472 1235 624 1274 propter
648 1232 910 1263 universitatem
936 1229 1162 1272 dilinyanam
1197 1227 1235 1260 id
1270 1226 1581 1269 improbaturum;
1615 1224 1754 1257 obstare
1779 1224 1842 1257 So-

72 1286 207 1319 eietatis
242 1286 506 1318 constitutiones
514 1295 529 1326 ‚·
568 1283 751 1316 hominum
790 1285 929 1316 animos
970 1284 1142 1326 offensum
1180 1292 1244 1314 nec
1281 1281 1470 1323 quicquam
1512 1279 1739 1321 impetratum
1779 1278 1842 1311 iri.

71 1339 246 1382 Hoffaeus
271 1348 350 1371 vero
370 1338 608 1381 provincialis
634 1341 766 1370 censet:
800 1337 905 1379 Ilico,
940 1337 1025 1369 dum
1050 1335 1217 1368 canonici
1241 1333 1388 1377 quidam
1413 1343 1510 1365 senes
1536 1333 1575 1365 in
1599 1332 1672 1364 vita
1705 1331 1787 1373 sint,
1813 1334 1846 1363 et

72 1394 214 1426 domam
240 1396 270 1425 et
295 1392 416 1435 templi
442 1392 479 1425 S.
507 1391 656 1424 Ioannis
680 1401 785 1423 usum
806 1391 956 1433 petenda
993 1400 1085 1431 esse;
1120 1392 1285 1422 conatam
1318 1397 1562 1420 successurum
1596 1395 1665 1417 esse
1692 1388 1846 1427 propter

67 1447 308 1489 patriciorum
331 1446 500 1488 favorem,
524 1445 718 1488 penuriam
736 1445 1021 1478 contionatorum
1039 1447 1098 1476 etc.
1137 1441 1330 1476 Cardinali
1351 1441 1601 1483 fundationem
1619 1439 1844 1481 dilinyanam

71 1500 171 1533 hand
195 1501 247 1533 ita
273 1500 374 1532 cordi
400 1509 493 1541 esse;
528 1499 673 1532 eundem
699 1502 833 1541 optare,
859 1502 897 1530 ut
922 1498 1058 1539 domus,
1094 1497 1132 1529 in
1160 1506 1231 1539 qua
1257 1499 1286 1528 et
1320 1495 1395 1537 ipse
1420 1494 1588 1527 educatus
1621 1493 1666 1525 sit
1692 1496 1721 1525 et
1749 1492 1849 1525 Socii

73 1556 146 1587 iam
172 1553 340 1596 habitent,
376 1563 497 1586 eorum
520 1552 677 1595 propria
703 1551 893 1594 efficiatur.
943 1551 1100 1593 Boryz'as
1127 1549 1359 1592 praepositus
1391 1547 1570 1591 ¹qeneralis
1595 1550 1624 1580 et
1655 1545 1849 1579 Truchsess

75 1607 275 1641 cardinalis
300 1606 453 1649 Hoffaeo
479 1606 735 1638 assentiantur.

202 1660 241 1694 P.
267 1660 407 1693 Paulus
438 1659 615 1702 Hoffaeus
640 1659 678 1693 S.
704 1659 742 1692 J.
773 1658 990 1691 Germaniae
1026 1657 1227 1699 superioris
1255 1656 1483 1698 praepositus
1513 1653 1749 1698 provincialis
1774 1653 1853 1686 Au-

72 1718 177 1757 {justa
211 1714 476 1747 Vindelicornm
512 1713 608 1746 circa
642 1714 698 1746 22.
720 1712 821 1746 Iunii
848 1711 940 1744 1570
972 1711 1008 1744 S.
1027 1710 1228 1743 Francisco
1262 1709 1418 1752 Boryiae
1447 1708 1655 1752 praeposito
1687 1706 1850 1751 generali

75 1769 170 1801 hunc
193 1768 289 1801 misit
315 1766 607 1801 commentarium
634 1777 656 1799 α
680 1777 715 1800 se
741 1766 990 1808 compositum:

193 1827 215 1869 †
240 1826 443 1861 Admodum
469 1825 680 1860 Reuerende
706 1824 741 1859 in
769 1824 912 1859 Christo
938 1823 1057 1857 Pater.
1108 1821 1188 1856 Pax
1215 1820 1349 1856 Christi
1376 1822 1443 1855 etc.

195 1886 274 1922 Scio
299 1885 340 1921 P.
367 1886 537 1920 Vestram
567 1885 665 1919 cordi
699 1884 830 1919 habere
865 1894 1020 1918 messem
1047 1882 1310 1926 Augustanam,
1346 1880 1477 1915 iccirco
1512 1890 1603 1924 quae
1638 1879 1851 1923 sequuntur,

76 1939 262 1974 cordacius
284 1939 412 1974 scribo.
455 1938 535 1973 Non
553 1938 697 1973 videtur
723 1938 847 1972 decere
873 1948 938 1971 nec
964 1935 1133 1981 expedire
1152 1934 1368 1969 Societatem
1395 1933 1453 1968 hic
1472 1944 1551 1967 esse
1573 1931 1641 1967 nisi
1668 1931 1850 1974 stabilem,

74 1996 297 2039 perpetuam,
324 2004 476 2037 eamque
502 1992 652 2027 liberam
681 1991 813 2026 habeat
838 1989 1112 2033 habitationem,
1145 1988 1224 2024 siue
1250 1999 1313 2033 pro
1340 1987 1511 2031 Collegio,
1546 1985 1623 2021 siue
1657 1997 1720 2031 pro
1746 1985 1849 2019 domo

75 2047 249 2092 professa,
276 2057 367 2090 quae
392 2045 480 2080 mihi
507 2045 574 2080 hoc
607 2047 768 2090 tempore
794 2044 911 2088 magis
936 2043 1108 2089 placeret,
1143 2041 1214 2076 nisi
1239 2040 1397 2085 Fuggeri
1432 2051 1498 2075 sua
1532 2050 1598 2073 nos
1631 2038 1848 2073 liberalitate

74 2101 212 2135 vellent
238 2100 353 2135 beare.
404 2099 453 2133 At
478 2099 564 2134 talis
589 2098 765 2134 habitatio
791 2098 858 2132 hoc
884 2097 1027 2142 quidem
1061 2098 1224 2141 tempore
1258 2106 1328 2129 non
1354 2094 1424 2129 nisi
1458 2093 1502 2128 ab
1537 2093 1658 2137 aliquo
1683 2091 1849 2138 Capitulo

75 2155 219 2189 videtur
244 2153 395 2188 obtineri
421 2164 539 2198 posse.
589 2152 690 2196 Rogo
724 2151 847 2196 itaque
874 2151 913 2186 P.
932 2150 977 2185 V.
1003 2150 1188 2194 dignetur.
1206 2148 1295 2183 mihi
1329 2148 1478 2183 liberam
1513 2148 1730 2192 potestatem
1767 2156 1849 2180 cum

77 2207 243 2253 Capitulo
268 2207 308 2242 B.
335 2206 522 2250 Virginis¹
548 2206 592 2240 de
626 2205 847 2240 habitatione
881 2206 1056 2250 perpetua
1090 2201 1312 2249 practicandi
1346 2202 1463 2236 dare³.
1514 2200 1564 2234 Vt
1589 2202 1711 2234 autem
1737 2199 1778 2235 P.
1803 2198 1849 2234 V.

74 2273 196 2296 meum
221 2260 435 2306 procedendi
469 2259 613 2294 modum
648 2258 831 2303 intelligat
865 2260 902 2293 et
937 2260 1036 2292 tanto
1062 2268 1101 2291 se
1127 2255 1272 2291 facilius
1306 2254 1343 2289 in
1368 2255 1461 2289 hanc
1487 2256 1550 2288 aut
1582 2253 1682 2287 illam
1706 2254 1847 2298 partem

76 2314 245 2357 resoluat,
273 2313 442 2358 dignetur
468 2324 585 2348 meam
611 2312 881 2358 simplicitatem
907 2322 999 2356 quae
1024 2310 1084 2345 hic
1111 2309 1285 2355 sequitur,
1311 2308 1443 2353 legere.

760 2378 829 2412 Pro
854 2379 956 2423 parte
981 2375 1165 2419 negatiua.

194 2440 355 2474 Primum
394 2439 646 2482 argumentum
683 2436 834 2483 protulit
869 2436 910 2472 R.
937 2436 976 2471 P.
1005 2434 1172 2470 Canisius
1211 2433 1262 2475 (et
1297 2433 1465 2468 existimo
1500 2432 1577 2466 eius
1611 2430 1785 2465 fratrem²
1809 2430 1847 2464 in

77 2494 201 2529 eadem
235 2492 416 2528 sententia
451 2503 541 2534 esse,
576 2490 667 2525 nihil
702 2490 796 2525 enim
823 2489 905 2524 volo
940 2489 1086 2532 celare).
1140 2489 1183 2523 Js
1218 2488 1270 2522 ait
1303 2486 1416 2521 inscio
1443 2484 1632 2521 Cardinale
1657 2483 1747 2518 nihil
1772 2485 1848 2517 ten-

76 2548 224 2583 tandum
252 2558 331 2581 esse
344 2547 367 2588 ³,
394 2544 621 2581 Cardinalem
648 2556 734 2578 vero
760 2554 943 2588 nunquam
977 2552 1236 2577 consensurum
1263 2542 1305 2575 vt
1332 2539 1538 2585 Capitulum
1572 2538 1675 2572 nobis
1708 2537 1849 2572 habita-

76 2602 209 2636 tionem
235 2603 446 2646 perpetuam
482 2600 589 2633 donet
624 2601 660 2633 et
694 2597 838 2642 quidem
873 2597 963 2632 duas
988 2596 1032 2630 ob
1068 2606 1208 2630 causas.
1261 2594 1298 2630 1‘3
1324 2593 1416 2638 quod
1451 2592 1541 2627 velit
1576 2590 1777 2627 Cardinalis
1801 2590 1848 2625 ad

76 2654 323 2690 fundationem
348 2652 499 2698 Collegij
527 2650 710 2697 Dilinganj
739 2650 896 2696 Capituli
927 2660 1142 2684 consensum
1177 2658 1381 2694 procurare,
1415 2646 1478 2681 sed
1504 2646 1600 2680 hunc
1634 2655 1848 2680 consensum

196 2719 224 2751 a)
245 2720 306 2745 Hoc
325 2727 349 2743 υ.
369 2719 405 2743 ab
425 2719 462 2743 H.
482 2725 576 2749 supra
595 2724 712 2742 versum
731 2715 873 2747 scriptum
893 2717 944 2739 est.

201 2828 209 2846 ²
237 2825 326 2860 Cum
354 2824 513 2869 capitulo
539 2823 758 2859 cathedralis
783 2822 968 2858 ecclesiae.

197 2880 211 2901 ²
237 2879 276 2913 P.
303 2877 564 2913 Theodoricum
600 2877 783 2913 Canisium
823 2877 999 2910 rectorem
1034 2873 1178 2917 collegii
1214 2871 1400 2916 dilingani.
1449 2871 1580 2906 Petrus
1606 2870 1772 2906 Canisius
1806 2880 1850 2904 eo

77 2937 238 2979 tempore
263 2931 430 2975 Dilingae
455 2930 640 2966 habitasse
666 2930 829 2971 videtur3
856 2928 963 2964 facile
987 2931 1108 2962 tamen
1134 2926 1307 2962 Hoffaeus
1333 2937 1413 2960 eum
1436 2925 1641 2970 Augustam
1666 2935 1851 2959 arcessere

78 2988 239 3033 poterat;
277 2985 347 3020 nisi
372 2984 481 3019 -id
519 2984 612 3029 quod
650 2983 739 3018 mihi
776 2982 894 3026 magis
934 2981 1107 3027 probatur
1142 2999 1188 3004 —
1224 2991 1305 3015 eum
1343 2979 1478 3025 scripto
1516 2979 1733 3013 sententiam
1771 2988 1850 3023 pro-

275 3051 286 3072 l
307 3066 314 3073 .

77 3041 173 3075 ferre
198 3041 439 3128 ὲηῗῆξᾶίηῆϋε
466 3091 552 3126 Otto
578 3089 779 3125 Truchsess
804 3088 939 3124 Romae
963 3087 1192 3129 morabatur;
1217 3098 1252 3122 v.
1278 3097 1387 3133 supra
1413 3098 1446 3132 p.
1464 3086 1548 3125 413.

1486 3145 1560 3181 33*
