2044 3335
184 140 253 164 ΧΠ
752 127 797 160 Il.
825 125 1049 160 Prooemium
1077 124 1269 159 voluminis
1295 124 1400 159 sexti.

184 246 430 301 Onuphrius
464 244 698 287 panvinius
721 242 771 285 Ο.
795 242 835 284 S.
860 242 986 295 Aug„
1020 242 1281 284 Laurentius
1304 242 1454 284 Surius
1478 241 1527 284 Ο.
1551 242 1681 291 Cart,
1715 242 1790 285 Dr.
1813 242 1948 284 Nico-

183 312 278 354 laus
312 311 541 358 Sanderus,
576 310 730 350 Petrus
757 308 953 349 Busaeus
976 308 1017 349 S.
1041 307 1099 356 J„
1133 306 1382 361 Alphonsus
1404 307 1587 349 Pisanus
1611 307 1650 350 S.
1675 307 1730 358 J„
1765 307 1950 349 Ioannes

183 377 366 419 Rethius
399 376 439 418 S.
463 375 517 424 «1.,
551 373 807 415 Franciscus
840 371 1078 414 Turrianus
1111 371 1151 414 S.
1177 372 1216 414 J.

301 441 375 483 IV.
409 440 621 482 Volumen
654 438 734 479 hoc
763 451 790 478 a
811 451 866 479 m.
890 438 1089 489 Augusto
1124 436 1223 478 anni
1254 437 1363 478 1567
1388 437 1442 478 ad
1465 437 1745 478 Decembrem
1769 451 1807 479 a.
1834 438 1944 479 1571

183 505 379 560 procedit
410 508 455 547 et
488 503 671 558 plurima
700 501 905 552 continet,
939 502 1093 554 quibus
1116 515 1212 543 cum
1234 501 1465 543 universae
1489 501 1746 543 Germaniae
1767 501 1951 544 historia

184 570 480 612 ecclesiastica
520 569 778 617 illustratur,
820 570 912 609 tum
953 567 1082 609 rebus
1115 566 1346 609 Societatis
1378 567 1477 609 Iesu
1519 570 1562 609 et
1594 567 1783 609 maxime
1814 566 1950 621 ipsius

183 635 340 678 Canisii
372 648 532 676 novum
563 634 707 674 lumen
741 632 930 675 affertur,

302 701 369 741 En
401 698 706 754 praecipua
739 696 952 751 capita:

303 776 333 810 1.
360 774 485 809 Multis
511 773 663 808 ecclesia
689 771 865 806 catholica
890 771 927 805 in
955 771 1147 805 Germania
1172 770 1359 805 laborabat
1394 771 1700 805 incommodis
1726 773 1771 805 et
1795 771 1949 806 malis.

183 830 215 862 A
242 828 280 863 cl
292 841 309 862 e
321 840 368 862 ro
387 828 565 872 incipiam.
602 825 766 861 Canisius
781 825 883 858 annis
900 825 989 859 1567
1006 827 1041 858 et
1058 824 1147 859 1568
1163 823 1342 868 queritur:
1370 823 1471 858 Solos
1490 824 1691 858 cardinales
1705 827 1947 868 augustanum

184 884 220 916 et
246 881 531 915 constantienses
565 879 722 924 synodos
760 878 991 912 dioecesanas
1026 889 1047 911 a
1083 877 1232 911 concilio
1267 878 1462 911 tridentino
1497 877 1738 922 praescriptas
1770 877 1949 917 habuisse,

183 934 339 978 reliquos
366 946 450 967 vero
477 933 662 978 episcopos
688 931 795 965 malle
821 933 1044 976 spectatores
1080 942 1186 974 quam
1216 932 1395 972 „actores“
1427 941 1505 964 esse
1535 930 1633 973 (38);
1659 942 1704 964 ex
1730 930 1951 975 principibus

184 987 397 1021 electoribus
424 985 678 1020 ecclesiasticis
704 984 840 1018 nullum
869 984 1012 1017 decreta
1038 983 1234 1017 tridentina
1259 983 1508 1028 promulgasse
1531 983 1650 1027 (181);
1676 995 1791 1027 neque
1811 983 1949 1017 institui

185 1040 392 1074 clericorum
419 1039 621 1080 seminaria,
649 1038 790 1071 etiamsi
817 1036 1031 1071 Germaniae
1057 1036 1163 1070 valde
1189 1037 1394 1070 necessaria
1420 1037 1493 1070 sint
1521 1036 1641 1079 (181);
1679 1036 1848 1071 inclinare
1874 1037 1951 1081 qui-

184 1094 263 1127 dem
290 1094 535 1138 episcoporum
563 1091 698 1135 aliquot
723 1090 860 1124 animos
886 1090 920 1123 in
948 1101 1069 1124 eorum
1088 1090 1361 1130 institutionem,
1396 1090 1459 1123 sed
1486 1089 1645 1134 capitula
1663 1089 1882 1124 cathedralia
1908 1102 1950 1124 ea

184 1147 220 1180 in
238 1159 275 1180 re
293 1147 546 1191 impedimento
564 1145 682 1189 potius
701 1155 808 1188 quam
827 1143 1029 1177 adiumento
1048 1154 1127 1177 esse
1143 1142 1242 1186 (181)
1258 1156 1265 1183 ;
1293 1143 1470 1188 episcopis
1487 1143 1674 1186 theologos
1693 1146 1729 1177 et
1746 1143 1952 1177 canonistas

184 1199 308 1234 deesse
330 1200 440 1242 (182),
465 1201 501 1232 et
518 1211 563 1232 ex
581 1198 720 1232 illorum
740 1196 954 1231 consiliariis
971 1196 1143 1241 plurimos
1169 1207 1248 1230 esse
1266 1196 1474 1230 lutheranos
1494 1196 1616 1240 (182);
1644 1197 1737 1241 apud
1756 1196 1949 1230 maximam

185 1253 441 1287 catholicorum
467 1255 606 1296 partem
633 1251 753 1285 sedem
779 1250 1011 1295 apostolicam
1039 1249 1254 1283 auctoritate
1281 1260 1360 1283 esse
1387 1250 1617 1290 destitutam;
1645 1261 1705 1284 eos
1731 1251 1861 1291 autem,
1888 1250 1950 1294 qui

184 1307 370 1340 benevolis
396 1306 431 1339 in
459 1317 535 1339 eam
563 1304 690 1338 animis
717 1305 798 1343 sint,
825 1306 984 1337 metuere
1012 1305 1047 1337 et
1066 1315 1204 1343 cavere,
1231 1314 1275 1336 ne
1294 1302 1411 1347 palam
1431 1306 1628 1347 appareant
1645 1303 1819 1346 singulari
1837 1303 1951 1348 ponti-

185 1360 262 1394 ficis
289 1360 405 1403 gratia
430 1359 600 1392 fiorentes
635 1357 693 1391 vel
719 1358 819 1391 curia
844 1368 991 1391 romana
1026 1355 1252 1390 familiariter
1278 1359 1422 1390 utentes
1449 1357 1573 1399 (18Ο);
1611 1368 1782 1390 censuras
1809 1367 1951 1401 quoque

185 1413 451 1447 ecclesiasticas
485 1412 561 1445 fere
595 1422 741 1455 prorsus
776 1410 920 1453 neglegi
957 1409 1071 1453 (181),
1108 1413 1144 1443 et
1178 1409 1416 1443 confessarios
1450 1411 1599 1454 peccata
1632 1421 1702 1444 non
1728 1410 1952 1453 singillatim,

187 1467 248 1500 sed
280 1466 334 1508 ⁷,in
361 1466 510 1509 genere‘*
542 1464 663 1498 audire
702 1464 762 1506 (78
791 1463 895 1504 182);
930 1463 1104 1507 parochos
1138 1463 1272 1496 multos
1308 1462 1567 1497 absolutionem
1598 1464 1734 1508 pariter
1758 1463 1952 1498 haereticis

185 1531 227 1554 ac
253 1519 437 1553 catholicis
464 1518 646 1563 impertire
675 1516 795 1559 (182);
824 1517 921 1561 ipsos
948 1516 1055 1550 etiam
1076 1516 1249 1560 parochos
1277 1515 1338 1549 vix
1364 1516 1475 1550 semel
1495 1516 1648 1559 singulis
1674 1516 1776 1550 annis
1802 1519 1953 1561 peccata

186 1573 347 1607 confiteri
376 1572 498 1616 (182);
536 1583 579 1604 ne
615 1570 899 1604 ecclesiasticum
935 1569 1078 1613 quidem
1115 1569 1273 1602 ordinem
1309 1580 1441 1613 pravos
1468 1581 1583 1603 mores
1610 1570 1798 1604 emendare
1827 1570 1950 1613 (182);

186 1626 341 1660 omnium
369 1628 489 1659 autem
508 1625 682 1669 pessimos
709 1634 789 1657 esse
808 1622 1066 1657 cathedralium
1086 1622 1318 1656 ecclesiarum
1346 1621 1512 1663 clericos;
1540 1622 1664 1656 horum
1684 1623 1817 1657 morbis
1835 1635 1950 1667 neque

186 1679 400 1724 pontificem,
436 1689 552 1721 neque
587 1678 838 1722 imperatorem
873 1687 977 1720 posse
1004 1675 1148 1717 mederi,
1185 1687 1401 1719 quamquam
1436 1687 1481 1709 ne
1507 1675 1602 1710 hunc
1627 1676 1769 1720 quidem
1796 1676 1950 1710 multum

186 1735 379 1767 vereantur
408 1731 521 1774 (182).

306 1785 511 1819 Cavendum
540 1784 680 1827 quidem
709 1784 774 1825 est,
800 1794 844 1816 ne
870 1782 1072 1816 huiusmodi
1098 1781 1290 1815 relationes
1316 1781 1421 1816 nimis
1448 1781 1729 1826 amplificentur;
1767 1782 1950 1818 Canisium

187 1839 280 1872 enim
310 1839 404 1880 „fere
430 1837 568 1871 ‘tristia‘
598 1836 764 1870 nuntiare
783 1835 1013 1869 consuevisse
1031 1834 1101 1868 iam
1121 1834 1203 1868 olim
1223 1834 1262 1868 P.
1282 1834 1422 1868 Natalis
1440 1835 1581 1869 notavit
1609 1835 1711 1877 (Can.
1730 1835 1762 1869 V
1788 1836 1923 1879 xxxvl)
1941 1849 1949 1876 ;

188 1894 225 1925 et
250 1890 433 1935 complura
459 1902 479 1924 a
506 1890 647 1923 Canisio
674 1889 724 1922 ita
751 1889 928 1929 dicuntur,
962 1892 1012 1928 ut,
1050 1888 1082 1921 si
1108 1888 1219 1921 verba
1246 1887 1359 1921 obiter
1384 1888 1596 1932 inspexeris,
1624 1888 1667 1922 iis
1693 1900 1816 1922 omnes
1841 1891 1951 1932 atque

186 1944 303 1978 omnia
330 1943 581 1988 comprehendi
606 1946 720 1987 putes,
747 1943 803 1976 sin
830 1945 948 1975 autem
968 1942 1170 1975 accuratius
1197 1952 1239 1975 ea
1257 1941 1450 1985 expendaS‚
1477 1953 1522 1975 ex
1541 1953 1658 1975 rerum
1677 1944 1952 1986 temporumque

187 1998 325 2032 ratione
352 2008 560 2040 cognoscas,
586 2008 626 2030 ea
654 1996 696 2029 ad
725 1996 822 2029 solas
846 1995 1010 2038 regiones
1037 1994 1175 2038 aliquot
1200 1998 1236 2028 et
1261 1995 1381 2038 aliqua
1408 1994 1590 2028 hominum
1609 2006 1742 2036 genera
1759 1995 1949 2040 pertinere.

186 2051 443 2086 Verumtamen
469 2053 563 2091 sunt,
590 2061 681 2093 quae
708 2049 805 2082 nullo
831 2049 935 2082 modo
962 2048 997 2081 in
1024 2048 1167 2081 dubium
1197 2048 1316 2081 vocari
1343 2047 1400 2081 vel
1437 2048 1601 2081 excusari
1628 2048 1776 2092 possint.
1826 2048 1882 2082 Ita
1907 2049 1951 2082 de

190 2104 380 2139 Gebhardo
406 2103 605 2137 Truchsess
641 2102 809 2136 canonico
846 2105 1046 2144 augustano
1074 2101 1151 2145 (qui
1182 2101 1365 2144 aliquanto
1391 2106 1473 2145 post
1498 2101 1540 2134 ad
1568 2104 1811 2145 protestantes
1836 2106 1949 2136 trans-

186 2158 303 2191 iturus
329 2160 364 2190 et
390 2169 452 2201 pro
478 2157 522 2190 iis
549 2156 723 2190 adversus
750 2155 944 2189 catholicos
971 2155 1169 2188 bellaturus
1197 2156 1288 2197 erat)
1316 2166 1386 2188 non
1412 2154 1527 2188 solum
1552 2155 1727 2196 Canisius,
1752 2156 1816 2189 sed
1842 2155 1950 2190 etiam

188 2210 381 2244 cardinalis
408 2210 493 2244 Otto
511 2209 711 2242 Truchsess
738 2211 888 2253 patruus
913 2208 1027 2253 ipsius
1054 2211 1090 2242 et
1107 2208 1167 2241 alii
1186 2208 1342 2252 pessima
1359 2208 1592 2241 nuntiarunt:
1620 2207 1842 2248 Gebhardus,
1869 2220 1950 2243 cum

188 2264 379 2307 diligenter
407 2263 593 2296 institutus
620 2265 716 2295 esset
742 2264 778 2296 et
802 2273 866 2306 per
900 2261 1046 2304 longum
1081 2264 1224 2305 tempus
1250 2261 1307 2305 pie
1333 2261 1498 2301 vixisset,
1533 2261 1720 2304 Augustae
1748 2280 1791 2285 —
1817 2262 1951 2306 pravis,

187 2321 284 2361 puto,
310 2316 485 2360 exemplis
511 2318 700 2360 corruptus
727 2334 769 2338 —-
796 2326 912 2358 neque
939 2315 983 2348 ad
1008 2314 1183 2359 templum
1209 2325 1324 2357 neque
1351 2314 1394 2347 ad
1422 2313 1616 2358 capitulum
1643 2314 1774 2354 adibat,
1801 2315 1951 2359 profano

188 2370 335 2410 vestitu,
362 2369 621 2403 subdiaconatu
648 2369 717 2402 iam
744 2368 917 2409 initiatus,
945 2380 1008 2412 per
1026 2368 1147 2402 urbem
1167 2367 1482 2408 circumcursabat,
1513 2368 1554 2400 15
1573 2379 1683 2411 equos
1710 2370 1746 2402 et
1763 2371 1953 2412 suspectas

190 2423 328 2467 aliquot
351 2423 521 2456 mulieres
556 2433 677 2455 secum
713 2421 877 2462 habebat,
913 2421 996 2454 vino
1031 2421 1075 2454 ad
1111 2421 1320 2454 ebrietatem
1354 2431 1466 2464 usque
1491 2420 1702 2463 indulgebat
1741 2420 1824 2464 (365
1851 2421 1948 2465 379).

190 2476 309 2520 Ipsum
338 2479 455 2509 autem
477 2474 682 2508 cathedrale
700 2473 896 2518 capitulum
916 2474 1090 2507 adversus
1109 2474 1248 2507 concilii
1265 2474 1450 2507 tridentini
1469 2473 1611 2507 decreta
1630 2474 1672 2507 de
1697 2474 1952 2508 reformatione

189 2530 286 2562 facta
312 2529 606 2573 protestationem
624 2527 801 2571 quandam
820 2528 914 2572 apud
933 2527 1149 2561 cardinalem
1169 2527 1383 2571 interposuit
1402 2527 1523 2570 (181);
1550 2527 1585 2560 in
1603 2526 1838 2571 parochorum
1857 2527 1950 2562 dioe-

190 2582 282 2616 cesis
308 2584 532 2624 augustanae
558 2592 706 2614 numero
737 2581 782 2615 30
817 2584 1005 2624 apostatae
1032 2583 1143 2621 erant,
1178 2592 1295 2624 neque
1330 2580 1391 2614 alii
1417 2580 1453 2613 in
1479 2592 1601 2614 eorum
1635 2580 1752 2614 locum
1778 2581 1950 2615 substitui

190 2637 368 2679 poterant,
402 2635 485 2678 quia
520 2646 622 2667 nemo
659 2637 801 2678 praesto
837 2638 915 2667 erat
952 2634 1065 2676 (182).
1126 2634 1224 2675 Quae
1259 2645 1339 2667 cum
1374 2634 1424 2667 ita
1457 2637 1596 2673 essent,
1631 2644 1688 2667 res
1723 2636 1843 2667 tamen
1879 2634 1947 2679 epi-

191 2691 359 2732 scopatus
395 2688 585 2729 augustani
621 2686 726 2729 longe
762 2686 907 2720 meliore
941 2687 1016 2721 loco
1052 2698 1157 2731 quam
1195 2686 1412 2730 reliquarum
1439 2686 1653 2720 dioecesium
1680 2698 1759 2720 esse
1785 2687 1951 2721 Canisius

190 2741 359 2774 censebat
388 2740 500 2783 (182).
540 2740 604 2773 Cui
630 2740 787 2773 vicarius
814 2740 957 2783 quidam
978 2741 1157 2783 generalis
1176 2740 1286 2774 dixit:
1313 2740 1353 2774 In
1372 2740 1579 2784 episcopatu
1598 2750 1662 2773 suo
1680 2751 1724 2773 ne
1745 2740 1787 2774 10
1806 2740 1948 2783 quidem

192 2793 365 2837 parochos
391 2796 545 2833 exstare,
572 2792 631 2836 qui
658 2804 728 2826 non
755 2795 877 2826 essent
903 2793 1144 2827 concubinarii
1173 2793 1286 2836 (183).

310 2847 348 2879 In
374 2845 517 2879 laicis
544 2856 683 2888 quoque
709 2844 896 2879 catholicis
921 2846 1036 2879 multa
1053 2846 1359 2880 desiderabantur.
1398 2845 1668 2879 Maximilianus
1686 2845 1729 2879 ΙΙ.
1757 2845 1952 2890 imperator

191 2911 223 2934 a.
253 2899 353 2939 1568,
380 2903 419 2932 ut
446 2911 490 2931 ex
517 2899 568 2931 rei
594 2898 813 2932 nummariae
841 2899 1019 2941 angustiis
1054 2903 1264 2943 emergeret,
1300 2899 1466 2933 Austriae
1492 2898 1671 2932 inferioris
1697 2899 1889 2933 baronibus
1915 2901 1951 2933 et

191 2951 368 2985 nobilibus
404 2951 590 2991 concessit,
626 2954 666 2984 ut
701 2962 779 2984 cuin
816 2950 1019 2985 hominibus
1054 2951 1211 2996 ipsorum
1249 2952 1422 2996 potestati
1457 2951 1628 2985 subiectis
1665 2951 1701 2984 in
1727 2951 1815 2995 ipsis
1841 2952 1948 2984 etiam

192 3005 354 3039 ecclesiis
393 3006 643 3048 „patrmatus‘
683 3004 738 3037 sui
775 3003 1041 3038 Confessionem
1078 3006 1329 3048 Augustanam
1365 3005 1475 3039 libere
1511 3015 1678 3038 exercere
1712 3006 1877 3048 possent;
1914 3007 1952 3037 et

192 3069 272 3092 cum
308 3068 349 3091 ea
385 3058 428 3091 de
463 3068 571 3090 causa
610 3068 628 3090 a
668 3056 701 3090 S.
734 3057 798 3090 Pio
826 3056 867 3090 V.
895 3057 1087 3091 cardinalis
1124 3057 1406 3092 Commendonus
1444 3057 1488 3092 ad
1526 3057 1627 3091 illum
1665 3057 1808 3100 legatus
1842 3058 1950 3097 esset,

190 3110 461 3144 Maximilianus
486 3121 563 3144 eum
583 3110 727 3152 indigne
745 3110 917 3143 tractavit
942 3121 983 3144 ac
1002 3110 1130 3144 misere
1149 3111 1289 3155 decepit
1318 3111 1440 3154 (223)ss
1468 3109 1612 3154 237s8);
1640 3110 1711 3144 iam
1729 3112 1849 3144 autem
1866 3109 1950 3142 inde
