2044 3335
142 118 198 161 30
330 117 431 151 1487.
459 116 625 151 Canisius
651 116 684 151 S.
705 116 894 151 Francisco
921 116 1085 159 Borgiae.
1136 116 1304 159 Augusta
1321 115 1428 151 Vind.
1446 116 1502 151 27.
1521 118 1614 161 Aug.
1637 118 1738 153 1567.

143 236 184 268 vt
208 234 485 279 perfectioribus
510 234 580 268 iam
608 235 937 268 connumeraretur.
980 233 1050 267 Hic
1075 244 1161 276 ergo
1187 233 1377 268 Eduardus
1404 234 1447 268 de
1472 234 1694 279 professione
1721 246 1801 269 cum
1827 235 1908 281 alijs

143 287 307 321 facienda
333 287 501 329 monitus,
540 287 659 331 palam
685 289 908 331 protestatus
936 288 992 320 est
1016 298 1055 320 se
1082 286 1174 320 bona
1200 287 1420 321 conscientia
1447 299 1525 322 eam
1551 287 1671 323 facere
1697 300 1766 323 non
1792 300 1909 334 posse,

142 339 305 384 Rogatus
331 352 487 381 causam,
524 340 614 374 dixit
650 339 719 374 alio
754 339 831 374 loco
867 351 906 373 se
941 351 1020 373 eam
1047 339 1322 384 explicaturum.
1374 339 1511 375 Vocaui
1546 341 1668 385 itaque
1694 353 1776 375 eum
1801 341 1908 386 paulo

143 395 225 437 post
249 393 293 427 ad
320 393 524 427 cubiculum
551 404 669 427 meum
695 393 757 427 vbi
783 392 954 436 Theologi
981 391 1042 437 alij
1070 392 1230 434 aderant,
1267 393 1381 437 petita
1407 395 1464 428 est
1489 405 1607 436 causa,
1646 394 1844 440 Respondit
1869 405 1908 429 se

142 445 261 480 iurare
287 457 357 479 non
383 457 488 490 posse
514 446 549 480 in
576 446 843 480 venerationem
869 445 1077 489 imaginum,
1104 445 1344 480 obedientiam
1370 447 1549 491 pontificis
1575 449 1643 481 etc.
1694 448 1826 482 Actum
1852 449 1909 482 est

144 510 224 533 cum
259 498 320 532 illo
346 499 507 533 suauiter
532 499 657 533 multis
682 499 892 534 rationibus.
942 499 1077 534 Verum
1104 499 1325 543 pertinacem
1351 499 1565 534 inuenimus.
1616 501 1747 535 Jussus
1782 502 1838 535 est
1871 500 1908 534 in

144 552 347 586 cubiculum
374 552 552 593 secedere,
580 552 655 586 dati
682 552 714 586 ei
739 554 824 586 sunt
849 552 931 586 libri
959 551 1145 594 Catholici,
1187 555 1341 595 egerunt
1365 553 1500 597 singuli
1526 554 1601 587 fere
1627 552 1801 595 Theologi
1827 564 1908 587 cum

143 616 184 638 eo
211 604 380 649 priuatim
406 606 539 640 multas
566 605 673 640 horas
697 606 856 649 quotidie
882 608 918 639 et
935 605 1020 639 viua
1038 616 1137 646 voce,
1164 607 1201 639 et
1225 606 1372 650 scripto,
1399 605 1468 640 Sed
1495 607 1525 640 is
1551 606 1768 651 pertinacior
1793 605 1908 640 indies

142 658 368 699 reddebatur,
396 660 431 692 et
456 659 614 692 rationes
633 658 750 693 nullas
769 658 995 699 admittebat,
1022 658 1090 692 hoc
1107 670 1217 693 vnum
1237 659 1467 704 respondens,
1493 671 1599 693 suum
1617 659 1784 704 spiritum
1802 659 1908 693 aliter

142 710 210 744 sibi
236 712 375 752 testari,
402 713 438 745 et
463 723 567 745 omne
592 714 850 745 tormentorum
878 723 917 746 se
942 723 1058 755 genus
1084 711 1183 757 prius
1207 712 1362 757 experiri
1380 712 1476 746 velle
1494 724 1600 757 quam
1628 724 1649 746 a
1674 713 1750 746 suis
1775 712 1908 757 opinio·

141 764 247 798 nibus
273 764 468 799 recederet.
520 764 656 799 Habuit
691 768 810 799 autem
847 765 998 809 phrases
1032 765 1202 809 loquendi
1237 766 1351 799 nostri
1376 765 1550 810 temporis
1584 765 1777 800 haereticis
1802 765 1908 810 plane

142 816 355 852 conformes.
407 817 510 851 Vnde
537 818 733 862 quaesitus,
769 818 915 852 Vbinam
942 818 1031 852 haec
1057 818 1252 860 didicisset,
1289 818 1498 864 Respondit,
1524 830 1667 864 semper
1692 818 1744 853 ita
1769 830 1808 853 se
1834 830 1908 853 cre-

143 869 288 912 didisse,
316 874 352 905 et
377 874 514 904 certum
541 882 579 905 se
607 882 686 905 esse
712 871 755 905 de
781 871 945 912 veritate,
973 871 1143 915 quicquid
1169 872 1314 906 tandem
1333 872 1499 906 definiret
1516 872 1691 917 pontifex,
1710 871 1907 906 Concilium

142 922 201 956 vel
227 923 298 957 alia
325 924 507 958 hominum
527 925 761 968 congregatio
779 926 847 960 etc.
880 925 1037 959 Tandem
1058 937 1138 959 cum
1157 925 1363 960 videremus
1382 925 1600 960 obstinatum
1621 937 1700 959 esse
1717 924 1908 967 hominem,

142 987 209 1010 nec
226 976 302 1011 vlla
321 978 458 1011 ratione
475 978 571 1011 flecti
591 989 706 1022 posse,
734 978 897 1012 misimus
916 990 996 1012 eum
1016 978 1060 1012 ad
1078 991 1111 1023 p.
1130 979 1398 1024 prouincialem,
1426 978 1605 1024 Monachij
1624 981 1711 1012 tunc
1729 979 1906 1021 agentem.

142 1029 277 1063 Verum
313 1030 385 1071 ille,
421 1030 546 1064 relicto
581 1043 614 1076 p.
641 1031 864 1075 prouinciali,
900 1031 945 1065 ad
979 1031 1137 1066 vicinam
1173 1031 1256 1066 huic
1291 1032 1421 1077 oppido
1456 1032 1642 1067 ciuitatem
1675 1031 1906 1073 haereticam,

144 1083 285 1117 nomine
311 1083 557 1126 Lawingam1,
593 1084 750 1126 deflexit,
777 1085 838 1118 vbi
864 1085 908 1119 ab
935 1084 1127 1120 haereticis
1153 1086 1476 1128 concionatoribus,
1502 1088 1543 1120 vt
1569 1085 1678 1119 habet
1703 1096 1823 1118 rumor
1848 1083 1907 1118 hic

145 1147 303 1180 sparsus,
338 1137 491 1180 benigne
517 1141 709 1182 susceptus
735 1140 790 1172 est
802 1139 824 1179 2,
861 1142 896 1172 et
922 1150 1036 1172 nouae
1062 1139 1249 1173 cuiusdam
1276 1139 1359 1173 fidei
1385 1140 1644 1184 professionem
1677 1138 1808 1172 ibidem
1834 1137 1907 1172 fac-

144 1192 248 1223 turus
274 1190 415 1225 dicitur.
466 1190 512 1224 Et
537 1191 595 1224 hic
620 1191 702 1225 finis
728 1195 784 1225 est
808 1191 915 1226 huius
941 1192 1061 1234 Angli,
1095 1192 1156 1236 qui
1181 1192 1212 1227 si
1238 1192 1442 1227 haereticus
1476 1193 1546 1226 fuit
1571 1203 1720 1236 semper,
1755 1193 1797 1225 vt
1831 1190 1908 1236 ipse

145 1242 206 1283 ait,
233 1243 408 1286 insignem
436 1244 596 1288 profecto
623 1244 806 1289 praestitit-
828 1246 881 1278 tot
898 1245 1081 1279 mensibus
1100 1245 1337 1290 hypocritam,
1364 1246 1662 1280 Commendamus
1688 1244 1789 1278 illum
1808 1244 1847 1278 P.
1866 1243 1906 1278 T.

145 1297 181 1329 et
206 1295 357 1330 aliorum
384 1300 526 1341 patrum
554 1299 590 1331 et
615 1298 767 1331 fratrum
795 1298 970 1343 precibus,
998 1299 1028 1332 si
1054 1298 1148 1333 forte
1174 1300 1251 1333 eius
1269 1299 1461 1343 aliquando
1479 1299 1693 1333 misereatur
1710 1296 1903 1332 Dominus“

148 1348 209 1388 (ex
235 1352 394 1392 autogr.;
423 1349 465 1383 G.
485 1350 548 1395 Ep.
564 1350 651 1384 VIII
676 1351 700 1385 f.
719 1351 814 1396 136).
850 1351 949 1386 Haec
967 1351 1095 1386 relatio
1113 1352 1345 1386 confirmatur
1362 1355 1398 1387 et
1416 1352 1603 1397 suppletur
1620 1350 1790 1392 *litteris,
1816 1360 1907 1394 quas

145 1401 184 1435 P.
207 1403 359 1436 Thomas
388 1404 516 1436 Gallus
541 1403 575 1438 S.
590 1404 622 1438 J.
649 1404 850 1448 theologiae
876 1405 911 1438 in
938 1405 1175 1440 universitate
1201 1405 1385 1449 dilingana
1410 1405 1591 1451 professor
1616 1404 1761 1448 Dilinga
1789 1405 1817 1438 1.
1837 1402 1905 1437 No·

144 1455 302 1490 vembris
320 1456 408 1491 1567
427 1456 470 1490 ad
489 1456 524 1491 S.
539 1456 769 1492 Franciscum
787 1457 955 1501 Borgiam
974 1458 1082 1492 dedit.
1122 1458 1177 1493 Ita
1195 1459 1288 1493 enim
1307 1459 1387 1493 ille:
1411 1459 1519 1501 „Cum
1538 1458 1691 1502 quodam
1710 1457 1766 1491 die
1784 1467 1906 1491 omnes

143 1508 188 1542 ad
207 1508 385 1543 Sacellum
404 1512 563 1544 nostrum
584 1511 627 1544 ad
646 1511 883 1556 profitendam
902 1511 1008 1545 fidem
1027 1523 1073 1545 ex
1087 1512 1192 1546 Bulla
1210 1512 1391 1557 pontificis
1408 1523 1695 1552 conuocaremur,
1715 1522 1797 1544 ecce
1814 1520 1908 1544 vnus

144 1572 248 1604 quem
268 1562 420 1596 alteram
440 1563 590 1609 Collegij
617 1564 757 1598 idaeam
774 1565 1052 1607 venerabantur,
1079 1577 1198 1600 coram
1219 1565 1384 1600 omnibus
1402 1577 1471 1600 non
1490 1577 1571 1600 cum
1589 1564 1735 1599 minimo
1753 1563 1906 1597 fratrum

142 1615 312 1649 scandalo
338 1616 547 1661 proclamat,
583 1629 623 1652 se
648 1630 718 1652 non
743 1618 857 1664 tenerj
885 1630 927 1652 ea
953 1630 1046 1663 quae
1071 1620 1215 1662 ignorat
1240 1619 1323 1664 fidej
1350 1618 1610 1664 protestatione
1636 1616 1807 1661 confiterj,
1839 1626 1906 1650 nec

143 1679 182 1701 se
209 1669 353 1703 credere
380 1669 472 1713 quod
499 1671 663 1715 pontifex
689 1672 852 1715 quemuis
879 1672 922 1706 ad
948 1671 1016 1706 hoc
1041 1674 1165 1716 posset
1190 1672 1362 1716 obligare,
1388 1674 1423 1706 et
1450 1683 1530 1706 cum
1549 1683 1630 1706 eum
1651 1671 1758 1705 Pater
1775 1670 1906 1703 Rector

143 1720 179 1754 in
206 1721 369 1756 cubiculo
395 1726 519 1767 postea
546 1736 602 1758 me
628 1725 735 1758 etiam
760 1728 951 1770 praesente
969 1726 1203 1767 examinaret,
1229 1726 1368 1760 nullum
1394 1726 1430 1759 in
1456 1737 1496 1759 eo
1522 1724 1605 1770 fidej
1632 1724 1905 1758 fundamentum

142 1778 361 1819 compertum
388 1777 468 1818 fuit,
504 1788 585 1811 cum
621 1789 690 1822 quo
716 1778 790 1812 solo
825 1778 860 1812 in
887 1778 1089 1813 cubiculum
1125 1791 1188 1824 per
1213 1779 1373 1814 triduum
1406 1779 1554 1820 incluso,
1591 1779 1631 1811 vt
1657 1777 1701 1811 ad
1727 1776 1904 1811 saniorem

141 1828 274 1862 rediret
299 1831 465 1870 mentem,
503 1830 613 1865 Pater
639 1831 802 1873 Pisanus,
838 1832 947 1866 Pater
973 1832 1181 1877 Gasparus3
1215 1832 1277 1877 qui
1308 1832 1340 1878 ej
1367 1832 1480 1877 primo
1506 1834 1613 1866 antea
1648 1829 1820 1865 exercitia
1847 1829 1904 1863 de·

141 1881 254 1923 derat,
280 1882 328 1916 M.
348 1882 549 1917 Ricardus4
568 1883 748 1919 Hibernus
766 1887 949 1928 egerunt.“
984 1886 1116 1920 Postea
1137 1897 1238 1929 „eum
1257 1885 1501 1920 nescientibus
1527 1884 1608 1930 alijs
1634 1885 1711 1918 sine
1737 1883 1905 1917 adiuncto

141 1934 238 1968 socio
256 1935 299 1968 ad
318 1935 463 1970 Patrem
481 1936 763 1973 Prouincialem⁴‘
786 1938 1007 1981 dimiserunt,
1038 1939 1120 1983 „qui
1142 1942 1229 1973 tunc
1246 1938 1426 1983 Monachij
1451 1938 1625 1981 degebat'‘
1657 1937 1718 1980 (ex
1744 1939 1902 1980 autogr.;

144 1986 185 2021 G.
212 1988 277 2033 Ep.
296 1988 383 2022 VIII
409 1989 434 2023 f.
455 1989 567 2034 142b).

261 2043 381 2085 Atque
398 2042 454 2086 (ut
471 2042 537 2077 hoc
555 2047 806 2087 argumentum
825 2046 1036 2089 prosequar)
1053 2045 1199 2089 Dilinga
1213 2047 1247 2080 4.
1262 2045 1483 2090 Septembris
1500 2045 1589 2079 1567
1605 2044 1645 2078 Ρ.
1662 2044 1904 2077 Theodericus

145 2095 314 2128 Canisius
336 2096 487 2139 Borgiae
514 2096 707 2142 *scripsit:
738 2097 1040 2140 „Nudiustffl-tius,
1067 2099 1128 2143 qui
1154 2099 1224 2133 fuit
1250 2099 1429 2133 secundus
1454 2097 1680 2144 septembris,
1706 2098 1903 2131 conuocata

140 2149 196 2181 est
230 2150 307 2182 tota
342 2149 471 2183 ciuitas
497 2149 935 2194 Lawinganahaeretica,
972 2164 1064 2196 quae
1099 2152 1197 2186 mille
1232 2164 1361 2197 passus
1396 2152 1479 2186 hinc
1504 2152 1617 2193 abest,
1654 2151 1698 2185 ad
1731 2149 1902 2184 maiorem

139 2201 263 2234 aedem
290 2201 387 2236 illius
413 2202 491 2244 loci,
518 2204 580 2238 vbi
606 2208 796 2248 praesente
822 2204 921 2239 Duce
947 2205 1113 2239 Palatino
1127 2205 1361 2249 Vuolfgango
1379 2205 1584 2240 Lutherano
1610 2215 1691 2239 cum
1717 2214 1782 2237 sua
1807 2202 1901 2244 aula,

137 2256 174 2287 et
198 2254 336 2298 aliquot
362 2255 673 2291 concionatoribus
699 2257 901 2300 haereticis,
928 2257 1052 2292 habita
1078 2259 1231 2303 primum
1259 2262 1314 2293 est
1338 2258 1460 2294 concio
1478 2258 1684 2303 germanica
1709 2257 1753 2291 ab
1780 2256 1901 2290 haere-

135 2307 217 2349 ticO,
243 2307 369 2342 deinde
388 2308 575 2344 Eduardus
595 2310 736 2354 Anglus
754 2311 896 2355 publice
922 2311 1087 2346 instituto
1106 2311 1292 2346 societatis
1317 2312 1431 2346 latina
1456 2311 1580 2354 lingua
1598 2313 1675 2345 tum
1694 2309 1899 2345 Catholicae

138 2360 303 2404 religioni
322 2362 558 2405 renunciauit,
587 2367 623 2397 et
648 2364 684 2398 in
701 2364 820 2409 specie
839 2365 1052 2409 praecipuos
1070 2365 1243 2400 articulos
1262 2365 1452 2399 haereseos
1470 2364 1696 2399 Lutheranae
1714 2363 1900 2409 professus

138 2417 203 2447 est.
255 2413 457 2449 Subsecuta
483 2418 539 2450 est
564 2417 636 2451 alia
662 2417 783 2452 concio
810 2419 1027 2461 germanica,
1063 2430 1133 2462 qua
1167 2419 1323 2453 societas
1354 2418 1545 2461 insigniter
1571 2419 1627 2452 est
1651 2417 1827 2458 traducta,
1863 2417 1900 2449 et

136 2466 312 2510 professio
339 2468 449 2511 Angli
474 2469 667 2512 haeretica,
703 2471 907 2514 germanico
934 2471 1103 2505 idiomate
1129 2472 1259 2517 populo
1296 2474 1352 2506 est
1377 2471 1569 2516 explicata.
1620 2470 1818 2506 Subsecuta
1844 2471 1899 2503 est

136 2519 313 2554 absolutio
341 2533 361 2555 a
387 2523 545 2566 peccatis
572 2525 609 2557 et
635 2525 834 2558 communio
861 2525 927 2558 sub
954 2527 1116 2569 vtraque,
1144 2526 1263 2559 omnia
1289 2537 1384 2559 more
1409 2525 1591 2559 haeretico
1617 2526 1654 2558 et
1678 2523 1801 2567 lingua
1819 2533 1897 2556 ver-

136 2572 276 2607 nacula.
313 2574 565 2610 Jnterfuerunt
582 2579 656 2611 tres
675 2589 720 2611 ex
734 2577 951 2620 Theologiae
969 2578 1149 2619 studiosis,
1177 2589 1267 2622 quos
1284 2579 1367 2612 hinc
1384 2578 1484 2612 iussu
1504 2576 1705 2611 Cardinalis
1722 2575 1897 2617 misimus,

136 2627 177 2659 vt
203 2628 283 2660 acta
301 2628 496 2662 referrent“
522 2629 583 2673 (ex
601 2633 760 2673 autogr.;
781 2630 823 2665 G.
843 2631 906 2675 Ep.
922 2630 1007 2665 VIII
1025 2631 1049 2665 f.
1068 2632 1178 2674 135⁸).
1214 2633 1333 2676 Atque
1359 2632 1436 2676 ipse
1454 2632 1684 2665 Tilematmus
1701 2629 1899 2663 Heshusius

137 2678 348 2723 XVolfgangi
375 2681 475 2716 ducis
501 2683 724 2717 contionator
747 2684 885 2718 aulicus
903 2684 1094 2727 Neoburgo
1115 2686 1168 2719 14.
1187 2684 1408 2730 Septembris
1429 2684 1518 2719 1567
1543 2683 1722 2718 Ioachimo
1745 2681 1898 2716 Morlino

135 2731 421 2767 Lutheranorum
458 2736 644 2781 „episcopo
680 2737 898 2771 Sambiensi“
938 2738 1100 2782 scripsit:
1145 2737 1242 2780 „Sec.
1278 2738 1499 2783 Septembris
1535 2736 1675 2771 Jesuita
1710 2735 1898 2769 Edvardus

136 2784 344 2819 Thornaeus
371 2787 522 2830 Anglus,
559 2790 620 2833 qvi
655 2789 836 2834 Dillingae
874 2790 909 2824 in
945 2791 1097 2834 collegio
1131 2793 1279 2836 propter
1305 2791 1496 2825 veritatem
1533 2790 1717 2824 custodiae
1742 2789 1898 2823 traditus

258 2892 268 2912 ²
293 2892 455 2936 Lauinga
476 2894 705 2939 (Lauingen),
732 2896 900 2941 oppidum
927 2897 1033 2931 unius
1057 2897 1168 2931 horae
1194 2897 1312 2942 spatio
1338 2897 1382 2932 ab
1401 2896 1528 2942 oppido
1548 2896 1730 2939 dilingano
1748 2895 1897 2937 distans,

135 2944 283 2989 imperio
296 2946 507 2990 Wolfgangi
525 2948 691 2990 Palatini,
707 2949 807 2983 ducis
825 2950 1084 2993 neoburgensis
1102 2954 1138 2984 et
1155 2951 1297 2995 patroni
1311 2950 1609 2991 Lutheranorum,
1627 2949 1789 2983 subiecta
1807 2950 1896 2982 erat.

255 2998 268 3017 '²
294 2999 394 3033 Adiit
412 3000 458 3034 M.
480 3000 673 3044 Georgium
692 3002 897 3043 Codonium,
925 3004 986 3047 qui
1010 3004 1193 3047 Lauingae
1212 3004 1497 3038 Lutheranorum
1524 3002 1718 3048 pax-ochum
1744 3002 1894 3045 agebat;

136 3063 169 3085 v.
191 3051 294 3091 infra,
321 3063 414 3087 mon.
433 3064 509 3088 var.
530 3054 596 3098 (3).
633 3055 768 3089 Aderat
793 3055 948 3090 fortasse
975 3057 1083 3091 etiam
1102 3056 1333 3091 Tilemannus
1351 3056 1572 3097 Heshusius;
1600 3068 1634 3091 ν.
1653 3067 1762 3101 supra
1786 3067 1819 3101 p.
1839 3055 1894 3089 27.

257 3106 269 3125 ³
296 3104 492 3141 Haivodus.
638 3109 649 3127 ⁴
676 3108 850 3152 Fleming.
