2044 3335
681 97 779 131 Inter
805 97 838 132 2.
857 99 893 131 et
921 97 975 131 15.
994 96 1151 131 Ianuarii
1180 96 1280 131 1568.
1776 99 1857 139 511

92 213 162 256 hic
203 212 351 256 multis
392 214 574 256 multum
616 214 846 268 profuisse,
889 215 933 256 et
973 213 1184 268 imprimis
1228 214 1404 255 Patrem
1447 213 1738 267 Gregorium1
1777 228 1863 255 non

95 279 260 320 minore
301 292 397 320 cum
439 279 583 320 fructu
626 293 754 332 quam
797 279 1009 332 applausu
1051 278 1119 320 hic
1160 292 1272 320 nunc
1305 278 1636 331 Euangelizare,
1675 281 1725 321 vt
1765 278 1864 321 hinc

94 343 304 398 Catholicj
346 343 529 386 multum
570 343 651 385 sibi
695 344 985 398 gratulentur.
1049 342 1170 393 Quod
1213 346 1359 385 autem
1401 343 1455 385 ad
1496 344 1862 386 sustentationem

94 411 341 451 nostrorum
375 408 535 452 attinet
566 423 651 450 non
684 407 934 463 putauimus
966 422 1078 449 nunc
1102 407 1264 461 aliquid
1297 422 1393 450 esse
1424 407 1753 459 immutandum,
1787 408 1863 450 sed

95 474 413 527 expectandum
447 487 700 528 responsum
734 474 779 516 P.
814 474 876 516 V.·
901 473 954 515 de
995 476 1089 515 toto
1122 472 1325 525 negocio:
1370 476 1603 516 occurrunt
1636 473 1748 515 enim
1780 473 1863 515 hae

94 538 388 581 difficultates.
412 538 557 580 Primo
572 538 796 592 respondit
811 538 933 580 nobis
948 537 1364 588 Reuerendissimus,
1382 538 1494 590 quod
1508 538 1710 580 Canonici
1726 539 1864 581 velint

94 602 205 646 sicut
228 606 273 645 et
293 603 386 658 ipse
408 604 649 658 pecuniam,
674 617 784 657 quae
807 601 1019 645 hactenus
1041 602 1210 645 ratione
1231 602 1465 645 cathedrae
1482 603 1643 645 nostris
1661 618 1863 646 numera-

94 668 235 719 batur,
268 668 390 711 velut
421 682 585 711 meram
620 671 664 711 et
695 669 875 710 liberam
909 667 1214 710 eleemosinam
1247 667 1290 708 in
1313 670 1486 709 nostros
1509 669 1737 721 Augustae
1761 683 1863 711 con-

94 733 221 783 ferre,
265 737 309 776 et
342 734 601 787 Prouincialj
644 733 899 787 permittere
941 732 1190 775 libertatem
1222 732 1337 774 illius
1369 732 1539 775 vtiliter
1571 734 1862 776 collocandae.

94 798 289 840 Secundo
312 799 507 840 videmus
540 801 714 841 nostros
737 799 964 851 Augustae
997 797 1191 839 nonnihil
1222 797 1379 847 vereri,
1413 797 1450 839 si
1482 811 1538 839 ex
1561 798 1748 840 corrasis
1776 799 1863 840 ele-

94 863 310 914 emosinis,
338 878 446 917 quas
468 866 626 918 putant
650 863 834 906 collectu
857 863 1067 917 paulatim
1092 863 1289 904 difficiles
1313 863 1427 916 apud
1449 862 1733 915 Augustanos
1755 864 1863 914 fore,

94 941 140 969 se
163 931 207 970 et
230 929 400 970 domum
425 929 612 971 debeant
634 931 897 979 sustentare,
920 928 1179 983 praesertim
1203 942 1298 970 cum
1323 928 1488 970 nullum
1512 928 1605 970 fere
1627 928 1864 982 Collegium

93 995 161 1035 tot
193 995 391 1047 sumptus
415 993 787 1036 extraordinarios
819 994 966 1043 faciat,
1002 997 1045 1036 et
1078 993 1397 1046 frequentiores
1428 993 1623 1048 hospites
1656 994 1770 1036 ferre
1794 1008 1864 1036 co-

92 1061 235 1111 gatur,
270 1058 503 1112 multisque
536 1058 594 1101 sit
626 1073 734 1113 opus
767 1059 821 1101 ad
854 1060 1022 1114 amplas
1055 1062 1099 1101 et
1130 1058 1329 1100 ruinosas
1363 1059 1494 1101 aedes
1517 1062 1737 1113 vtcunque
1761 1073 1864 1101 con-

92 1123 332 1165 seruandas
348 1125 377 1166 2.
426 1124 507 1166 Est
538 1127 769 1178 praeterea
800 1138 885 1166 non
918 1138 1078 1178 magna
1110 1124 1206 1166 laus
1229 1125 1586 1177 Augustanorum
1614 1139 1639 1166 a
1671 1125 1864 1167 liberali-

92 1190 198 1238 tate,
233 1189 461 1242 nullusque
484 1203 588 1230 vsus
611 1189 970 1231 eleemosinarum
994 1189 1108 1231 sicut
1129 1189 1173 1231 in
1195 1189 1221 1231 J
1226 1189 1345 1241 talia,
1379 1189 1465 1231 imo
1490 1192 1534 1232 et
1556 1190 1774 1244 prohibita
1797 1193 1864 1232 est

92 1253 264 1308 publica
305 1254 562 1297 mendicitas
578 1255 606 1297 3.
671 1254 819 1296 Tertio
863 1255 982 1297 dedit
1023 1255 1293 1297 occasionem
1327 1254 1512 1296 Domina
1547 1255 1779 1308 Fuggera4
1813 1258 1862 1297 vt

91 1319 285 1374 primarij
319 1319 401 1361 viri
442 1320 485 1361 in
526 1319 607 1361 hac
648 1333 739 1374 rep.
773 1319 859 1361 iam
902 1320 1014 1362 serio
1057 1319 1339 1363 deliberarint
1381 1320 1433 1362 de
1471 1320 1661 1373 Collegio
1703 1321 1864 1363 nostris

93 1384 314 1437 erigendo,
357 1385 411 1427 ad
448 1399 575 1438 quam
610 1399 702 1427 rem
735 1385 993 1438 delegerunt
1025 1385 1104 1427 sibi
1138 1386 1451 1427 Monasterium
1485 1386 1862 1428 praedicatorum:

93 1450 205 1502 quod
247 1450 282 1492 si
324 1465 350 1493 a
383 1451 508 1494 Pont.
542 1451 768 1492 Maximo5
800 1450 844 1492 in
886 1451 998 1493 hunc
1039 1465 1179 1502 vsum,
1223 1451 1335 1504 quod
1378 1453 1570 1505 sperant,
1613 1451 1862 1506 impetrent,

92 1515 258 1558 vellent
298 1519 471 1558 nostros
512 1530 562 1558 eo
604 1516 858 1567 transferre,
903 1519 948 1559 et
981 1530 1003 1558 e
1036 1516 1197 1559 nostris
1231 1516 1429 1559 Scholam
1464 1516 1550 1558 illic
1583 1517 1861 1567 constituere,

92 1580 206 1622 sicut
246 1595 302 1623 ex
342 1582 516 1636 scriptis
554 1581 769 1624 adiunctis
803 1581 962 1623 clarius
994 1581 1277 1636 intelligetur.
1342 1583 1429 1623 Res
1462 1597 1575 1624 nunc
1606 1582 1649 1624 in
1683 1596 1732 1624 eo
1766 1596 1865 1624 ver-

93 1649 229 1697 satur,
265 1647 378 1700 quod
411 1647 723 1700 conquiruntur
754 1647 908 1690 literae
931 1647 1226 1689 Jllustrissimi
1249 1647 1382 1689 Ducis
1404 1647 1621 1689 Bauariae
1643 1650 1688 1690 et
1710 1648 1865 1689 Archi-

94 1711 215 1753 ducis
246 1712 452 1755 Austriae
486 1715 529 1755 et
561 1712 930 1755 Reuerendissimi
964 1713 1236 1755 Cardinalis6
1270 1713 1664 1764 commendatitiae,
1698 1716 1748 1755 vt
1785 1713 1864 1755 hoc

94 1776 272 1831 Collegij
304 1777 552 1821 institutum
575 1778 785 1820 minorem
809 1778 973 1820 Romae
996 1778 1157 1821 habeat
1184 1778 1500 1821 difficultatem.
1549 1779 1864 1822 Existimamus

93 1845 239 1885 autem
255 1843 309 1885 ad
325 1844 698 1887 conseruationem
711 1847 756 1886 et
772 1844 1133 1898 propagationem
1149 1844 1389 1886 catholicae
1400 1844 1624 1898 religionis
1636 1844 1863 1898 Augustae

93 1908 256 1950 nullum
289 1909 361 1950 vel
394 1909 658 1951 commodius
691 1910 761 1951 vel
795 1909 1012 1952 efficatius
1044 1909 1231 1951 medium
1265 1910 1445 1964 reperirj
1480 1924 1630 1964 posse:
1670 1914 1714 1953 et
1747 1913 1864 1952 esset

93 1973 174 2015 hoc
196 1972 500 2027 Augustanum
523 1975 760 2029 Collegium
794 1975 909 2017 haud
942 1974 1068 2016 dubie
1099 1978 1142 2018 et
1174 1975 1410 2016 maximum
1435 1977 1480 2017 et
1512 1975 1791 2029 praecipuum
1820 1977 1862 2018 in

95 2038 333 2083 Prouintia.
373 2041 467 2082 Hoc
489 2040 624 2094 igitur
641 2040 821 2094 negocio
843 2041 1073 2095 pendente,
1098 2055 1183 2082 non
1201 2041 1375 2083 videtur
1393 2041 1555 2094 aliquid
1572 2041 1865 2083 innouandum

95 2105 209 2146 circa
251 2105 401 2147 domus
442 2106 567 2148 huius
608 2106 988 2149 sustentationem.
1054 2107 1120 2148 De
1153 2106 1310 2148 Schola
1350 2106 1393 2148 in
1436 2106 1502 2148 his
1544 2107 1724 2149 aedibus
1765 2122 1866 2149 con-

94 2170 329 2221 stituenda,
354 2185 466 2213 nunc
490 2171 690 2214 desinunt
713 2186 845 2225 agere
868 2171 1129 2226 Augustanj.
1152 2206 1159 2213 .
1182 2207 1189 2214 .
1212 2205 1221 2214 .
1267 2173 1499 2224 Augentur
1520 2172 1694 2215 interim
1718 2173 1866 2215 variae

94 2249 267 2290 pugnae
309 2236 422 2278 inter
464 2238 734 2290 professores
777 2236 1094 2291 [universitatis
1132 2238 1503 2293 inyolstadiensis]
1545 2242 1726 2292 propter
1767 2253 1868 2293 pro-

94 2301 329 2343 fessionem
362 2302 516 2356 fidej7;
551 2306 594 2345 et
627 2317 830 2345 veremur
861 2317 914 2345 ne
948 2304 1086 2358 nostrj
1120 2303 1231 2345 hanc
1265 2317 1442 2345 causam
1474 2304 1652 2345 nimium
1680 2308 1868 2357 vrgeant

94 2381 258 2421 suaque
290 2367 566 2410 vehementia
608 2383 782 2410 causam
825 2369 983 2411 bonam
1025 2369 1211 2411 reddant
1253 2369 1526 2412 deteriorem.
1590 2369 1732 2419 Quare
1766 2385 1867 2412 con-

95 2433 256 2475 sultum
288 2436 470 2487 putatur
502 2436 553 2476 vt
585 2434 631 2477 P.
665 2434 718 2477 V.
752 2434 891 2476 literis
924 2434 1061 2488 nostrj
1106 2434 1378 2488 professores
1410 2434 1498 2476 illic
1530 2435 1869 2478 admonerentur

95 2501 144 2540 vt
185 2498 227 2539 in
261 2498 502 2553 huiusmodj
534 2499 640 2541 nihil
678 2499 807 2541 facile
839 2501 1077 2551 tentarent,
1122 2499 1203 2541 nisi
1236 2514 1282 2541 re
1314 2499 1434 2554 prius
1468 2500 1629 2542 collata
1662 2515 1757 2543 cum
1791 2516 1868 2544 suo

218 2615 228 2635 ¹
254 2615 448 2650 Roseffium
493 2616 710 2651 cathedralis
745 2616 918 2651 ecclesiae
954 2616 1236 2651 contionatorem
1276 2619 1311 2651 et
1350 2617 1476 2651 domus
1514 2619 1738 2661 augustanae
1775 2619 1808 2654 S.
1834 2620 1867 2654 J.

99 2669 373 2714 „supe1·iore1n“.

216 2723 229 2742 ‘¹’
255 2723 295 2756 ln
321 2722 469 2758 aedibus
496 2723 677 2758 Gebhardi
703 2723 903 2758 Truchsess
930 2723 1161 2764 habitabant;
1190 2736 1223 2758 v.
1251 2735 1361 2768 supra
1387 2736 1420 2769 p.
1449 2725 1527 2759 506.

217 2777 229 2796 ³
256 2775 327 2810 Cur
353 2779 389 2811 et
415 2788 486 2821 qua
511 2777 649 2811 ratione
675 2779 823 2811 senatus
850 2780 1076 2820 augustanus
1102 2776 1136 2810 id
1164 2777 1396 2822 prohibuerit,
1423 2777 1573 2822 exponit
1599 2779 1649 2814 M.
1667 2780 1775 2823 B2·sle‚
1802 2780 1868 2815 Die

96 2829 300 2863 offentliche
326 2830 580 2876 Armenpflege
607 2831 669 2864 der
694 2830 927 2865 Reichsstadt
952 2830 1168 2873 Augsburg,
1205 2831 1410 2865 Paderborn
1440 2832 1540 2874 1904,
1575 2833 1691 2867 5—12
1718 2834 1869 2870 79—90.

216 2885 229 2904 ⁴
256 2883 387 2918 Ursula
423 2896 443 2918 a
478 2884 724 2919 Lichtenstein
763 2896 853 2918 uxor
892 2883 1037 2927 Georgii
1076 2884 1252 2928 Fuggeri;
1294 2897 1329 2918 v.
1366 2886 1453 2920 Can.
1481 2884 1514 2919 V
1549 2886 1570 2920 9
1606 2886 1807 2930 546—547‚
1834 2891 1869 2923 et

97 2948 205 2982 supra
231 2949 264 2981 p.
285 2937 352 2971 172
382 2938 447 2972 188
476 2938 570 2972 191⁴.
1645 2968 1649 2975 ,

218 2991 231 3010 5
257 2990 290 3025 S.
318 2991 382 3024 Pio
400 2990 444 3025 V.
592 2992 604 3010 ⁶
630 2991 769 3025 Alberti
790 2991 843 3031 V„
871 2990 1088 3025 Ferdinandi
1115 2991 1170 3032 ΙΙ.,
1198 2991 1391 3026 cardinalis
1418 2991 1628 3027 Truchsess.

220 3044 232 3063 Τ
256 3043 521 3078 professionem
560 3044 643 3078 fidei
681 3044 914 3078 tridentinam
949 3044 1147 3088 significat,
1187 3056 1294 3089 quani
1330 3045 1417 3080 Pius
1443 3046 1504 3080 IV.
1541 3046 1656 3081 emitti
1692 3048 1866 3090 iusserat3

98 3097 143 3131 cf.
170 3108 279 3142 supra
306 3109 338 3142 p.
357 3097 402 3132 46
430 3097 474 3132 90
503 3098 580 3132 133.
634 3116 638 3119 ·
