2044 3335
676 81 720 117 Π.
748 81 973 117 Prooemium
1001 81 1193 116 voluminis
1218 83 1326 118 sexti.
1793 96 1889 121 XXXI

125 196 269 238 „duram
296 196 434 239 legem²
457 195 573 236 illam;
601 196 725 231 vinum
744 196 837 231 enirn
857 200 1032 239 nostrum,
1061 198 1121 240 ait,
1151 200 1259 232 tenue
1285 201 1341 233 est
1366 201 1402 233 et
1420 210 1514 244 aqua
1532 200 1681 235 diluitur
1699 200 1770 235 iam
1789 205 1886 237 ante-

121 260 228 293 quam
254 251 455 294 apponatur
483 249 566 292 (117
596 250 692 292 151).

237 301 336 336 Haec
367 303 487 336 tamen
515 302 647 337 Canisii
682 303 839 338 facilitas
873 303 980 347 longe
1011 304 1138 338 aberat
1163 315 1184 337 a
1209 303 1319 338 nimia
1344 305 1579 348 indulgentia,
1605 306 1781 351 imprimis
1806 319 1887 342 cum

118 354 160 389 de
186 355 256 389 fide
282 355 460 390 catholica
485 356 671 398 agebatur.
714 357 769 390 Ita
795 356 855 390 ille
875 357 1074 401 Oeniponte
1101 357 1179 401 ipsa
1197 357 1312 401 prima
1330 358 1501 400 oratione,
1529 371 1599 403 qua
1617 360 1736 394 officio
1754 361 1886 395 contio-

116 408 253 442 natoris
287 408 393 443 aulici
420 408 523 451 fungi
548 409 753 453 incipiebat,
790 409 1052 443 Ferdinandum
1080 410 1123 444 II.
1149 410 1378 444 archiducem
1406 411 1553 456 eiusque
1580 413 1802 448 consiliarios
1828 414 1888 448 ad-

117 462 264 503 monuit,
299 464 340 495 ut
374 462 575 496 haereticos
610 462 719 496 etiam
754 462 791 496 vi
827 463 986 497 adhibita
1018 475 1063 496 ex
1089 462 1200 496 Tiroli
1227 463 1468 508 expellerent;
1505 465 1540 499 id
1567 466 1660 499 enim
1686 466 1888 511 principum

117 525 196 548 esse
232 514 409 555 officium;
444 526 527 549 nam
560 515 678 559 puniri
705 527 774 556 eos,
811 516 871 559 qui
897 527 1061 550 nummos
1087 516 1336 550 adulterarent
1361 520 1397 551 et
1423 519 1630 552 auctoritati
1656 519 1755 553 civili
1779 519 1890 553 male-

116 567 289 608 dicerent;
317 568 430 601 multo
448 579 533 602 vero
561 568 699 612 peiores
726 580 815 610 esse,
843 569 904 612 qui
930 569 1037 603 fidem
1063 569 1310 603 adulterarent
1335 572 1370 603 et
1396 571 1663 606 ecclesiasticae
1681 572 1890 606 auctoritati

115 621 390 662 maledicerent;
419 623 455 655 et
481 621 651 656 Sanctum
678 622 923 665 Augustinum
949 623 1102 667 primum
1131 623 1275 666 quidem
1302 624 1471 664 suasisse,
1497 627 1538 658 ut
1563 624 1735 660 haeretici
1760 626 1889 660 leniter

116 676 225 718 atque
252 674 446 708 clementer
479 674 715 716 haberentur;
751 687 876 709 verum
908 678 1033 720 postea
1059 687 1151 712 eum,
1187 687 1267 709 cum
1295 677 1511 721 experiendo
1538 690 1596 712 res
1622 679 1817 720 didicisset,
1852 679 1888 713 id

115 727 328 772 postulasse,
365 731 405 762 ut
431 728 467 762 vi
501 728 538 762 in
573 740 634 762 eos
669 731 837 772 ageretur
865 729 949 771 (633
977 728 1075 771 640).
1127 728 1207 762 Una
1237 732 1356 763 autem
1384 741 1429 764 ex
1465 731 1639 775 proximis
1665 732 1889 767 contionibus

117 780 282 815 Canisius
308 781 513 815 adulatores
548 782 749 826 principum
775 783 868 816 serio
895 782 1118 826 vituperavit
1146 782 1261 825 (638).
1312 782 1412 824 Quod
1440 784 1568 818 vitium
1594 785 1671 830 ipse
1698 785 1890 829 diligenter

115 833 294 877 fugiebat;
321 837 362 868 ut
387 846 469 868 cum
487 835 644 869 Martino
663 835 873 878 Eisengrein
899 835 1103 879 theologiae
1130 836 1324 880 professori
1346 837 1632 880 ingolstadiensi,
1660 839 1720 882 qui
1746 841 1890 883 prae-ter

114 898 224 921 unam
238 899 283 921 ex
301 887 480 932 parochiis
493 888 835 931 ingolstadiensibus
853 889 1124 933 praeposituras
1143 889 1299 923 habebat
1316 890 1586 934 passaviensem
1602 894 1639 925 et
1652 892 1888 936 ottffiganam,

116 940 344 985 episcopatus
377 941 579 976 labacensis
606 953 626 975 a
654 941 780 976 Carolo
813 942 1004 976 archiduce
1031 942 1173 976 oblatus
1200 946 1271 983 est,
1306 945 1494 986 quaerenti
1521 944 1614 978 enim
1641 945 1889 988 Eisengreinio

113 997 191 1030 viro
210 994 246 1027 in
264 994 478 1029 Societatem
498 995 604 1029 valde
622 995 806 1036 benevolo,
833 1008 917 1029 num
936 995 1181 1040 episcopatum
1201 995 1303 1029 illum
1322 997 1513 1031 admittere
1540 997 1695 1039 deberet,
1724 999 1889 1033 Canisius

113 1049 312 1094 respondit:
339 1048 393 1082 Ne
411 1049 634 1087 admitteret;
662 1049 804 1082 videret
829 1049 958 1093 potius,
986 1051 1026 1084 ut
1051 1049 1215 1093 plurimis
1232 1049 1304 1083 illis
1324 1050 1507 1084 beneficiis
1526 1051 1739 1095 officiisque,
1759 1053 1889 1096 quibus

115 1105 333 1144 oneraretur,
368 1113 406 1135 se
432 1102 612 1143 liberaret,
649 1114 718 1146 quo
744 1102 873 1136 melius
901 1114 1009 1136 unum
1037 1102 1290 1136 administrare
1317 1107 1440 1147 posset
1469 1104 1591 1147 (370);
1629 1105 1752 1139 eadem
1780 1105 1889 1139 animi

113 1156 281 1190 libertate
308 1155 524 1190 cardinalem
551 1155 751 1189 Truchsess
780 1155 946 1189 hortatus
973 1158 1039 1197 est,
1075 1158 1115 1189 ut
1140 1156 1285 1190 tandem
1312 1156 1425 1191 Roma
1450 1157 1487 1191 in
1513 1158 1758 1203 episcopatum
1784 1170 1887 1193 suum

115 1212 356 1253 augustanum
388 1210 650 1249 reverteretur;
686 1220 802 1253 neque
829 1210 921 1243 scire
947 1220 995 1250 se,
1032 1209 1208 1253 quomodo
1234 1210 1427 1244 cardinalis
1454 1210 1514 1244 vel
1540 1223 1610 1245 una
1636 1212 1724 1245 hora
1750 1212 1889 1257 placide

116 1263 269 1297 dormire
295 1265 428 1308 posset,
454 1265 529 1296 tam
555 1263 678 1296 multis
704 1263 832 1296 ovibus
858 1263 948 1296 vitio
974 1263 1128 1307 pastoris
1155 1263 1388 1307 pereuntibus
1418 1264 1539 1307 (412);
1577 1265 1768 1299 admodum
1794 1266 1888 1300 enim

114 1316 210 1351 clare
229 1316 394 1350 Canisius
412 1316 521 1350 officii
539 1316 754 1361 episcopalis
771 1315 1029 1350 sublimitatem
1049 1318 1085 1349 et
1103 1317 1320 1359 gravitatem
1345 1318 1603 1362 perspiciebat;
1632 1319 1665 1352 id
1686 1331 1731 1352 ex
1748 1319 1888 1353 institu-

112 1369 209 1404 tione
244 1369 483 1413 cognoscitur,
519 1381 627 1413 quam
662 1370 826 1403 Andreae
862 1369 1025 1403 Fabricio
1060 1369 1204 1404 Ernesti
1240 1370 1417 1404 Bavariae
1452 1371 1625 1415 principis
1661 1373 1889 1417 episcopique

114 1423 292 1467 designati
317 1423 547 1466 frisingensis
574 1424 796 1468 praeceptori
823 1423 922 1457 dedit
946 1423 990 1457 ad
1014 1424 1179 1457 iuvenem
1198 1423 1297 1457 illum
1325 1424 1460 1468 pietate
1478 1428 1515 1458 et
1540 1425 1703 1459 doctrina
1722 1426 1888 1470 episcopo

113 1477 409 1511 convenientibus
437 1477 683 1517 imbuendum;
712 1488 802 1521 quae
829 1479 1022 1521 praecepta
1048 1477 1156 1510 etiam
1179 1489 1274 1511 nunc
1292 1478 1336 1511 ad
1355 1477 1504 1511 clericos
1523 1479 1763 1513 instituendos
1783 1479 1888 1513 valde

113 1531 217 1564 utilia
243 1542 323 1564 esse
358 1533 509 1575 possunt
537 1530 720 1573 (99s105);
758 1531 881 1564 eadem
919 1530 1022 1574 quasi
1048 1531 1263 1575 supplentur
1289 1533 1325 1565 et
1351 1531 1615 1576 amplificantur
1640 1532 1799 1567 consiliis
1825 1545 1889 1578 per

116 1584 298 1618 Canisium
315 1584 493 1618 Friderico
507 1595 528 1617 a
543 1583 733 1627 Wirsberg
748 1584 914 1628 episcopo
933 1584 1173 1629 herbipolensi
1187 1585 1301 1629 ipsius
1316 1587 1443 1628 rogatu
1458 1585 1501 1619 ad
1518 1585 1593 1619 eius
1612 1587 1888 1628 „conscientiam

115 1638 329 1672 iuvandam“
352 1638 460 1678 datis;
489 1637 716 1672 commendat
733 1637 794 1671 ille
813 1639 989 1682 episcopo,
1016 1640 1056 1671 ut
1074 1639 1218 1672 decreta
1236 1638 1431 1672 tridentina
1449 1639 1609 1673 studiose
1628 1639 1741 1684 legat3
1770 1640 1887 1675 virum

113 1691 202 1726 iuris
229 1691 389 1725 canonici
414 1691 570 1736 peritum
597 1693 632 1725 et
658 1691 916 1725 confessarium
943 1691 1012 1725 sibi
1030 1692 1219 1734 adiungat3
1247 1692 1289 1725 de
1308 1692 1416 1726 rebus
1434 1692 1662 1737 episcopatus
1681 1705 1789 1738 saepe
1807 1705 1888 1728 cum

113 1745 203 1779 viris
224 1745 385 1790 probatis
403 1744 678 1779 deliberationes
700 1745 846 1785 habeat:
875 1744 1002 1790 synodi
1028 1745 1262 1779 dioecesanae
1281 1745 1410 1779 saltem
1429 1745 1570 1779 initium
1589 1746 1733 1790 aliquod
1759 1748 1887 1789 faciat;

114 1801 254 1841 caveat,
280 1810 325 1832 ne
351 1810 393 1832 ea
418 1798 486 1832 sibi
509 1800 664 1841 arroget,
691 1810 782 1842 quae
801 1799 896 1832 sedis
915 1799 1134 1844 apostolicae
1152 1799 1240 1839 sint;
1269 1811 1382 1833 novas
1401 1800 1676 1834 constitutiones
1694 1812 1888 1845 earumque

113 1852 253 1893 similia,
280 1852 310 1886 si
337 1863 429 1896 quae
455 1851 588 1886 Romae
615 1852 712 1886 edita
737 1852 820 1892 sint,
848 1852 915 1886 sibi
941 1853 1123 1886 afferenda
1149 1855 1267 1893 curet;
1304 1853 1499 1887 facultates
1524 1865 1648 1888 sacras
1675 1866 1696 1888 a
1721 1855 1888 1899 pontifice

113 1907 213 1950 petat
241 1906 341 1950 (75s9
371 1906 536 1949 129s31);
574 1906 640 1939 hoc
674 1908 772 1940 certe
799 1906 943 1940 Canisio
978 1906 1134 1940 maxime
1170 1907 1267 1941 cordi
1300 1910 1388 1948 erat,
1424 1909 1463 1941 ut
1489 1907 1646 1952 episcopi
1673 1907 1888 1944 Germaniae

114 1971 236 1993 omnes
265 1959 451 2002 „unionem
478 1970 556 1993 cum
584 1959 752 2004 pontifice
778 1960 935 1993 maximo
962 1960 1140 1994 debitam“
1170 1963 1360 1994 servarent
1388 1960 1502 2004 (382).

233 2012 324 2054 Quid
359 2013 506 2054 mirum,
545 2012 724 2046 hominem
759 2016 883 2047 tantae
918 2013 1067 2047 virtutis
1101 2025 1233 2057 magna
1269 2014 1457 2048 effecisse?
1508 2014 1612 2056 Audi,
1648 2014 1732 2058 quid
1769 2015 1811 2049 de
1846 2027 1888 2050 eo

112 2067 298 2112 scripserit
322 2066 515 2100 historicus
542 2066 672 2109 anglus
696 2069 841 2101 nostrae
868 2067 1010 2108 aetatis,
1047 2068 1106 2111 qui
1134 2067 1335 2102 catholicus
1361 2080 1429 2101 non
1457 2070 1529 2102 est:
1572 2068 1642 2110 „To
1669 2068 1725 2102 his
1752 2081 1888 2114 energy

113 2121 181 2154 and
208 2121 406 2154 sweetness
432 2120 470 2153 of
495 2119 690 2161 character,
718 2122 754 2154 to
780 2120 837 2154 his
862 2122 939 2154 tact
965 2121 1034 2154 and
1062 2121 1346 2164 understanding
1370 2121 1409 2155 of
1431 2121 1492 2155 the
1511 2122 1621 2155 needs
1639 2122 1678 2156 of
1694 2121 1887 2168 Germany‚

111 2175 148 2207 to
174 2174 231 2208 his
257 2174 410 2207 devoted
437 2173 506 2207 and
533 2173 777 2218 self-denying
803 2173 875 2215 life,
904 2173 961 2208 his
987 2174 1127 2208 resolve
1153 2177 1190 2208 to
1217 2174 1341 2208 shame
1367 2175 1429 2208 the
1448 2175 1604 2209 catholic
1621 2176 1887 2220 ‚respectables‘

113 2228 181 2261 and
208 2229 244 2261 to
270 2227 403 2272 uphold
428 2227 490 2260 the
516 2226 662 2269 highest
687 2227 858 2261 standard
887 2227 925 2261 of
947 2228 1090 2268 morals,
1121 2228 1207 2262 both
1235 2229 1269 2262 in
1296 2229 1437 2273 private
1464 2229 1532 2262 and
1560 2229 1788 2263 commercial
1814 2229 1887 2269 life,

111 2292 186 2315 was
213 2281 280 2314 due
299 2293 320 2315 a
337 2292 483 2315 success
502 2280 619 2314 which
646 2292 737 2314 even
764 2292 894 2324 among
921 2281 1039 2316 Jesuit
1066 2282 1236 2316 victories
1262 2282 1293 2316 is
1319 2282 1545 2316 remarkable
1572 2283 1639 2316 and
1667 2282 1732 2316 has
1758 2282 1887 2328 hardly

112 2345 133 2367 a
158 2334 309 2379 parallel
334 2333 370 2367 in
396 2333 557 2378 history“
590 2335 641 2375 (J.
670 2335 803 2368 Nee-ille
828 2335 962 2378 Fa‘yyis,
994 2335 1123 2369 Petrus
1151 2335 1317 2370 Canisius
1348 2336 1416 2369 and
1443 2336 1504 2369 the
1532 2335 1688 2370 German
1716 2335 1887 2371 Counter-

112 2387 369 2428 Reformation,
395 2387 431 2421 in
462 2387 556 2429 „The
584 2387 735 2430 English
760 2387 957 2422 Historical
985 2388 1151 2422 Review⁴⁴
1182 2389 1312 2429 XXIV,
1339 2389 1485 2423 London
1515 2390 1615 2431 1909,
1642 2390 1813 2433 42—43).

231 2441 422 2475 Societatis
447 2441 703 2483 moderatores,
730 2453 810 2475 cum
837 2441 926 2476 haec
952 2454 1021 2476 non
1048 2443 1266 2486 ignorarent,
1293 2443 1411 2476 virum
1438 2442 1543 2477 valde
1570 2444 1716 2486 magni
1744 2444 1886 2478 facie-

110 2494 240 2535 bant,
274 2506 384 2539 quare
411 2494 444 2529 S.
472 2494 686 2529 Franciscus
714 2496 865 2538 Borgias
892 2496 1118 2540 praepositus
1145 2496 1337 2539 generalis,
1364 2508 1445 2530 cum
1472 2496 1653 2531 canisium
1680 2497 1886 2542 provinciae

112 2548 432 2589 administratione,
469 2559 575 2591 quam
602 2548 662 2582 ille
688 2548 794 2591 longe
821 2548 956 2582 diutius
982 2549 1088 2583 solito
1114 2549 1336 2584 toleraverat
1362 2553 1398 2584 et
1423 2562 1531 2594 saepe
1558 2551 1771 2595 deprecatus
1798 2553 1886 2591 erat,

111 2601 254 2635 tandem
291 2602 441 2642 levaret,
478 2602 610 2635 eximia
646 2613 725 2635 cum
762 2601 866 2635 laude
902 2602 1089 2637 decoravit
1118 2604 1239 2646 (327);
1277 2606 1386 2647 atque
1413 2603 1521 2637 etiam
1548 2615 1629 2637 cum
1657 2604 1824 2639 Canisius
1850 2605 1886 2638 in

109 2655 223 2689 vitam
249 2655 428 2700 privatam
447 2655 696 2696 concessisset,
723 2667 831 2700 saepe
858 2657 895 2689 et
912 2656 1064 2699 Borgias
1083 2659 1118 2690 et
1135 2656 1278 2691 Natalis
1296 2658 1454 2691 vicarius
1472 2657 1586 2701 ipsius
1611 2657 1792 2701 generalis
1810 2659 1886 2692 eius

109 2708 326 2742 sententiam
352 2708 388 2742 in
414 2708 533 2743 causis
559 2709 820 2743 difficilioribus
838 2709 897 2743 vel
916 2710 984 2754 ipsi
1003 2710 1241 2754 exquirebant
1260 2710 1318 2744 vel
1342 2723 1404 2755 per
1421 2711 1608 2744 Hoffaeum
1628 2712 1885 2756 provincialem

109 2773 243 2796 novum
278 2763 420 2806 exquiri
454 2762 626 2797 iubebant
661 2762 746 2806 (294
782 2763 850 2797 328
886 2764 956 2797 432
990 2764 1061 2798 450
1097 2764 1206 2806 512]ss
1241 2765 1310 2798 542
1347 2765 1416 2799 620
1451 2764 1556 2808 626);
1593 2764 1765 2799 Hoffaeus
1798 2765 1884 2799 item

110 2815 302 2857 interdum,
329 2828 409 2850 cum
435 2816 571 2860 aliquid
597 2828 617 2850 a
643 2816 804 2859 generali
831 2820 979 2861 peteret,
1008 2817 1142 2851 Canisii
1168 2819 1385 2852 auctoritate
1410 2818 1618 2863 petitionem
1640 2819 1884 2853 confirmabat.

109 2869 361 2904 Valetudinem
397 2881 538 2914 quoque
573 2869 670 2904 illius
705 2870 859 2904 sollicite
895 2871 1086 2909 curabant:
1123 2872 1245 2916 itaque
1273 2872 1424 2916 Borgias
1455 2884 1546 2913 eum,
1582 2884 1626 2905 ne
1652 2872 1761 2907 nimio
1788 2873 1885 2907 vitae

109 2922 228 2966 rigore
262 2923 359 2957 vires
393 2923 640 2963 labefactaret,
677 2935 756 2958 cum
793 2924 1035 2967 collegiorum,
1073 2926 1107 2959 in
1143 2926 1273 2969 quibus
1309 2928 1520 2966 moraretur,
1556 2926 1757 2961 rectoribus
1792 2938 1884 2960 com—

110 2976 292 3010 municare
327 2976 447 3019 iussit,
487 2977 573 3021 quid
608 2978 849 3022 paenitentiae
885 2979 1085 3023 susciperet
1122 2979 1244 3023 (159);
1284 2982 1320 3013 et
1355 2991 1434 3013 cum
1470 2979 1703 3024 provincialis
1737 2992 1885 3014 munere

109 3029 249 3064 solutus
266 3029 432 3073 Dilingae
450 3031 678 3076 scriptionem
699 3043 895 3074 aggressus
914 3034 1020 3070 esset.
1040 3033 1191 3076 Borgias
1209 3033 1241 3066 ei
1260 3033 1441 3067 licentiam
1461 3033 1559 3067 dedit
1572 3032 1702 3067 itinera
1720 3033 1884 3074 faciendi,

109 3083 138 3118 si
166 3094 257 3127 quae
283 3084 501 3118 valetudinis
527 3085 640 3129 ipsius
666 3086 758 3119 ratio
784 3085 930 3128 exigere
957 3086 1140 3120 videretur
1167 3086 1250 3128 (308
1275 3087 1373 3130 319).
1416 3086 1558 3120 Natalis
1584 3088 1703 3121 autem
1731 3087 1884 3131 Borgiae

182 3148 494 3181 Braunsberger,
516 3149 628 3174 Canisii
648 3148 805 3182 Epistulae
826 3149 857 3174 et
875 3149 962 3176 Acta.
987 3149 1038 3177 VI.
1579 3157 1598 3180 c
