2044 3335
149 93 250 128 1613.
270 92 371 127 Dom.
391 92 583 136 Menginus
603 92 689 127 Can.
732 93 833 127 1614.
853 93 900 127 Ιο.
920 93 962 127 de
982 93 1138 127 Polanco
1157 91 1242 126 Can.
1270 92 1383 126 Roma
1410 92 1465 126 26.
1486 91 1588 127 Febr.
1611 92 1711 127 1569.
1780 95 1863 135 255

96 207 241 244 1613.
315 207 378 243 P.
398 206 781 244 DOMINIGUS
810 207 1163 245 MENGINUS
1193 208 1245 244 S.
1262 207 1316 243 J.
1336 210 1455 243 rector
1473 208 1615 253 collegii
1640 208 1866 243 monacensis

287 261 488 296 CANISIO.
693 261 884 296 Monachio
909 262 976 297 sub
1002 262 1094 296 med.
1122 262 1180 295 vel
1207 263 1352 296 exeunt.
1379 273 1425 295 m.
1452 262 1686 296 Februarium
1716 262 1817 297 1569.

215 332 270 366 Ex
297 331 452 376 epistula
478 331 522 365 ad
549 331 729 374 Borgiam,
757 332 799 365 de
826 343 897 376 qua
924 332 1027 373 infra,
1055 343 1109 376 ep.
1136 343 1169 366 n.
1191 331 1293 366 1615.

218 403 385 435 Canisizcs
421 404 584 444 Auyusta
619 404 676 436 26.
704 403 902 436 Februarii
939 405 1030 436 1569
1069 403 1105 436 S.
1142 402 1379 436 Francis-cum
1415 403 1588 445 Boryiam
1622 402 1865 446 praepositum

92 456 291 500 yeneralem
327 457 368 488 de
392 456 432 489 P.
457 455 591 489 Thoma
622 456 726 488 Gallo
753 456 912 489 monuit:
946 456 1138 489 Monaclzio
1165 455 1347 499 „scribunt
1383 456 1484 489 illum
1521 457 1561 489 in
1596 457 1721 499 templo
1747 456 1866 489 ridere

95 514 125 543 et
157 510 291 551 ηαρανῖ
323 509 434 542 solere
470 519 548 541 cum
583 509 659 541 suis
685 508 915 551 mulierculis,
942 513 975 542 vt
999 510 1074 555 alia
1095 506 1430 551 praetermittanst‚·
1466 509 1510 551 cf.
1536 520 1650 552 snpra
1670 521 1708 552 p.
1729 511 1810 552 253,
1837 514 1866 542 et

99 563 213 605 infra,
240 573 291 605 ep.
312 573 345 595 n.
368 564 468 595 1615.

95 687 239 725 1614.
305 687 367 724 Ρ.
388 687 688 724 loANNES
712 687 804 724 DE
823 687 1142 725 POLANCO
1171 689 1388 724 secretarius
1408 688 1599 723 Societatis
1616 689 1697 723 Iesu
1724 690 1865 724 nomine

286 742 320 777 S.
340 742 523 776 Francisci
550 742 704 785 Borgiae
730 743 927 787 praepositi
954 742 1134 787 generalis
1161 741 1363 777 CANISIO.

1291 795 1405 829 Roma
1431 795 1487 830 26.
1507 795 1694 829 Februarii
1716 796 1817 830 1569.

213 859 268 894 Ex
287 860 493 905 apographo
508 859 667 894 eiusdem
682 861 871 905 temporis;
891 861 925 894 in
945 861 1117 904 margine,
1138 861 1261 895 eadem
1280 872 1405 894 manu:
1428 861 1616 904 „Augusta
1634 861 1674 895 P.
1687 860 1865 895 Canisio“.

95 913 214 948 Germ.
243 914 286 947 67
314 914 339 949 f.
367 912 598 948 223b—2242.
642 913 809 958 Epistula
836 926 923 949 usus
950 916 1006 948 est
1032 915 1150 956 chhr,
1178 914 1386 949 Jes.173‘2.

213 993 407 1030 Praefatio
435 993 604 1030 editoris.
656 995 731 1037 Quo
758 996 901 1030 facilius
927 996 1054 1030 harum
1081 996 1286 1031 litterarum
1313 998 1422 1041 caput
1448 996 1547 1037 illud,
1574 996 1683 1030 breve
1710 996 1865 1040 quidem,

93 1048 156 1083 sed
191 1060 315 1092 grave,
351 1049 444 1093 quod
480 1049 522 1083 de
559 1050 810 1093 energumenis
847 1052 912 1091 est,
950 1050 1197 1093 intellegatur,
1236 1049 1327 1084 haec
1365 1050 1522 1084 notanda
1561 1061 1640 1084 esse
1676 1050 1864 1084 videntur:

93 1102 127 1136 S.
146 1101 361 1136 Franciscus
387 1102 549 1145 Borgias,
578 1105 618 1137 ut
637 1102 818 1137 Canisium
847 1115 888 1137 ea
914 1103 957 1137 de
983 1116 1021 1137 re
1047 1104 1141 1138 serio
1168 1103 1386 1143 admoneret,
1413 1103 1591 1137 adductus
1618 1105 1674 1137 est
1700 1103 1864 1148 epistulis

93 1166 113 1189 a
139 1155 179 1189 P.
199 1156 314 1189 Paulo
339 1157 492 1199 Hoffaeo
518 1155 811 1200 viceprovinciali
847 1157 890 1190 ad
927 1157 1043 1201 ipsum
1072 1156 1177 1191 datis.
1224 1156 1290 1190 Ille
1326 1156 1420 1190 enim
1447 1157 1617 1199 Borgiam
1649 1157 1691 1190 de
1720 1156 1863 1190 Canisio

93 1209 314 1253 provinciali,
351 1209 412 1253 qui
446 1209 559 1243 Roma
594 1210 798 1252 Augustam
833 1210 976 1244 rediens
1011 1210 1249 1255 Oenipontem
1285 1210 1432 1255 petebat
1466 1209 1529 1254 (cf.
1561 1222 1670 1254 supra
1705 1222 1738 1255 p.
1766 1210 1865 1253 244),

93 1265 130 1296 et
167 1262 210 1296 de
250 1262 414 1297 Susanna
452 1262 674 1307 reliquisque
712 1263 862 1308 puellis,
907 1275 999 1308 quae
1038 1265 1227 1307 Augustae
1266 1275 1329 1308 pro
1369 1264 1526 1298 obsessis
1565 1264 1791 1298 habebantur
1830 1267 1866 1297 et

93 1327 113 1349 a
148 1315 188 1350 P.
219 1315 430 1350 Wendelino
456 1316 572 1350 Volck
609 1316 643 1350 S.
672 1317 704 1350 J.
738 1316 891 1360 aliisque
927 1317 1226 1351 exorcizabantur
1263 1318 1319 1360 (ut
1355 1317 1398 1351 de
1424 1317 1540 1351 Maria
1566 1317 1647 1358 illam
1683 1317 1728 1351 cf.
1756 1328 1865 1362 supra

93 1380 125 1413 p.
151 1369 250 1413 221),
276 1370 328 1404 sic
355 1370 521 1404 *monuit
546 1370 716 1413 Augusta
744 1371 798 1404 15.
827 1371 982 1405 Ianuarii
1012 1371 1122 1406 1569:
1154 1370 1322 1413 „Puellae
1350 1383 1442 1415 quae
1468 1371 1524 1405 hic
1552 1371 1749 1405 exorcizari
1776 1370 1865 1405 sole-

95 1422 189 1461 bant,
227 1422 396 1457 videntur
421 1426 605 1467 vtcunque
640 1423 814 1458 liberatae
850 1436 870 1458 a
897 1424 1010 1458 multo
1036 1426 1209 1469 tempore,
1245 1424 1319 1458 Deo
1346 1424 1438 1459 laus.
1490 1424 1637 1458 Altera¹
1664 1429 1784 1458 tamen
1820 1424 1864 1458 ad

92 1477 114 1510 4
140 1478 204 1510 aut
229 1477 249 1510 5
276 1476 383 1511 horas
409 1477 555 1522 saepius
581 1477 658 1522 rapi
684 1477 787 1519 solet,
825 1478 875 1511 ita
902 1480 942 1511 vt
977 1479 1025 1512 sit
1051 1478 1156 1523 plane
1183 1478 1425 1512 insensibilis:
1463 1478 1597 1512 multas
1629 1481 1705 1512 tum
1741 1479 1792 1511 ait
1826 1489 1865 1512 se

93 1529 250 1564 visiones
275 1529 419 1572 habere,
445 1542 536 1574 quae
561 1532 697 1575 scripto
724 1531 985 1576 concipiuntur.
1022 1531 1111 1565 Mihi
1138 1543 1218 1566 cum
1246 1531 1404 1566 visiones
1431 1532 1522 1566 istae
1548 1534 1740 1576 suspectae
1767 1531 1864 1565 vide-

92 1585 208 1625 antur,
235 1583 335 1629 Patrj
364 1583 507 1618 Canisio
534 1584 782 1618 diiudicandae
808 1587 1011 1619 seruantur.
1056 1586 1097 1620 Js
1123 1585 1234 1620 Pater
1260 1596 1281 1619 a
1309 1585 1346 1620 P.
1366 1585 1408 1619 V.
1437 1586 1572 1619 moneri
1600 1587 1722 1630 posset
1749 1587 1789 1619 vt
1814 1585 1864 1619 nil

92 1648 214 1670 earum
248 1638 423 1682 approbet
448 1638 534 1682 quin
570 1637 698 1672 saltem
734 1638 841 1672 huius
867 1639 1076 1673 Prouintiae
1103 1639 1302 1673 Doctores2
1337 1650 1439 1673 suam
1477 1639 1642 1673 dederint
1675 1650 1862 1673 censuram

92 1701 137 1724 an
164 1690 390 1734 euulgandae
415 1691 488 1725 sint
518 1691 600 1735 (hoc
627 1692 720 1725 enim
748 1692 876 1735 agunt)
915 1704 959 1726 ne
986 1693 1170 1737 sapientes
1197 1693 1290 1726 forte
1317 1693 1462 1726 sinistre
1499 1693 1541 1726 de
1568 1692 1670 1726 nobis
1705 1692 1864 1726 iudicent

92 1755 240 1788 quorum
276 1744 312 1778 in
347 1744 427 1778 istis
454 1744 653 1779 visionibus
688 1745 729 1779 fit
764 1746 909 1779 mentio.
961 1746 991 1779 A
1019 1746 1050 1780 d.
1071 1745 1246 1790 Virgine³
1272 1746 1374 1780 aiunt
1406 1746 1525 1779 omnia
1560 1745 1760 1790 proficisci:
1797 1757 1863 1788 ego

91 1797 214 1831 fictum
242 1798 444 1841 angelum
464 1798 579 1832 lucis
594 1800 607 1818 ⁴
626 1810 705 1832 esse
724 1799 868 1833 credere
887 1799 982 1833 malo
1000 1799 1175 1834 hactenus
1186 1800 1231 1834 ³.“
1262 1800 1308 1834 Et
1321 1801 1487 1843 Augusta
1506 1799 1561 1833 22.
1576 1799 1731 1833 Ianuarii
1752 1799 1864 1833 1569:

95 1851 314 1893 „Monendus
341 1854 397 1885 est
423 1851 461 1885 P.
491 1851 659 1886 Canisius
685 1854 726 1886 vt
752 1853 787 1885 in
815 1863 924 1886 causa
951 1853 1180 1887 obsessarum
1207 1865 1275 1887 non
1302 1854 1351 1888 sit
1376 1854 1525 1887 nimium
1565 1853 1756 1896 indulgens
1784 1864 1863 1886 cum

91 1906 213 1938 nostro
240 1905 470 1948 grauamine:
506 1905 659 1939 multum
695 1906 868 1950 temporis
894 1907 1034 1947 teritur,
1070 1909 1106 1941 et
1141 1919 1210 1941 non
1245 1909 1368 1941 nostro
1406 1907 1507 1941 modo
1544 1906 1769 1951 proceditur“
1803 1905 1864 1949 (ex

91 1959 343 2003 autograpl1is;
376 1959 417 1993 G.
446 1959 510 2004 Ep.
538 1959 569 1993 X
596 1960 620 1993 f.
650 1960 711 1995 88³
739 1960 818 2000 93a;
847 1961 1053 2004 germanice
1080 1973 1186 1995 versa
1213 1962 1307 2006 apud
1335 1962 1453 2005 Duhr,
1481 1961 1554 1995 JeS.
1582 1961 1597 1994 I
1625 1961 1723 2004 732).
1762 1960 1863 1994 Addo

91 2011 207 2046 locum
235 2024 280 2046 ex
308 2013 459 2046 Achillis
479 2014 652 2047 Pii-minii
673 2015 827 2047 Gassari
852 2015 981 2048 medici
1008 2015 1205 2058 augustani
1231 2015 1447 2059 illorumque
1474 2017 1676 2059 temporum
1703 2014 1865 2058 aequalis

95 2066 316 2108 „Annalibus
334 2066 717 2110 Augstburgensibus“
748 2068 826 2101 sive
853 2069 1067 2112 augustanis
1095 2069 1335 2114 exscriptum3
1365 2080 1583 2113 quamquam
1611 2069 1703 2102 enim
1733 2067 1866 2102 Gassa-

92 2131 165 2160 rus,
192 2122 317 2164 utpote
343 2119 448 2154 homo
475 2120 662 2155 catholic-is
688 2121 965 2162 infensissimus,
992 2121 1098 2167 plena
1124 2122 1194 2156 fide
1220 2122 1501 2167 haudquaquam
1529 2122 1660 2165 dignus
1686 2124 1751 2163 est,
1788 2121 1864 2155 eius

90 2175 210 2207 tamen
230 2173 341 2207 verba
367 2173 502 2218 aliquid
529 2174 699 2208 utilitatis
725 2175 868 2209 adferre
894 2178 1056 2220 possunt.
1095 2176 1151 2210 Ita
1178 2177 1289 2219 igitur
1315 2176 1376 2210 ille
1403 2178 1439 2210 in
1465 2188 1496 2210 a.
1516 2177 1625 2211 1569:
1656 2176 1765 2217 „Cum
1793 2176 1862 2209 iam

91 2227 280 2272 sepissime
307 2227 509 2261 Katharina
536 2227 707 2262 Gfitlebia
734 2229 849 2263 Hansi
876 2229 1033 2273 Fuggeri
1063 2230 1211 2264 vxoris⁵
1246 2230 1462 2275 pedissequa
1497 2229 1754 2264 Enthusiasmo
1790 2240 1861 2262 cor—

89 2283 192 2325 repta
218 2281 360 2322 fuisset,
395 2293 437 2315 ac
463 2282 538 2315 suis
566 2282 679 2316 multa
705 2282 866 2317 fanatica
891 2283 1173 2328 fantasticaque,
1211 2284 1254 2318 de
1281 2284 1390 2325 coelo,
1428 2284 1578 2324 inferum
1614 2287 1650 2317 et
1676 2283 1863 2317 animabus

91 2335 127 2368 in
162 2334 234 2368 illis
271 2334 523 2376 existentibus,
560 2338 596 2370 et
630 2337 844 2380 praesertim
880 2337 924 2371 de
959 2337 1065 2372 beata
1091 2338 1234 2381 virgine
1272 2338 1355 2382 (sub
1383 2338 1485 2372 cuius
1513 2337 1654 2371 ceruleo
1690 2336 1798 2381 pallio
1825 2348 1863 2370 se

212 2412 239 2441 a)
261 2411 297 2435 Iu
317 2414 432 2443 autogr.
453 2412 586 2443 sequitur
607 2411 671 2444 sed,
692 2413 783 2438 oblitt.

213 2508 223 2528 ¹
251 2507 475 2542 Catharina‘?
517 2508 608 2542 Vide
634 2519 726 2552 quae
753 2508 818 2542 sub
846 2508 985 2543 Hoffaei
1012 2509 1123 2543 verba
1151 2521 1195 2543 ex
1223 2509 1371 2544 Gassari
1398 2509 1599 2543 Annalibus
1626 2512 1814 2553 ponentur.

210 2561 223 2580 ‘2
249 2561 480 2595 Potissimum
518 2561 724 2604 significare
760 2561 904 2596 videtur
941 2562 1011 2597 ΡΡ.
1040 2563 1301 2608 Hieronymum
1328 2564 1542 2598 Torrensem
1575 2565 1611 2596 et
1637 2562 1862 2597 Theodorum

90 2613 291 2654 Peltanum,
317 2615 521 2659 theologiae
547 2615 583 2648 in
609 2614 846 2649 universitate
873 2615 1058 2660 dilingana
1084 2617 1319 2661 professores,
1347 2616 1419 2651 ΡΡ.
1438 2617 1664 2661 Alphonsum
1690 2617 1861 2651 Pisanum

90 2670 127 2701 et
152 2667 364 2702 Marcellum
382 2668 469 2710 Vaz,
496 2669 556 2713 qui
584 2668 732 2702 eandem
760 2669 926 2712 Dilingae
952 2670 1154 2711 tradebant,
1182 2670 1220 2705 P.
1248 2670 1437 2705 Nicolaum
1463 2670 1636 2704 Lanoium
1664 2670 1863 2715 Oeniponte

90 2721 291 2764 degentem.

212 2776 224 2794 ³³
250 2776 277 2808 A
308 2775 421 2810 Beata
439 2775 589 2819 Virgine
615 2775 742 2809 Maria.

211 2831 223 2849 4
254 2829 355 2873 „Ipse
381 2829 474 2863 enim
501 2831 649 2863 satanas
676 2829 913 2872 transfigurat
939 2841 978 2864 se
1005 2830 1040 2863 in
1067 2830 1247 2874 Angelum
1273 2830 1396 2865 lucis.“
1452 2831 1472 2865 2
1500 2830 1568 2865 Cor
1590 2831 1643 2872 11,
1664 2832 1718 2866 14.

211 2884 223 2901 ⁵
249 2882 479 2916 Elisabethae
497 2882 676 2916 Nothhaft
702 2883 745 2916 de
759 2882 1035 2923 Weissenstein,
1063 2895 1155 2927 quae
1181 2895 1202 2918 a
1222 2883 1364 2918 Canisio
1387 2884 1434 2925 (a.
1452 2885 1558 2925 1561)
1589 2896 1635 2918 ex
1660 2887 1860 2930 protestan-

89 2936 197 2969 tismo
232 2935 275 2969 ad
309 2935 497 2970 ecclesiam
523 2936 673 2970 reducta
700 2948 780 2971 esse
806 2936 951 2970 videtur
981 2938 1088 2979 (Can.
1115 2937 1148 2970 II
1176 2937 1395 2981 663—665).
1447 2939 1637 2982 Philippus
1662 2939 1862 2973 Edam-dns

91 2990 278 3032 Fuyyerus
303 2989 339 3023 in
366 2989 713 3034 *Ephemeridibus:
750 2989 924 3032 „Martius
952 2990 1043 3024 1569
1072 3018 1078 3024 .
1100 3018 1106 3024 .
1129 3018 1134 3024 .
1162 2991 1184 3025 8
1210 2990 1324 3025 frater
1351 2990 1591 3035 [Octavianus
1618 2991 1778 3036 scripsit]
1816 3003 1860 3028 ex

90 3045 245 3086 augusta
264 3070 271 3077 .
286 3070 291 3076 .
308 3070 314 3077 .
343 3042 415 3076 Che
442 3043 477 3076 in
504 3054 589 3077 casa
608 3043 665 3077 del
684 3043 814 3088 Signor
833 3043 1011 3078 Giouanni
1030 3055 1101 3078 una
1119 3055 1226 3079 serua
1254 3045 1284 3079 si
1303 3045 1347 3090 sij
1362 3045 1593 3091 jnspiritato“
1619 3045 1678 3088 (ex
1698 3047 1858 3089 autogr.;

92 3095 174 3130 Cod.
203 3096 344 3130 vindob.
372 3096 462 3130 7447
490 3096 514 3131 f.
541 3095 633 3140 42b).
