2044 3335
335 105 429 139 Mon.
458 105 549 140 1070
574 104 653 138 sive
679 115 754 138 var.
777 102 842 146 (6).
885 103 1021 137 Diebus
1050 103 1103 137 14.
1123 105 1159 137 et
1187 104 1240 138 15.
1259 102 1466 137 Decembris
1494 102 1595 136 1567.
1764 104 1848 145 723

86 232 132 254 ex
165 220 314 264 reliquis
340 220 475 254 Canisii
508 219 717 264 biographis
748 219 840 253 idem
876 221 1118 253 narraverunt
1153 219 1300 260 factum,
1337 231 1382 253 ex
1408 219 1547 252 Radero
1582 216 1641 251 vel
1676 216 1850 251 Sacchino

85 273 265 314 haustum,
301 273 359 307 vel
387 274 495 307 etiam
531 285 575 307 ex
602 272 727 306 Boerio
758 272 867 316 (hunc
892 274 1006 306 secuti
1033 275 1118 306 sunt
1143 272 1283 316 Me'ehel,
1320 271 1405 305 Can.
1433 271 1632 311 326—329,
1664 272 1700 303 et
1725 271 1850 313 Kross,

87 325 171 360 Can.
201 326 416 369 180—181).

204 377 394 414 Praefatio
434 377 607 414 editoris:
651 378 717 420 Qui
759 378 895 423 primus
934 377 1068 411 Canisii
1110 377 1224 411 vitam
1263 377 1361 422 typis
1400 377 1616 422 descriptam
1658 376 1695 410 in
1736 376 1852 410 lucem

86 432 206 466 emisit
223 452 265 455 —
286 432 466 466 Monachii
493 444 523 466 a.
545 433 637 467 1614
663 432 695 466 id
724 432 858 465 factum
877 450 941 471 ⁷—‚
969 431 1008 465 P.
1030 432 1232 464 Matthaeus
1249 432 1415 464 Raderus
1433 430 1623 464 Societatis
1641 430 1723 463 Iesu
1741 429 1853 474 philo-

85 485 189 528 logus
216 488 251 519 et
276 485 470 520 historicus
495 485 658 528 insignis,
686 486 721 518 in
748 484 852 518 huius
879 484 976 517 vitae
1003 483 1121 528 capite
1148 483 1219 524 illo,
1247 484 1339 527 quod
1370 483 1566 525 „Miracula
1590 483 1731 517 Canisio
1759 483 1853 523 vivo,

85 541 224 572 mortuo
259 539 422 583 patrata“
460 538 645 583 inscripsit
680 537 716 578 (l.
743 538 781 579 3,
809 549 837 571 c.
864 537 924 580 4):
965 537 1060 579 „Nec
1094 537 1320 577 tacendum&
1359 537 1493 580 inquit,
1538 536 1624 578 „iter
1661 536 1852 570 facientem

86 593 230 636 saepius
258 603 303 625 ex
328 592 405 636 ipso
430 592 554 625 mortis
581 591 785 625 discrimine
812 602 891 624 esse
927 592 1100 634 ereptum.
1153 588 1325 629 Quamuis
1361 590 1455 622 enim
1487 601 1549 634 pro
1576 589 1758 623 Sociorum
1785 601 1852 623 vsu

85 644 181 679 viam
207 657 389 688 nunquam
415 645 512 679 solus
538 645 796 688 ingrederetur,
823 643 1054 677 nihilominus
1080 654 1126 676 ex
1152 642 1342 676 interuallo
1377 653 1631 686 nonnunquam
1667 645 1852 686 sequutus,

87 700 123 732 et
148 698 203 732 sui
229 710 271 732 ac
297 710 453 739 suorum,
489 699 719 742 omniumque
754 698 997 742 praesentium
1033 696 1176 737 oblitus,
1212 695 1397 739 soliusque
1423 695 1488 729 Dei
1515 707 1661 736 memor,
1697 696 1853 729 iumento

87 751 222 785 vehens
249 752 284 785 in
311 752 391 786 auia
418 751 672 796 abripiebatur,
699 752 736 784 et
759 750 908 784 fiumina
933 750 1130 793 ingressus,
1163 761 1233 782 non
1258 749 1326 782 nisi
1354 760 1416 793 per
1451 749 1593 792 ignotos
1619 748 1735 782 subito
1762 760 1853 782 com-

86 807 254 849 parentes
285 807 614 848 euanescentesque
648 815 736 848 quos
772 804 919 837 caelites
954 803 1067 836 fuisse
1101 814 1172 836 non
1198 802 1427 844 ambigimus,
1463 813 1508 835 ex
1534 801 1661 846 medijs
1687 802 1854 846 periculis

84 860 251 892 seruatus
287 860 322 891 et
347 858 382 891 in
411 859 507 891 viam
533 857 704 891 reductus
731 859 795 890 est.
848 856 899 890 De
926 868 995 900 quo
1022 855 1162 889 illustre
1198 855 1443 889 testimonium
1476 856 1579 888 extat
1604 854 1643 889 P.
1672 854 1852 888 Francisci

85 910 235 951 Roccae,
262 912 321 955 qui
348 911 523 954 hodieque
542 910 675 944 Romae
696 911 797 950 Viuit,
825 913 860 944 et
879 908 1012 954 Canisij
1040 920 1158 943 comes
1178 910 1256 942 erat
1281 908 1420 942 itineris
1446 907 1553 949 illius,
1581 907 1674 951 quod
1693 908 1851 952 expono“

89 964 138 1009 (p.
165 965 382 1006 239—240).
431 963 564 997 Narrat
590 963 726 1005 deinde,
756 963 938 997 Canisium
965 974 995 997 a.
1017 963 1106 996 1567
1133 962 1299 1005 Augusta
1326 961 1593 995 Vindelicorum
1619 959 1854 1005 Oenipontem

88 1020 267 1063 petentem
307 1029 415 1062 prope
450 1016 706 1050 monasterium
742 1017 857 1057 Ettal,
897 1028 976 1050 cum
1012 1015 1156 1049 iamiam
1193 1015 1295 1058 aquis
1321 1015 1453 1048 vallem
1486 1014 1741 1048 inundantibus
1776 1014 1852 1048 sub-

88 1071 303 1114 mergendus
329 1072 435 1111 esset,
465 1081 526 1114 per
552 1069 730 1103 hominem
767 1070 939 1113 ignotum,
976 1069 1036 1113 qui
1071 1070 1218 1113 repente
1246 1067 1453 1109 accurrerit,
1485 1069 1632 1112 repente
1659 1066 1772 1100 videri
1800 1067 1856 1100 de-

85 1125 197 1165 sierit,
224 1123 380 1169 periculo
398 1123 587 1157 liberatum
607 1134 705 1163 esse:
733 1125 842 1166 atque
860 1123 912 1157 sic
930 1123 1099 1156 narrandi
1117 1122 1223 1156 finem
1242 1122 1349 1156 facit:
1381 1121 1500 1163 „Haec
1518 1132 1626 1165 prope
1645 1120 1689 1154 ad
1708 1120 1856 1154 verbum

89 1190 134 1212 ex
152 1178 313 1222 Epistola
331 1177 480 1217 Roccae,
508 1188 553 1209 ex
570 1176 696 1210 Italico
714 1176 857 1216 tralata,
885 1176 1089 1216 ostendunt,
1117 1187 1223 1219 quam
1242 1175 1339 1209 cordi
1365 1175 1475 1208 fuerit
1494 1174 1658 1208 Canisius
1676 1173 1762 1213 Deo,
1788 1174 1857 1207 sin-

87 1231 249 1274 gularem
276 1230 318 1264 ad
338 1242 417 1264 eum
445 1230 661 1264 seruandum
681 1229 845 1263 caelitem
865 1229 1041 1263 mittenti“
1066 1229 1114 1273 (p.
1135 1229 1232 1272 247).
1269 1229 1308 1262 In
1327 1239 1473 1272 corpore
1500 1239 1602 1272 porro
1622 1226 1856 1271 epistularum

87 1284 307 1328 aliorumque
326 1283 540 1328 scriptorum
560 1283 603 1316 ad
624 1283 801 1316 Raderum
821 1283 903 1316 olim
923 1282 1113 1316 missorum
1132 1282 1226 1316 inter
1243 1284 1485 1321 monumenta,
1513 1291 1605 1324 quae
1625 1279 1856 1324 biographiae

86 1338 290 1372 canisianae
317 1336 592 1371 conscribendae
619 1337 738 1379 gratia
764 1336 808 1369 ab
836 1348 876 1369 00
903 1335 1054 1369 collecta
1079 1347 1158 1369 esse
1184 1337 1295 1380 patet,
1322 1334 1599 1369 commentarius
1636 1332 1696 1366 ille
1721 1333 1856 1367 latinus

89 1391 162 1435 (A),
191 1402 294 1435 quem
314 1402 424 1435 supra
442 1389 527 1430 dixi,
555 1390 731 1429 cernitur;
760 1389 827 1429 cui,
855 1401 875 1422 a
901 1401 970 1433 quo
989 1389 1130 1432 quando
1149 1388 1369 1433 compositus
1392 1389 1450 1429 sit,
1477 1399 1546 1420 non
1565 1389 1621 1421 est
1638 1387 1855 1431 ascriptum;

86 1446 219 1479 factum
247 1446 424 1484 narratur,
461 1443 553 1487 quod
590 1443 692 1476 modo
719 1443 934 1483 memoravi;
972 1445 1009 1476 at
1043 1442 1284 1476 narrationem
1320 1442 1474 1486 primum
1511 1440 1580 1474 alio
1607 1452 1713 1484 quam
1744 1440 1856 1473 latino

86 1509 249 1532 sermone
285 1497 535 1541 conscriptam,
573 1496 699 1529 deinde
734 1496 844 1529 latine
879 1496 1054 1529 redditam
1090 1506 1170 1529 esse
1206 1496 1283 1539 ipsa
1319 1495 1430 1528 verba
1464 1493 1709 1537 sermonisque
1742 1504 1857 1536 genus

86 1552 251 1596 produnt
302 1552 438 1584 Auctor
467 1550 625 1594 „putat“,
662 1549 879 1583 monasterio
915 1549 966 1582 illi
1001 1560 1131 1583 nomen
1162 1548 1308 1591 „Ethal“
1339 1548 1470 1587 fuisse;
1506 1547 1607 1581 fluvii
1633 1558 1762 1580 nomen
1787 1558 1857 1580 non

86 1605 204 1650 ponit;
245 1604 441 1647 ,milliariis
477 1602 628 1637 italicis“
665 1603 761 1636 viam
798 1602 975 1646 quandam
1011 1601 1215 1641 dimetitur;
1252 1604 1371 1635 utrum
1407 1612 1439 1635 a.
1469 1601 1558 1634 1566
1586 1611 1631 1633 an
1659 1600 1747 1633 1567
1777 1611 1857 1633 cum

87 1658 229 1693 Ganisio
256 1657 324 1691 iter
350 1656 437 1690 illud
464 1656 601 1697 fecerit,
630 1656 790 1696 dubitat;
819 1655 1001 1689 Canisium
1028 1655 1153 1689 scribit
1174 1658 1320 1699 „postea
1346 1657 1400 1689 tot
1425 1654 1539 1695 annis,
1567 1656 1602 1687 et
1628 1653 1857 1687 concionibus

86 1714 121 1746 et
147 1711 293 1756 scriptis
319 1710 430 1751 libris,
457 1713 492 1744 et
518 1710 610 1744 bona
636 1721 702 1744 sua
725 1709 1015 1743 conuersatione“
1046 1709 1220 1743 ecclesiae
1246 1720 1347 1753 opem
1375 1708 1513 1742 tulisse.
1558 1707 1611 1740 En
1629 1707 1742 1750 igitur
1761 1706 1857 1750 (quis

86 1765 306 1799 dubitaverit
318 1764 352 1807 5³)
382 1764 494 1798 latina
519 1763 582 1797 1113
610 1764 726 1797 versio
753 1762 938 1796 relationis
964 1775 983 1796 a
1004 1763 1042 1796 P.
1061 1763 1252 1796 Francisco
1272 1762 1389 1796 Rocca
1416 1761 1535 1795 italice
1554 1760 1722 1804 scriptae,
1749 1771 1855 1804 quam

85 1819 247 1853 Raderus
274 1818 371 1852 dicit.
414 1817 453 1851 In
480 1817 557 1851 vita
583 1829 686 1861 porro
713 1816 896 1850 canisiana
923 1815 1085 1850 Raderus
1112 1816 1294 1861 complura
1321 1815 1451 1856 omisit,
1478 1826 1679 1849 sermonem
1704 1814 1856 1847 latinum

86 1872 190 1906 valde
226 1871 441 1912 emendavit,
476 1871 732 1904 monasterium
759 1870 836 1904 sine
862 1869 936 1903 11113
972 1870 1194 1904 dubitatione
1224 1869 1378 1912 „Ettal“,
1414 1869 1564 1902 fluvium
1596 1868 1851 1909 „Ainbronen1“

87 1925 246 1969 (Amber,
272 1925 433 1968 Ammer)
463 1925 618 1958 vocavit.
663 1923 780 1965 Quare
803 1923 855 1957 sic
883 1923 1038 1957 conicio:
1065 1923 1156 1956 Tum
1182 1923 1260 1968 ipsa
1287 1922 1374 1956 facti
1401 1933 1550 1963 summa,
1577 1924 1654 1955 tum
1673 1921 1742 1955 duo
1767 1920 1856 1955 haec

84 1980 227 2013 nomina
252 1979 288 2012 in
307 1978 500 2013 Germania
525 1977 708 2022 superiore
727 1977 920 2017 hominum,
947 1976 1103 2010 maxime
1122 1976 1315 2017 Sociorum,
1343 1976 1514 2009 memoria
1532 1977 1746 2009 conservata
1772 1977 1857 2008 sunt

85 2035 121 2066 et
147 2033 191 2066 ad
209 2032 340 2065 Raderi
366 2043 471 2065 aures
497 2033 740 2076 pervenerunt
765 2031 843 2064 sive
862 2033 1056 2074 antequam
1077 2029 1211 2063 Oanisii
1229 2030 1342 2063 vitam
1369 2029 1535 2062 meditari
1563 2028 1750 2073 coepisset,
1777 2028 1855 2061 sive

85 2097 165 2120 cum
192 2085 380 2130 coepisset.
431 2084 496 2118 1110
522 2088 651 2125 autem,
680 2095 758 2118 cum
787 2083 887 2117 initio
922 2084 1058 2117 saeculi
1083 2083 1197 2117 XVII.
1225 2083 1282 2117 vel
1310 2083 1447 2126 aliquot
1482 2084 1563 2127 post
1588 2082 1692 2115 annis
1725 2081 1855 2115 librum

85 2141 238 2184 pararet,
266 2138 410 2183 perinde
430 2140 537 2182 atque
563 2137 694 2172 litteris
721 2138 757 2171 in
776 2137 1005 2172 Germaniam
1032 2137 1237 2170 inferiorem
1256 2136 1360 2177 datis,
1387 2148 1470 2169 num
1498 2135 1583 2180 quid
1610 2135 1653 2169 ad
1672 2134 1855 2169 Canisium

84 2195 253 2237 spectans
279 2192 347 2226 sibi
373 2191 602 2236 suppeditare
628 2194 786 2236 possent,
823 2191 1004 2235 quaesivit
1032 2190 1138 2234 (Can.
1158 2190 1191 2224 V
1218 2190 1435 2233 661—662),
1472 2189 1522 2223 ita
1548 2188 1679 2222 litteris
1706 2189 1855 2222 Romam

84 2246 216 2286 missis,
243 2248 283 2279 ut
309 2257 372 2290 per
398 2245 436 2279 P.
464 2245 619 2278 Roccam
646 2256 703 2278 res
729 2244 864 2278 certius
890 2246 926 2278 et
951 2244 1068 2287 magis
1095 2243 1309 2287 singillatim
1336 2245 1554 2283 narraretur,
1582 2241 1696 2287 petiit.

206 2299 243 2333 P.
262 2300 483 2333 Franci-scus
502 2299 699 2332 Scccchimcs
718 2297 908 2332 Societatis
935 2300 971 2331 et
996 2298 1073 2342 ipse
1099 2297 1293 2331 historicus
1311 2296 1518 2341 praeclarus
1545 2307 1637 2329 311110
1664 2297 1854 2339 postquam

84 2353 215 2387 Raderi
242 2353 319 2386 vita
345 2352 528 2386 canisiana
556 2351 706 2394 vulgata
732 2353 796 2393 est,
834 2351 983 2385 eandem
1010 2352 1125 2384 vitam
1161 2351 1239 2395 ipse
1274 2361 1413 2394 quoque
1449 2349 1596 2394 scripsit
1624 2349 1773 2391 (excusa
1800 2351 1856 2383 est

84 2418 115 2441 a.
137 2407 227 2441 1616
246 2405 495 2449 Ingolstadii);
522 2405 655 2438 Romae
682 2404 787 2443 enim,
814 2406 854 2438 ut
879 2405 954 2448 ipse
981 2405 1041 2444 ait,
1069 2403 1223 2448 plurima
1241 2406 1472 2437 monumenta
1498 2402 1680 2436 canisiana
1707 2402 1855 2449 invenit,

84 2472 176 2504 quae
203 2460 341 2493 Radero
368 2470 453 2504 prae
479 2458 644 2492 manibus
671 2470 739 2492 11011
771 2458 915 2491 fuerant
942 2457 1044 2501 (Can.
1071 2458 1123 2501 4).
1172 2457 1322 2491 Factum
1351 2456 1484 2491 Canisii
1519 2468 1565 2489 ex
1600 2455 1758 2500 periculo
1793 2456 1854 2490 illo

83 2514 172 2547 mire
199 2513 342 2547 liberati
369 2512 492 2547 multis
519 2512 639 2546 verbis
666 2514 810 2552 narrat;
845 2511 881 2544 in
914 2522 985 2554 qua
1010 2510 1216 2545 narratione
1243 2512 1427 2555 comparet
1458 2509 1691 2551 „Franciscus
1717 2508 1854 2544 Rocca:

84 2579 210 2601 recens
235 2568 377 2601 creatus
405 2565 588 2606 Sacerdos,
616 2577 684 2609 quo
712 2565 873 2599 adiutore
901 2564 1094 2608 [Canisius]
1124 2564 1167 2598 ad
1194 2563 1421 2598 scribendum
1448 2563 1643 2597 Vtebatur.
1664 2590 1671 2597 .
1692 2576 1719 2603 .;
1753 2563 1854 2597 cuius

84 2632 147 2654 nos
175 2623 211 2654 et
236 2632 282 2654 ex
299 2631 369 2661 ore,
397 2622 434 2654 et
451 2618 706 2653 commentario
726 2618 814 2652 haec
833 2618 1058 2662 aecepimus“
1084 2617 1186 2660 (Can.
1206 2617 1274 2651 249
1301 2617 1398 2659 253).
1443 2615 1510 2657 Qui
1533 2617 1849 2657 „commentarius“

84 2674 227 2708 videtur
253 2684 332 2707 esse
358 2673 429 2714 ille,
457 2684 562 2717 quem
589 2683 698 2717 supra
724 2684 756 2716 p.
786 2671 854 2705 722
880 2671 1036 2705 secundo
1071 2670 1148 2704 loco
1174 2670 1356 2704 nominavi
1385 2670 1468 2713 (ss);
1503 2681 1586 2704 nam
1613 2669 1747 2703 Romae
1782 2682 1853 2704 ser-

85 2730 192 2761 vatus
218 2730 284 2767 est,
310 2727 340 2760 si
366 2738 435 2760 non
463 2726 608 2766 diutius,
645 2728 741 2759 certe
777 2736 890 2768 usque
926 2725 969 2758 ad
997 2724 1187 2758 societatis
1214 2724 1295 2757 lesu
1330 2724 1620 2768 suppressionem
1649 2723 1695 2767 (a.
1725 2724 1854 2768 1773);

83 2792 178 2814 nunc
204 2791 344 2824 quoque
370 2779 464 2813 idem
491 2779 623 2814 Canisii
651 2778 816 2824 epistulis
842 2778 885 2811 ad
913 2778 1135 2822 praepositos
1162 2776 1350 2819 generales
1376 2777 1481 2818 datis,
1518 2788 1607 2821 quas
1634 2788 1654 2810 a
1681 2776 1854 2812 Sacchino

84 2834 128 2868 ad
148 2833 281 2868 Canisii
309 2833 420 2867 vitam
446 2833 672 2867 scribendam
699 2832 878 2866 adhibitas
897 2842 977 2865 esse
1001 2833 1098 2864 certo
1117 2833 1268 2871 constat,
1296 2830 1487 2864 adiunctus
1514 2832 1579 2864 est.
1624 2829 1712 2864 Cum
1738 2830 1855 2876 priore

84 2887 144 2921 illo
183 2886 438 2921 commentario
475 2886 583 2920 rebus
622 2896 813 2929 rerumque
852 2885 974 2918 ordine
1014 2884 1205 2929 plurimum
1245 2884 1429 2927 congruit,
1468 2883 1589 2917 verbis
1624 2883 1855 2918 vehementer

85 2940 286 2984 discrepat3
311 2939 454 2973 brevior
480 2942 554 2979 est;
581 2938 763 2973 latinitate
781 2937 934 2971 multum
961 2938 1132 2982 praestat.
1178 2937 1313 2971 Censeo
1340 2937 1451 2980 igitur
1478 2936 1571 2970 hanc
1597 2948 1677 2971 esse
1703 2937 1855 2972 alteram

85 2993 262 3037 quandam
290 2992 491 3026 versionem
527 2992 715 3026 relationis
742 3003 762 3025 a
788 2991 906 3025 Rocca
940 2990 1061 3024 italice
1096 2990 1253 3035 scriptae
1289 3001 1439 3034 eamque
1475 2989 1674 3035 politiorem
1701 2991 1855 3035 quidem,

85 3047 177 3090 quod
205 3046 249 3080 ad
268 3045 378 3079 verba
405 3045 545 3087 attinet,
572 3046 678 3091 paulo
699 3046 816 3079 minus
835 3047 955 3078 autem
981 3046 1199 3085 accuratam,
1227 3044 1321 3087 quod
1347 3044 1392 3077 ad
1419 3055 1477 3077 res
1503 3044 1611 3089 ipsas.
1650 3043 1854 3078 Notandum

84 3102 216 3141 autem,
243 3111 264 3134 a
290 3099 464 3134 Sacchino
490 3100 626 3145 absque
653 3100 725 3134 ulla
752 3099 988 3133 haesitatione
1023 3097 1173 3132 fluvium
1209 3097 1310 3132 illum
1337 3098 1564 3138 Ambronem,
1596 3099 1853 3132 monasterium

1495 3157 1570 3192 46*
