2044 3335
603 94 632 126 A
661 93 691 126 d.
712 93 767 126 25.
786 91 909 126 Martii
935 91 978 125 ad
1006 91 1060 125 20.
1080 89 1218 135 Aprilis
1246 88 1347 123 1568.
1764 87 1846 128 547

211 210 243 244 S.
274 209 419 252 „Contio
447 209 502 243 die
528 208 728 254 palmarum
755 208 797 242 ad
817 207 1132 242 communicantes.
1168 204 1344 251 Proposui
1366 205 1523 239 tractare
1549 202 1591 237 de
1617 203 1855 242 sacramento,

90 263 123 298 id
152 265 208 297 est
233 263 276 297 de
301 262 404 296 modo
431 262 537 305 digne
564 261 651 296 illud
677 261 895 307 percipiendi
924 261 940 295 l
969 261 1053 305 quia
1087 259 1279 304 laudabilis
1304 269 1381 292 mos
1417 259 1472 291 est
1505 255 1687 301 simplices
1714 254 1756 289 de
1787 253 1854 288 hoc

90 315 302 350 instruendi.
354 316 374 349 2
401 315 594 349 debitorem
623 326 679 348 me
706 326 861 358 agnosco
887 313 1101 358 petentibus
1128 314 1170 346 ut
1194 312 1262 346 hoc
1286 311 1417 345 bonum
1443 321 1530 355 opus
1556 308 1697 343 faciam.
1749 307 1770 341 3
1795 318 1854 340 ne-

92 368 287 403 cessarium
313 370 399 413 puto
426 370 466 402 ut
490 368 614 402 sedulo
640 367 725 402 talis
751 368 814 401 fiat
840 366 1043 407 admonitio,
1069 377 1113 399 ne
1138 364 1284 408 indigne
1302 364 1493 398 accedatur
1510 362 1554 396 ad
1579 363 1719 396 tantum
1737 370 1855 394 sacra-

92 423 271 456 mentum“
304 424 372 455 etc.
414 420 543 455 Totum
571 420 865 455 commentarium
892 419 1025 453 Canisii
1050 430 1160 452 manu
1187 418 1361 462 scriptum
1388 418 1443 450 est
1472 416 1509 459 (l.
1528 427 1557 449 c.
1577 415 1601 449 f.
1622 412 1854 456 1522—1532)

93 477 200 518 atque
236 474 280 508 ad
306 474 398 508 hanc
425 475 630 508 contionum
665 473 793 508 seriem
829 472 1009 517 pertinere
1044 471 1198 512 videtur,
1234 469 1302 504 etsi
1337 472 1441 503 extra
1476 479 1555 502 eam
1589 466 1762 511 scriptum
1789 467 1855 500 est.

93 527 178 562 Dies
204 528 282 562 sive
307 527 493 561 Dominica
523 526 769 570 „Palmarum“
800 528 877 560 erat
905 526 958 560 11.
985 524 1120 570 Aprilis
1149 523 1250 558 1568.

213 582 245 615 9.
277 579 478 623 „Quomodo
512 579 664 614 historia
699 579 754 614 die
782 580 884 613 Jouis
918 580 1043 613 sancto
1078 577 1245 612 admonet
1269 578 1310 609 ut
1341 575 1386 609 ad
1412 585 1562 608 sacram.
1589 573 1741 607 Euchar.
1767 571 1857 606 bene

94 634 380 689 praeparemur.“
443 633 609 668 Canisius
646 633 714 667 hac
748 633 884 667 ratione
919 631 1097 677 explicat,
1136 641 1227 674 quae
1262 629 1297 662 in
1332 627 1459 662 ultima
1494 638 1581 661 cena
1615 629 1651 660 et
1684 627 1720 660 in
1754 625 1857 659 horto

97 686 338 721 Crethsemane
364 689 469 730 gesta
494 688 598 726 sunt;
634 685 929 720 commentarium
962 685 1040 729 ipse
1075 684 1219 728 scripsit
1247 681 1285 725 (l.
1313 693 1342 715 c.
1370 681 1394 715 f.
1424 680 1522 724 62b);
1559 679 1651 723 quod
1686 679 1730 713 ad
1765 677 1858 712 hanc

97 740 301 774 contionum
328 741 456 774 seriem
483 739 663 784 pertinere
688 738 987 772 verisimillimum
1015 739 1082 771 est.
1116 735 1298 771 canisium
1325 745 1356 769 a.
1377 734 1467 768 1568
1499 733 1606 774 „feria
1624 732 1667 766 V.
1686 732 1721 765 in
1741 730 1863 765 Coena

96 792 257 827 Domini“
283 793 390 837 (quae
409 796 487 827 erat
510 793 562 827 15.
578 792 728 837 Aprilis)
750 792 950 826 contionem
977 791 1146 825 habuisse
1171 789 1207 822 in
1226 799 1338 832 eaque
1356 787 1508 832 primam
1525 787 1664 830 partem
1682 783 1866 830 passionis

99 845 232 881 Christi
259 846 476 891 explicuisse
502 848 645 880 constat
670 846 778 879 etiam
805 857 851 879 ex
876 843 1130 879 commentario
1158 842 1334 876 contionis
1360 839 1554 885 proximae.

219 900 274 935 10.
306 899 519 942 „Exordium
537 900 572 933 in
592 899 756 944 passione
776 898 907 932 Christi
927 925 933 933 .
954 898 1009 932 die
1027 897 1248 931 Parasceues
1267 893 1337 938 [16.
1356 892 1516 938 Aprilis}
1551 890 1618 933 Qui
1637 889 1867 924 Christianus

99 955 155 987 est
180 955 216 987 et
234 952 477 987 Christianum
504 953 715 996 sanguinem
742 952 850 986 habet
876 952 911 985 in
938 962 1083 996 corpore
1102 948 1228 983 merito
1255 947 1385 982 debeta
1404 958 1442 980 se
1468 948 1617 986 mutare,
1647 943 1742 977 hunc
1768 942 1864 977 diem

99 1017 306 1049 agnoscere,
333 1005 401 1040 sibi
427 1006 675 1040 commendare
702 1007 736 1039 et
763 1006 884 1048 magni
915 1005 1034 1038 facere
1069 1014 1173 1037 suum
1200 1000 1444 1045 Ca1·freytag.⁴‘
1503 997 1733 1043 „Propositio.
1783 995 1866 1030 Non

98 1061 259 1104 repetam
286 1059 460 1103 quomodo
485 1059 576 1092 feria
602 1059 624 1092 4
650 1058 818 1092 uenditus
845 1070 864 1092 a
892 1058 986 1092 Juda
1011 1056 1146 1091 JudeiS.
1167 1083 1174 1090 .
1196 1082 1203 1089 .
1222 1082 1229 1089 .
1280 1054 1333 1088 De
1358 1053 1414 1087 his
1440 1052 1575 1086 dictum
1601 1053 1635 1085 et
1662 1053 1782 1085 actum
1809 1050 1866 1083 est

100 1113 188 1147 heri.
239 1112 328 1154 Quid
360 1115 481 1146 autem
516 1112 620 1146 hodie
658 1123 762 1146 mane
797 1112 981 1146 factum‘?“
1036 1110 1162 1144 Totam
1190 1107 1324 1142 Christi
1357 1106 1560 1152 passionem
1595 1106 1739 1138 enarrat
1767 1103 1806 1147 (l.
1833 1113 1863 1136 c.

99 1166 124 1199 f.
144 1163 334 1206 69b—73³;
371 1165 416 1200 cf.
444 1166 551 1199 etiam
582 1165 605 1200 l.
633 1177 661 1199 c.
688 1165 712 1199 f.
743 1165 924 1207 332—37b‚
960 1163 1019 1198 ubi
1055 1162 1237 1197 Guisanus
1272 1160 1386 1194 multa
1420 1159 1455 1193 in
1490 1159 1651 1201 margine
1686 1155 1861 1199 notavit);

98 1222 184 1273 puto
219 1222 352 1259 autem,
388 1231 467 1253 eum
504 1219 593 1253 duas
629 1218 827 1259 contiones,
863 1229 970 1252 unam
1006 1228 1120 1257 mane,
1157 1215 1307 1249 alteram
1342 1215 1424 1258 post
1454 1212 1640 1257 prandium
1676 1210 1865 1249 habuisse;

101 1272 282 1307 Guisanus
309 1273 401 1306 enim
438 1273 473 1306 in
502 1272 586 1307 Can.
614 1273 658 1306 26
686 1272 710 1306 f.
737 1273 782 1306 45
819 1271 938 1316 posuit
967 1270 1171 1313 „Summam
1199 1268 1251 1303 29Θ
1277 1266 1455 1301 concionis
1482 1266 1524 1299 de
1550 1264 1749 1310 passione“,
1785 1274 1864 1297 cum

100 1326 168 1360 hac
190 1325 502 1371 „Propositione“:
534 1325 678 1368 „Dicam
707 1325 742 1359 19
769 1336 859 1369 quae
886 1327 1036 1358 mortem
1057 1321 1192 1357 Christi
1218 1321 1254 1354 in
1280 1331 1386 1355 cruce
1416 1319 1569 1353 reddunt
1594 1317 1868 1361 ignominiosam

101 1381 137 1413 et
162 1379 403 1419 honorificam,
431 1379 468 1414 29
494 1379 537 1413 de
564 1379 583 1413 7
610 1378 743 1421 verbis,
770 1379 806 1412 39
833 1378 875 1412 de
901 1376 1117 1422 sepultura.“

222 1433 277 1467 11.
307 1432 492 1474 „Notanda
527 1432 624 1466 circa
658 1432 791 1466 festum
819 1430 1026 1465 Paschatis“
1061 1429 1133 1473 (18.
1161 1426 1325 1472 Aprilis).
1368 1425 1509 1460 Pascha
1538 1426 1661 1458 sancte
1688 1423 1868 1457 celebran-

101 1485 194 1520 dum.
251 1486 521 1528 „Confirmanda
552 1486 641 1520 fides
668 1488 723 1520 est
750 1488 873 1519 contra
899 1483 1072 1518 sectarios
1099 1482 1214 1516 multa
1239 1481 1422 1514 mutantes
1449 1480 1484 1513 in
1511 1478 1633 1512 ordine
1659 1477 1865 1511 Ecclesiae*

101 1539 205 1583 (Can.
231 1540 273 1574 31
302 1540 326 1574 f,
346 1539 535 1580 73b—7523
564 1541 609 1573 cf.
628 1539 653 1573 f.
673 1539 847 1573 37¹³—thb
871 1537 961 1581 42³).

223 1593 276 1628 12.
308 1593 424 1636 „Vsus
460 1592 642 1627 doctrinae
677 1593 719 1626 de
755 1590 1016 1626 resurrectione
1043 1589 1161 1624 carnis
1196 1588 1373 1622 nostrae.“
1427 1586 1494 1619 Hic
1531 1584 1657 1627 „vsus¹‘
1687 1596 1732 1617 ex
1766 1585 1871 1628 parte

102 1647 305 1692 explicatur
330 1647 365 1681 in
392 1647 484 1681 serie
511 1646 714 1681 contionum
742 1644 1015 1689 elvangensium
1044 1643 1082 1686 (l.
1102 1655 1131 1677 c.
1161 1643 1184 1676 f.
1205 1642 1286 1685 75);
1315 1652 1409 1684 quae
1436 1638 1627 1684 explicatio
1653 1649 1736 1682 pars
1762 1636 1870 1671 tertia

101 1701 214 1735 fuisse
246 1700 389 1734 videtur
421 1700 595 1734 contionis
625 1699 749 1742 „Feria
776 1699 813 1734 29
838 1701 919 1744 post
945 1696 1105 1731 Pascha“
1140 1696 1214 1740 (19.
1241 1694 1390 1739 Aprilis)
1421 1705 1441 1727 a
1469 1692 1610 1727 Canisio
1636 1691 1791 1732 habitae,
1827 1690 1870 1723 de

102 1766 172 1797 qua
209 1754 286 1799 ipse
322 1753 486 1789 Canisius
524 1765 590 1788 sua
627 1765 735 1788 manu
772 1753 932 1787 notavit:
975 1750 1121 1794 „Dicam
1155 1751 1170 1783 1
1208 1747 1383 1793 quomodo
1422 1745 1703 1788 configurabitur
1741 1755 1871 1789 corpus

103 1806 291 1852 [nostrum]
328 1808 465 1852 corpori
503 1807 658 1842 Christi1
693 1807 713 1840 2
746 1809 881 1850 quanta
915 1805 976 1839 fiet
1014 1803 1165 1838 mutatio
1200 1802 1237 1836 in
1275 1812 1422 1846 corpore
1458 1800 1478 1833 3
1514 1798 1601 1841 Quis
1635 1799 1742 1832 usus“
1773 1797 1813 1841 (l.
1840 1808 1871 1831 c.

101 1862 125 1895 f.
143 1860 337 1903 40¹³—41b;
366 1861 425 1895 ubi
453 1860 635 1895 Guisanus
661 1871 802 1904 quoque
829 1859 949 1903 aliqua
975 1859 1010 1892 in
1036 1856 1200 1900 margine
1226 1855 1395 1897 notavit).

225 1916 277 1950 13.
309 1915 432 1957 „Feria
451 1915 482 1956 3,
509 1914 711 1954 Paschatis,
738 1914 832 1954 Luc.,
860 1913 923 1947 24“
950 1912 1022 1955 (20.
1040 1910 1205 1955 Aprilis).
1242 1909 1296 1943 Ex
1323 1906 1512 1950 evangelio
1531 1905 1599 1940 diei
1625 1905 1709 1940 festi
1730 1904 1795 1949 (Lc
1813 1904 1869 1945 24,

103 1969 258 2012 36—47)
297 1972 333 2003 et
367 1968 554 2003 confirmat
589 1967 770 2002 Christum
806 1965 1063 2006 resurrexisse,
1104 1966 1139 1998 et
1175 1963 1399 1997 demonstrat
1432 1962 1656 2005 peccatores,
1691 1959 1722 1993 si
1757 1957 1870 1992 velint

103 2024 189 2058 iusti
215 2023 320 2063 effici,
348 2022 476 2057 debere
501 2034 571 2057 non
598 2021 712 2056 solum
739 2021 895 2061 credere,
923 2019 985 2054 sed
1020 2019 1130 2053 etiam
1156 2018 1386 2063 peccatorum
1418 2013 1663 2048 remissionem
1689 2024 1710 2047 a
1737 2011 1871 2047 Christi

103 2077 277 2111 ministris
302 2078 424 2121 petere
453 2076 491 2120 (l.
510 2088 538 2110 c.
558 2076 583 2110 f.
603 2075 801 2118 769-779).

223 2135 418 2179 Canisius'
449 2136 583 2189 igitur
615 2136 841 2189 Elvangae
874 2148 900 2176 a
933 2133 1000 2176 die
1034 2133 1104 2175 25.
1138 2129 1286 2173 Martii
1319 2129 1374 2171 ad
1407 2130 1475 2171 20.
1500 2127 1662 2182 Aprilis
1697 2127 1869 2167 12—14

104 2204 328 2246 contiones
371 2202 543 2251 habuit;
590 2204 756 2244 certum
798 2202 864 2243 est
905 2213 1003 2242 eum
1045 2197 1207 2240 dixisse
1249 2195 1316 2237 die
1360 2194 1474 2236 festo
1516 2190 1871 2234 Annuntiationis

104 2269 270 2311 Beatae
301 2267 467 2309 Mariae
493 2266 686 2320 Virginis
719 2265 812 2308 sive
846 2266 913 2307 25.
938 2263 1098 2314 Martii,
1133 2260 1359 2304 Dominica
1381 2259 1455 2302 IV.
1490 2255 1870 2310 Quadragesimae,

105 2348 215 2387 quae
248 2335 343 2375 erat
376 2334 444 2375 28.
479 2331 642 2382 Martii,
677 2331 745 2373 die
778 2331 921 2383 aliquo
954 2342 1135 2384 operoso
1169 2327 1360 2369 eiusdem
1398 2322 1693 2366 hebdomadae
1725 2321 1871 2375 (quem

105 2401 210 2455 puto
242 2399 377 2440 fuisse
409 2397 564 2439 feriam
595 2396 669 2439 IV.
703 2396 796 2438 sive
830 2397 898 2437 31.
921 2393 1102 2446 Martii),
1138 2391 1365 2434 Dominica
1390 2390 1651 2439 Palmarum,
1686 2387 1795 2428 feria
1818 2384 1871 2428 V.

105 2466 148 2507 in
181 2465 324 2507 Coena
364 2463 559 2513 Domini,
603 2461 671 2503 die
704 2462 992 2510 Parasceves,
1036 2456 1265 2501 Paschatis
1304 2454 1532 2498 Dominica
1573 2467 1624 2495 ac
1665 2451 1784 2494 feriis
1816 2450 1870 2492 ΙΙ.

107 2534 151 2574 et
173 2531 262 2581 HL,
298 2529 369 2583 qui
392 2531 518 2571 erant
541 2527 632 2569 dies
659 2529 739 2577 11.‚
777 2528 858 2577 15„
896 2527 977 2576 16.,
1014 2525 1095 2574 18.,
1133 2525 1214 2572 19.,
1241 2523 1309 2564 20.
1334 2519 1517 2574 Aprilis;
1552 2518 1740 2571 reliquas
1769 2530 1871 2559 con-

106 2596 247 2638 tiones
269 2594 378 2636 feria
396 2593 470 2636 VI.
494 2596 594 2648 post
611 2591 879 2634 Dominicam
898 2590 972 2633 IV.
991 2586 1373 2641 Quadragesimae,
1395 2583 1620 2626 Dominica
1637 2581 1872 2632 Passionis,

107 2661 226 2703 feriis
253 2660 327 2704 IV.
350 2662 394 2702 et
420 2658 493 2701 VI.
529 2658 719 2700 eiusdem
752 2655 1047 2698 hebdomadae
1080 2654 1173 2695 sive
1206 2652 1355 2693 diebus
1379 2652 1433 2701 2.,
1467 2652 1522 2699 4.,
1558 2650 1611 2698 7.,
1646 2650 1684 2691 9.
1709 2646 1874 2701 Aprilis

108 2726 280 2769 habitas
321 2738 417 2767 esse
458 2723 634 2767 conicio.
700 2723 748 2764 In
790 2722 856 2763 his
897 2719 1169 2762 contionibus
1202 2716 1396 2759 Canisius
1438 2713 1668 2767 evangelia
1708 2713 1871 2754 dierum

108 2805 330 2835 sacrorum
373 2789 632 2843 explicavit;
676 2788 727 2830 de
769 2787 1042 2829 sacramento
1084 2780 1443 2830 confirmationis,
1486 2779 1599 2833 quod
1640 2778 1873 2821 cardinalis

109 2857 347 2900 Truchsess
373 2855 572 2910 proxima
590 2852 815 2896 Dominica
833 2851 1213 2894 administraturus
1240 2851 1348 2898 erat,
1372 2846 1503 2896 dixit;
1531 2844 1871 2887 communionem

109 2923 188 2965 sub
220 2936 305 2963 una
338 2920 494 2974 specie,
529 2934 657 2972 quam
690 2918 920 2967 vocabant,
955 2914 1169 2964 defendit;
1204 2911 1544 2956 communionem
1577 2910 1655 2952 sub
1689 2912 1873 2963 utraque

228 2999 256 3028 a)
283 2997 411 3027 Quinque
431 3003 472 3019 vv.
492 3002 550 3026 sqq.
571 3002 589 3019 a
610 2995 638 3019 C.
657 3001 750 3025 supra
773 3000 885 3017 versum
905 2991 1014 3022 scripta
1035 2993 1110 3015 sunt.

234 3094 241 3111 ¹
269 3090 322 3125 Cf.
349 3089 431 3123 Phil
457 3089 487 3130 3,
514 3090 571 3124 21.

1515 3142 1587 3176 35ἑξ
