2044 3335
460 77 558 111 Inter
583 88 629 112 m.
650 76 897 122 Septembrem
925 76 1015 111 1569
1043 78 1078 111 et
1105 75 1352 121 Septembrem
1380 74 1482 109 1570.
1766 77 1848 117 687

83 192 200 226 betice
231 192 457 236 „digestus“;
497 195 696 236 sequuntur
726 193 908 236 „Errata“.
960 193 1000 226 ln
1035 192 1112 237 ipso
1147 193 1229 227 libri
1265 203 1410 236 corpore
1446 190 1609 234 singulas
1643 188 1853 223 catechismi

84 245 314 289 quaestiones
358 247 679 291 responsionesque
722 246 862 290 magnis
900 246 997 291 typis
1036 246 1238 290 exscriptas
1276 246 1477 288 sequuntur
1518 243 1617 288 typis
1656 242 1852 276 minoribus

88 298 357 343 „Scripturae“;
399 299 525 333 deinde
551 299 782 344 typis-etiam
815 299 921 343 paulo
948 299 1143 333 minoribus
1174 300 1366 340 „Patres⁴‘;
1404 299 1439 332 in
1475 296 1697 340 marginibus
1732 298 1853 329 autem

84 352 182 396 typis
216 352 373 386 minimis
409 353 525 397 posita
560 355 646 386 sunt
680 355 755 386 tum
791 352 997 386 testimonia
1023 352 1230 396 Scripturae
1266 354 1303 386 et
1327 351 1488 391 Patrum,
1527 354 1566 384 ut
1593 361 1614 383 a
1641 349 1782 383 Canisio
1817 348 1853 381 in

84 405 161 449 ipso
188 405 407 440 catechismo
434 406 646 440 brevissime
672 406 886 446 indicantur,
913 408 989 438 tum
1009 405 1137 438 breves
1155 416 1317 438 summae
1336 403 1619 438 testimoniorum
1641 415 1685 436 ex
1708 402 1853 436 Patrum

83 457 185 491 libris
211 469 232 492 a
252 459 391 492 Busaeo
419 460 690 504 exscriptorum,
717 461 794 492 tum
820 458 889 492 loci
915 458 1122 503 Scripturae
1149 461 1185 491 et
1210 457 1353 497 similia,
1380 468 1472 501 quae
1498 458 1534 490 in
1560 456 1685 490 iisdem
1704 456 1851 489 Patrum

85 511 302 545 testimoniis
329 515 530 546 occurrunt.

204 565 236 598 2.
269 565 469 605 „AVTHO-
499 567 503 607 Ι
532 565 751 599 RITATVM
778 564 848 598 SA·
880 563 885 606 Ι
917 563 1040 598 CRAE
1068 562 1284 598 SCRIPTV-
1316 563 1320 605 Ι
1353 562 1448 596 RAE
1475 562 1534 596 ET
1562 561 1854 597 SANCTORVM

85 616 161 650 ΡΑ-
186 617 189 659 Ι
212 617 360 660 TRVM,
388 618 516 660 QVAE
543 618 591 652 IN
619 616 924 652 CATECHISMO
948 617 952 658 Ι
975 617 1017 651 D.
1046 616 1144 650 Petri
1172 616 1305 661 Canisij
1333 615 1505 659 Theologi
1532 615 1721 649 Societatis
1746 614 1855 649 IESV

86 670 254 711 citantur,
281 672 311 705 ὣ
336 683 430 705 nunc
454 673 457 714 Ι
481 672 633 716 primum
665 683 710 705 ex
744 671 833 715 ipsis
868 670 1028 704 fontibus
1063 670 1218 703 fideliter
1253 670 1423 709 collectae‚
1459 669 1547 713 ipsis
1575 669 1638 702 Ca·
1661 669 1665 711 Ι
1689 668 1855 702 techismi

85 722 206 757 verbis
233 724 445 769 subscript-ae
470 728 565 764 sunt,
591 725 595 767 Ι
616 724 737 758 PARS
765 723 985 758 SECVNDA
1008 724 1013 765 Ι
1036 723 1099 757 DE
1127 722 1295 756 SACRA-
1319 723 1322 765 Ι
1347 721 1524 756 MENTIS
1556 721 1826 756 ECCLESIAE.
1850 721 1851 765 Ι

85 775 125 809 Β.
154 776 459 811 AVGVSTINVS
485 778 627 812 LIBRO
654 778 749 812 XIX.
770 777 961 812 CONTRA
988 777 1096 811 FAV-
1120 776 1124 819 Ι
1147 779 1242 810 stum
1268 776 1506 810 Manichaeum
1534 787 1610 819 cap.
1632 776 1684 809 13.
1709 775 1712 818 Ι
1736 774 1858 809 Prima

87 828 320 864 Sacramenta
359 842 438 874 quae
476 831 760 865 obseruabantur
797 832 826 866 St
865 831 1138 865 celebrabantur
1177 842 1221 863 ex
1256 829 1260 873 Ι
1295 829 1394 872 lege,
1433 829 1716 874 praenunciatiua
1755 831 1857 861 erant

88 881 278 918 CHRISTI
306 884 459 924 venturi,
487 885 516 918 ὣ
543 884 621 918 ideo
649 884 708 918 ab·
732 884 734 927 Ι
758 884 833 918 lata
851 887 945 925 sunt,
973 884 1056 927 quia
1083 883 1256 928 impleta:
1278 884 1307 917 ὣ
1326 883 1396 916 alia
1423 884 1507 916 sunt
1532 881 1701 915 instituta
1720 881 1856 915 virtute

85 947 157 970 ma-
181 935 293 979 liora,
329 937 487 971 vtilitate
522 937 679 978 meliora,
718 941 800 971 actu
827 937 1000 979 faciliora,
1036 949 1095 971 nu-
1120 937 1124 979 Ι
1147 948 1245 970 mero
1272 936 1440 981 pauciora
1456 936 1475 969 ¹.
1512 936 1516 979 Ι
1555 936 1722 979 Colonia),
1759 936 1857 978 apud

91 990 318 1023 Gcrum'num
357 990 540 1024 Calenimn
574 994 616 1024 ἃ
642 992 752 1025 luere-
784 994 788 1034 Ι
820 993 878 1025 des
912 992 1061 1024 Ioannis
1098 991 1260 1033 Qnentel,
1297 992 1404 1024 Anno
1436 991 1485 1023 M.
1502 991 1545 1023 D.
1558 989 1697 1022 LXIX.
1730 988 1734 1030 Ι
1769 989 1857 1022 Cum

83 1044 204 1085 qratia
240 1046 283 1075 ἃ
312 1045 539 1087 priuileffl'o.“
593 1038 651 1084 40;
687 1057 743 1089 pp.
771 1045 840 1078 514
877 1043 1012 1088 (addito
1046 1043 1131 1077 folio
1166 1043 1340 1086 titulari);
1376 1044 1563 1088 praeterea
1598 1042 1634 1076 in
1674 1043 1857 1086 postrema

85 1094 167 1128 libri
194 1098 295 1140 parte
321 1097 356 1130 ff.
382 1108 452 1130 non
478 1097 570 1139 sign.
598 1098 662 1138 27;
695 1098 819 1131 horum
846 1098 978 1143 pagina
1002 1098 1119 1142 prima
1143 1097 1252 1131 habet
1283 1097 1474 1139 „Errata“;
1510 1096 1669 1140 reliquae
1699 1096 1859 1140 (praeter

86 1148 260 1191 ultimam,
297 1161 389 1194 quae
424 1162 540 1184 vacua
576 1151 645 1194 est)
679 1151 855 1192 „Iudicem
881 1151 1081 1185 Verborum
1115 1162 1158 1185 ac
1184 1150 1334 1188 Rerum,
1370 1150 1705 1184 Sententiarumve“
1735 1148 1857 1193 alpha-

86 1201 254 1243 beticum,
290 1215 310 1236 a
341 1203 634 1245 „Bartholomaeo
660 1203 851 1238 Laurentis
881 1204 1006 1247 (vulgo
1032 1204 1121 1238 Poin
1148 1204 1279 1247 dicto)“
1310 1206 1533 1246 congestum.
1584 1202 1742 1236 Indicem
1768 1201 1858 1235 haec

87 1258 288 1299 sequuntur
313 1256 442 1291 verba:
474 1257 613 1298 „Pridie
640 1257 715 1292 Cal.
744 1257 924 1302 Septemb.
954 1258 1079 1293 1569“.
1131 1257 1229 1299 Quae
1256 1257 1460 1297 ostendunt,
1496 1257 1552 1290 31.
1580 1256 1738 1299 Augusti
1763 1255 1859 1289 hunc

86 1312 223 1343 tomum
250 1321 270 1343 a
296 1310 534 1355 typographis
560 1310 765 1345 absolutum
792 1323 882 1352 esse,
909 1314 944 1345 et
970 1311 1006 1345 in
1032 1314 1195 1345 mercatu
1222 1310 1392 1345 librorum
1411 1309 1621 1351 autumnali,
1649 1309 1709 1352 qui
1736 1320 1858 1343 mense

89 1362 290 1407 Septembri
311 1365 399 1398 1569
418 1364 643 1398 Francofurti
671 1364 715 1398 ad
735 1364 902 1398 Moenum
928 1365 1139 1405 habebatur,
1167 1365 1255 1398 duos
1281 1364 1387 1398 hosce
1413 1367 1530 1397 tomos
1558 1363 1707 1397 venales
1732 1362 1857 1396 fuisse.

209 1416 239 1450 3.
271 1416 470 1459 ,AVTHO-
504 1422 509 1462 Ι
543 1416 764 1450 RITATVM
799 1418 802 1459 Ι
838 1417 1023 1452 SACRAE
1051 1417 1266 1452 SCRIPTV-
1301 1417 1305 1461 Ι
1340 1416 1435 1450 RAE
1472 1416 1531 1450 ET
1564 1415 1858 1450 SANCTORVM

90 1469 302 1509 PATRVM,
334 1471 337 1514 Ι
371 1470 498 1512 QVAE
526 1471 574 1505 IN
611 1470 914 1505 CATECHISMO
942 1470 1177 1505 DOCTORIS
1213 1470 1288 1505 PE·
1311 1472 1314 1512 Ι
1338 1470 1385 1504 tri
1420 1469 1553 1515 Canisij
1589 1469 1763 1513 Theologi
1799 1469 1859 1503 So-

89 1523 230 1557 cietatis
265 1523 372 1558 IESV
400 1525 444 1558 ci·
467 1523 472 1568 Ι
495 1526 627 1565 tantur,
664 1526 693 1559 ὣ
720 1536 814 1558 nunc
840 1525 993 1569 primum
1029 1535 1074 1558 ex
1108 1525 1197 1569 ipsis
1224 1524 1383 1558 fontibus
1418 1523 1574 1557 fideliter
1607 1523 1675 1557 col·
1708 1523 1711 1565 Ι
1744 1523 1857 1560 lectae,

88 1577 176 1621 ipsis
192 1576 408 1611 Catechismi
423 1578 543 1612 verbis
557 1578 769 1622 subscriptae
783 1580 877 1619 sunt,
902 1578 905 1621 Ι
930 1577 1050 1612 PARS
1068 1578 1256 1612 TERTIA.
1280 1578 1285 1620 Ι
1308 1578 1370 1611 DE
1392 1576 1554 1611 PRIORI
1572 1577 1635 1610 IV·
1651 1575 1654 1621 Ι
1672 1576 1857 1611 STITIAE

89 1629 409 1665 CHRISTIANAE
436 1631 546 1665 PAR·
570 1630 573 1676 Ι
597 1634 643 1671 te,
670 1643 748 1675 quae
775 1632 811 1665 iu
838 1632 1019 1674 fugiendis
1038 1632 1138 1677 vitijs
1164 1631 1235 1666 sita
1263 1634 1344 1666 est:
1364 1631 1440 1665 siue
1463 1631 1467 1673 Ι
1491 1631 1553 1664 DE
1580 1629 1830 1664 PECCATIS:
1853 1635 1855 1673 Ι

87 1683 439 1719 ECCLESIASTICI
465 1685 560 1719 XXI.
584 1687 588 1727 Ι
614 1685 722 1726 Quasi
750 1687 770 1718 a
796 1684 887 1719 facie
907 1685 1042 1719 colubri
1069 1686 1154 1728 fuge
1173 1688 1333 1730 peccata.
1358 1686 1361 1728 Ι
1386 1686 1411 1720 I.
1432 1684 1574 1718 PETRI
1592 1684 1681 1719 HL2
1704 1683 1707 1727 Ι
1732 1683 1859 1717 CHRI-

88 1737 203 1772 STVS
229 1739 330 1772 semel
352 1751 421 1782 pro
437 1740 593 1783 peccatis
610 1741 743 1772 nostris
760 1744 923 1772 morl-nus·
948 1744 1005 1782 est,
1031 1741 1146 1773 iustus
1166 1752 1237 1783 pro
1258 1741 1410 1781 indicetis,
1439 1744 1468 1772 ct
1485 1750 1561 1782 ,nec-
1583 1737 1587 1783 Ι
1611 1740 1698 1771 eatis
1716 1739 1860 1782 mortui,

90 1793 234 1825 iustitiae
267 1794 439 1827 siccamus.
470 1793 475 1834 Ι
506 1792 746 1827 COLONIAE
779 1791 782 1836 Ι
817 1794 926 1836 Apud
965 1794 1193 1827 Germce'num
1223 1794 1419 1836 Calauium,
1454 1795 1497 1825 ἐφ’)
1529 1793 1685 1826 haeredes
1711 1793 1861 1825 Ioannis

91 1846 245 1887 chentel,
269 1844 273 1889 Ι
296 1847 403 1879 Anno
431 1847 479 1880 M.
499 1847 543 1880 D.
564 1847 681 1880 LXX.
705 1846 709 1890 Ι
734 1846 822 1880 Cum
849 1846 968 1890 gratia
994 1847 1024 1880 ὣ
1050 1846 1240 1891 priuilegio
1267 1846 1403 1880 Summi
1430 1845 1562 1879 Pontif.
1590 1845 1644 1889 Pij
1665 1844 1707 1879 V.
1735 1846 1765 1879 iffi
1791 1845 1861 1878 Im-

88 1899 264 1944 peratoris
292 1900 296 1942 Ι
325 1899 424 1933 Rom.
452 1900 690 1934 Maximiliani
716 1900 760 1934 II.
788 1900 824 1933 in
851 1900 1093 1934 deoenniumf
1140 1901 1197 1939 40;
1225 1912 1282 1944 pp.
1310 1900 1380 1934 405
1410 1899 1546 1941 (addito
1572 1898 1657 1933 folio
1684 1898 1857 1941 titulari);

88 1954 275 1996 praeterea
301 1953 336 1986 in
363 1953 431 1987 fine
457 1953 538 1987 libri
567 1954 609 1988 12
636 1954 671 1987 ff.
697 1965 768 1987 non
794 1953 906 1996 sign.:
934 1954 970 1986 in
996 1953 1129 1997 pagina
1156 1953 1270 1987 altera
1296 1953 1373 1987 folii
1398 1953 1576 1987 titularis:
1616 1952 1766 1993 „Petrus
1793 1953 1861 1986 Bu-

88 2017 195 2040 saeus
230 2006 273 2040 ad
302 2006 497 2041 Lectorem.
548 2007 627 2041 Non
662 2007 807 2050 ignoras
843 2007 976 2051 optime
1003 2005 1140 2047 Lector,
1175 2007 1242 2041 has
1277 2007 1518 2041 authoritates
1554 2005 1815 2040 Catechisticas
1843 2018 1863 2039 a

89 2059 190 2094 nobis
217 2059 251 2093 in
278 2062 352 2093 tres
378 2062 500 2104 partes
518 2061 595 2094 siue
621 2063 736 2094 tomos
762 2060 862 2094 initio
881 2060 1092 2094 distributas
1119 2060 1242 2101 fuisse,
1268 2061 1319 2094 ita
1339 2063 1379 2094 vt
1404 2059 1511 2093 tertio
1533 2061 1629 2093 tomo
1656 2059 1861 2093 Vniuersam

89 2113 341 2154 tractationem
368 2113 409 2147 de
430 2114 570 2148 Iustitia
589 2141 596 2148 .
617 2141 624 2148 .
645 2140 652 2148 .
672 2113 947 2158 compraehendi
973 2125 1078 2158 posse
1104 2114 1405 2148 existimaremus.
1443 2113 1632 2147 Caeterum
1659 2112 1743 2156 quia
1768 2124 1862 2146 nunc

89 2167 421 2212 depraehendimus,
448 2167 601 2212 priorem
619 2170 758 2212 partem
777 2168 893 2202 dictae
919 2168 1147 2201 tractationis
1173 2167 1218 2201 ad
1244 2178 1321 2201 eam
1341 2167 1626 2209 magnitudinem
1645 2166 1862 2206 excreuisse,

91 2224 133 2255 vt
167 2221 342 2264 reliquam
376 2233 445 2254 non
482 2221 667 2261 admittat,
702 2221 771 2255 nisi
807 2221 842 2254 in
877 2221 1057 2255 volumine
1093 2221 1283 2255 admodum
1320 2219 1719 2255 incommodo:idcirco
1750 2220 1864 2253 coacti

91 2286 214 2309 sumus
242 2302 248 2309 .
270 2302 276 2309 .
298 2301 304 2308 .
332 2274 399 2308 hoc
425 2274 702 2309 Catechisticum
730 2286 819 2319 opus
845 2275 881 2308 in
907 2276 1062 2318 quatuor
1087 2276 1202 2309 tomos
1230 2274 1408 2308 diuidere⁴‘
1440 2276 1507 2309 etc.
1557 2274 1646 2307 Post
1671 2285 1704 2318 p.
1731 2274 1799 2307 405
1826 2273 1863 2307 in

91 2340 148 2373 pp.
176 2329 220 2362 24
260 2328 393 2371 „Index
426 2328 632 2362 succinctus
668 2339 785 2361 rerum
821 2339 862 2361 ac
898 2328 1124 2369 verborum“,
1160 2327 1386 2373 alphabetice
1425 2327 1562 2372 „opella
1597 2326 1864 2361 Bai-tholomaei

91 2381 180 2416 Poin
206 2382 398 2425 diligenter
424 2382 659 2424 congestus“;
686 2381 722 2415 in
748 2393 829 2425 pag.
857 2381 985 2415 ultima
1014 2381 1198 2424 „Errata“.

211 2435 251 2468 In
273 2435 480 2477 „Librorum
506 2446 680 2468 novorum
707 2446 727 2468 a
752 2434 920 2468 nundinis
946 2435 1214 2469 autumnalibus
1239 2435 1401 2479 proxime
1427 2433 1559 2478 elapsis
1585 2445 1701 2477 vsque
1727 2433 1772 2467 ad
1798 2432 1865 2467 has

92 2491 302 2534 praesentes
336 2489 514 2522 nundinas
549 2487 884 2532 quadragesimales
918 2487 1002 2521 anni
1034 2499 1054 2522 a
1081 2488 1216 2522 Christi
1252 2488 1443 2522 natiuitate
1469 2488 1517 2522 M.
1537 2487 1578 2522 D.
1598 2486 1706 2522 LXX.
1733 2487 1864 2532 partim

90 2554 184 2576 nunc
202 2554 327 2576 recens
342 2542 528 2582 editorum,
546 2542 678 2586 partim
697 2540 757 2574 vel
773 2540 1072 2585 locupletatorum
1088 2568 1095 2576 .
1113 2569 1119 2576 .
1136 2569 1143 2576 .
1164 2542 1349 2585 Cataloyo“
1372 2541 1614 2584 (Francofurti
1633 2541 1677 2574 ad
1695 2540 1864 2574 Moenum

96 2596 201 2639 1570)
222 2596 246 2630 f.
265 2598 297 2630 A
315 2597 353 2630 4a
371 2595 522 2639 legitur:
553 2594 792 2637 „Catechismi
812 2593 944 2639 Canisij
974 2606 1053 2628 cum
1080 2595 1361 2629 authoritatibus
1379 2606 1463 2639 pars
1490 2594 1597 2628 tertia
1615 2594 1657 2627 de
1684 2593 1864 2638 peccatis.

93 2652 221 2694 quarto
241 2676 248 2683 .
269 2649 435 2683 Coloniae
461 2649 641 2683 Geruinus
669 2647 873 2682 Calenius“.

213 2703 244 2736 4.
276 2701 477 2745 ,AVTHO-
502 2701 505 2744 Ι
528 2700 747 2735 RITATVM
775 2700 846 2735 SA·
869 2700 873 2744 Ι
898 2700 1021 2735 CRAE
1049 2700 1267 2735 SCRIPTV-
1290 2702 1293 2745 Ι
1318 2701 1412 2735 RAE
1448 2701 1507 2735 ET
1535 2700 1829 2735 SANCTORVM
1859 2700 1861 2744 Ι

94 2755 306 2796 PATRVM,
326 2755 454 2796 QVAE
474 2754 522 2789 IN
542 2754 614 2788 CA·
639 2754 643 2798 Ι
666 2754 841 2788 techismo
856 2753 1021 2788 Doctoris
1044 2754 1048 2799 Ι
1071 2754 1214 2788 PETRI
1233 2754 1407 2789 CANISII
1426 2753 1672 2788 THEOLOGI
1691 2754 1842 2789 SOCIE-
1860 2757 1862 2799 Ι

95 2811 181 2844 tatis
216 2808 324 2843 lESV
352 2809 518 2849 citantur,
554 2810 584 2843 ὠ
610 2819 704 2842 nunc
739 2808 891 2852 primum
928 2819 973 2842 ex
1007 2808 1096 2852 ipsis
1131 2809 1290 2843 fontibus
1321 2808 1404 2842 fide·
1430 2808 1538 2851 {liter
1572 2808 1742 2849 collectae,
1776 2808 1867 2853 ipsis

219 2917 228 2937 ¹
254 2916 385 2959 Aliqua
410 2916 516 2949 huius
543 2915 610 2949 loci
640 2914 748 2949 verba
777 2914 835 2948 hic
862 2914 994 2949 omissa
1029 2916 1123 2955 sunt,
1159 2915 1263 2950 salva
1298 2917 1419 2949 tamen
1446 2915 1524 2960 ipsa
1559 2927 1616 2956 re;
1652 2915 1697 2950 cf.
1729 2916 1867 2959 Corpus

98 2969 319 3013 Scriptorum
346 2968 680 3003 Ecclesiasticor'um
707 2967 915 3002 Latinorum
934 2968 1045 3009 XXV,
1073 2968 1305 3003 Vindobonae
1334 2969 1435 3009 1891,
1463 2969 1551 3010 5103
1578 2970 1709 3014 Miyne,
1736 2969 1775 3003 P.
1803 2969 1864 3003 lat.

96 3022 194 3056 XLII
222 3023 301 3056 355.

218 3076 230 3096 ²
257 3075 422 3110 Rectius:
451 3076 467 3110 1
499 3076 583 3110 Petr
610 3076 641 3116 3,
671 3075 731 3115 18;
760 3075 791 3115 2,
819 3075 875 3108 24.
