2044 3335
156 87 241 128 306
334 84 435 119 1651.
455 83 538 118 Ant.
554 83 671 117 Vinck
700 82 785 117 Can.
839 81 939 116 1652.
967 82 1016 116 Ιο.
1036 81 1078 115 de
1096 81 1252 116 Polanco
1279 81 1363 116 Can.
1406 81 1520 116 Roma
1546 81 1603 116 22.
1621 82 1707 127 Apr.
1727 82 1829 117 1569.

275 201 424 243 Placet
467 200 518 242 D.
554 198 740 251 Georgio
785 198 1009 251 Fuggero,
1054 197 1170 240 tradi
1214 212 1337 240 suum
1381 199 1515 240 filium
1560 198 1849 240 Raimundum
1893 212 1918 240 a

155 266 321 308 Medico
356 264 591 307 curandum
614 264 740 305 modo
766 263 803 304 is
835 263 998 304 ferrum
1020 276 1097 304 seu
1118 262 1264 316 ignem
1297 266 1343 306 et
1373 263 1573 318 potiones
1594 277 1680 305 non
1702 263 1919 313 adhibeat,

155 332 231 373 sed
263 330 374 372 sicut
407 329 579 383 quidam
613 327 798 382 scripsit,
833 327 1109 370 vnctionibus
1142 328 1373 371 dumtaxat
1405 331 1569 371 Vtatur.

1421 399 1548 441 Jdem
1582 399 1625 441 P.
1650 397 1858 440 Canisius.

274 478 301 529 †
333 477 577 519 Admodum
619 475 874 518 Reuerendo
915 475 1050 527 Patri,
1094 476 1141 517 P:
1174 475 1406 518 Francisco
1445 475 1632 529 Borgiae
1665 473 1921 529 Praeposito

157 543 350 597 generali
383 541 615 596 Societatis
646 541 792 584 IESV.
914 541 1092 583 Romae.

276 622 428 667 Borgias
454 622 598 657 Canisio
625 634 688 667 per
714 622 910 656 Polancum
937 622 1121 667 respondit
1148 622 1204 657 30.
1223 621 1359 667 Aprilis
1386 623 1421 655 et
1448 622 1479 655 7.
1498 621 1585 655 Maii
1613 621 1715 656 1569.

158 750 302 787 1651.
432 749 494 786 P.
531 748 876 786 ANTONIUS
914 747 1135 784 VINGK
1178 747 1231 785 S.
1259 748 1312 785 J.
1355 749 1561 795 provinciae
1602 749 1784 783 rhenanae
1826 748 1860 783 S.
1889 749 1924 783 J.

346 804 573 850 praepositus
600 802 802 838 CANISIO.
887 802 1033 837 Colonia
1053 801 1103 846 (5³)
1125 802 1220 837 circa
1245 803 1337 837 med.
1358 802 1417 837 vel
1435 804 1579 837 exeunt.
1594 802 1755 847 Aprilem
1772 801 1873 836 1569.

277 869 331 903 Ex
357 867 503 903 Vinckii
529 868 573 902 ad
601 867 768 910 Borgiam
798 866 932 901 fitteris
958 866 1193 911 autographis
1222 866 1280 910 (G.
1307 867 1372 912 Ep.
1399 866 1431 900 X
1458 866 1482 900 f.
1510 865 1610 910 261b)
1649 868 1684 900 et
1716 876 1761 900 ex
1789 865 1922 900 Canisii

158 922 313 969 epistula
339 921 573 966 autographa,
601 921 643 955 de
670 932 740 964 qua
765 920 870 961 infra,
898 932 952 965 ep.
970 932 1004 954 n.
1027 920 1127 955 1672.

276 989 316 1021 Ρ.
335 988 590 1022 Steeordianns
614 988 708 1019 mitti
725 997 796 1019 non
813 986 918 1029 debet,
944 987 1017 1018 nisi
1042 996 1084 1018 eze
1102 985 1304 1028 praepositi
1318 986 1496 1028 yeneralis
1514 986 1683 1018 mandato
1693 997 1705 1024 ‚·
1730 985 1921 1018 timendum

159 1043 250 1075 enim
277 1046 333 1085 est,
370 1053 412 1074 ne
437 1041 631 1083 disciplina
659 1051 729 1083 per
765 1051 842 1072 ciem
878 1040 1126 1072 detrimentum
1152 1040 1281 1081 capiat.
1335 1039 1503 1072 Canisins
1539 1050 1616 1071 enm
1650 1039 1737 1071 cotis
1770 1038 1921 1071 solutum

159 1097 318 1139 episcopo
341 1095 578 1137 herbipolensi
603 1094 653 1126 vel
680 1094 763 1126 (diis
788 1094 902 1126 mittat
910 1105 924 1135 ,·
951 1094 1008 1126 sin
1034 1094 1163 1137 minus,
1190 1094 1264 1135 ipse
1289 1103 1365 1125 enm
1392 1093 1542 1126 adiuvet.

278 1167 325 1208 P.
359 1167 571 1209 Antonius
602 1166 735 1207 Vineh
775 1165 995 1206 rhenanae
1026 1165 1244 1206 Societatis
1281 1166 1525 1219 provinciae
1565 1163 1646 1214 (ad
1687 1178 1811 1218 Quam
1845 1164 1923 1204 col-

157 1234 308 1288 leyium
348 1231 632 1285 herbipolense
670 1230 929 1284 pertinebat)
969 1231 1238 1285 praepositus
1272 1230 1443 1272 Colonia
1487 1231 1526 1272 4.
1561 1229 1673 1271 Maii
1707 1230 1821 1271 1569
1863 1229 1923 1269 ad

160 1298 361 1352 Boi-qiam
390 1297 679 1351 praepositum
710 1297 945 1349 qeizeraleiri
977 1297 1170 1350 scripsit:
1201 1296 1253 1337 R.
1278 1295 1327 1337 P.
1354 1295 1554 1336 Canisius
1586 1295 1627 1336 4.
1650 1295 1817 1349 Aprilis
1844 1308 1925 1349 per

158 1364 320 1404 litteras
353 1377 413 1403 me
446 1363 660 1403 certiorem
690 1360 804 1414 fecit‚
837 1360 1140 1415 herbipolensis
1173 1362 1353 1415 episcopi
1386 1361 1685 1401 cancellariam
1720 1364 1755 1400 et
1788 1359 1922 1400 cathe-

161 1428 299 1469 dralis
338 1428 455 1469 illius
498 1427 672 1480 capituli
709 1426 1000 1467 scholasticum
1033 1426 1114 1467 sibi
1145 1427 1358 1477 institisse,
1401 1430 1446 1466 ut
1479 1425 1528 1466 P.
1562 1425 1803 1466 Illartinmn
1835 1424 1921 1466 Ste-

162 1493 413 1534 vordianum
446 1492 528 1533 sibi
559 1493 735 1532 mitteret
768 1493 1104 1532 contionatorem.
1165 1492 1230 1542 „io
1259 1491 1320 1545 qli
1350 1491 1401 1531 ho
1434 1495 1617 1545 resposto
1649 1489 1720 1531 che
1752 1491 1795 1530 in
1830 1503 1925 1530 nes·
1996 1489 2003 1494 ‘

160 1572 270 1599 suna
312 1558 506 1599 maniera
540 1558 578 1598 lo
610 1557 774 1607 mandi,
817 1570 940 1598 sensa
970 1557 1206 1610 particolar
1238 1556 1388 1596 ordine
1422 1555 1468 1596 di
1499 1555 1545 1596 V.
1568 1555 1621 1597 R.
1646 1554 1711 1607 P„
1757 1555 1784 1596 il
1818 1554 1926 1596 detto

163 1624 223 1665 .P.
258 1625 443 1665 martino
484 1636 509 1663 a
552 1627 695 1677 questa
733 1622 969 1676 prouintia,
1007 1636 1086 1676 per
1127 1621 1198 1662 che
1238 1622 1296 1662 ini
1338 1621 1540 1662 raccordo
1579 1621 1650 1675 qia
1684 1621 1786 1661 dnoi
1818 1621 1925 1661 anni

160 1702 259 1730 sono
301 1693 336 1730 et
371 1690 450 1743 piu
491 1701 600 1729 come
641 1688 671 1728 il
704 1688 755 1729 R.
790 1687 839 1728 P.
874 1688 1036 1728 canisio
1079 1687 1209 1728 anche
1251 1686 1399 1727 alhora
1442 1687 1587 1727 colena
1627 1686 1855 1727 onandarlo
1898 1699 1924 1726 a

161 1759 302 1808 questa
334 1754 573 1808 prouincia,
609 1757 644 1794 et
675 1753 825 1794 alhora
859 1753 1003 1793 sci-issi
1036 1753 1121 1793 alla
1147 1751 1209 1794 .P.
1243 1752 1289 1794 V.
1321 1752 1541 1806 preyando
1574 1751 1645 1792 che
1677 1751 1808 1806 quello
1840 1764 1924 1791 non

159 1819 324 1872 fecesse,
362 1832 441 1872 per
482 1818 552 1859 che
585 1822 745 1859 temeaa
777 1817 849 1858 che
877 1832 955 1872 per
989 1831 1074 1858 esso
1107 1818 1143 1858 si
1176 1816 1448 1858 introclnrria
1479 1817 1621 1871 yrand
1655 1816 1927 1857 dissolutione

163 1885 207 1925 in
240 1888 382 1939 questa
416 1884 653 1938 prouintia,
693 1898 771 1938 per
803 1897 932 1924 causa
966 1883 1070 1924 delle
1101 1883 1332 1924 conditioni
1372 1887 1408 1924 et
1440 1883 1613 1924 costumi
1643 1882 1675 1923 li
1705 1882 1823 1936 quali
1855 1882 1926 1934 ha,

161 1963 245 1991 non
278 1950 525 2004 l’esplicaro
561 1962 641 2002 per
673 1949 743 1989 che
784 1962 909 2002 penso
943 1948 1013 1990 che
1044 1949 1166 1989 siano
1208 1953 1352 2002 troppo
1386 1949 1642 2002 coqnosciute
1676 1948 1732 1988 da
1767 1947 1825 1989 .V.
1859 1947 1924 1999 P.7

165 2019 199 2056 et
232 2015 338 2055 dalli
375 2015 476 2055 altri
510 2014 602 2055 ΕΒ.
636 2013 775 2054 Paclri
816 2014 1030 2055 assistenti
1071 2015 1266 2054 massiine
1310 2013 1383 2054 dal
1415 2014 1468 2054 R.
1502 2013 1552 2054 P.
1585 2012 1731 2065 nadal,
1775 2016 1811 2053 et
1842 2026 1928 2066 per

162 2084 276 2121 tanto
310 2079 496 2120 anchora
529 2079 795 2120 hmnilinente
821 2093 951 2133 preyo
984 2080 1025 2120 la
1058 2079 1110 2120 R.
1129 2078 1177 2120 P.
1201 2078 1243 2122 V.
1268 2079 1338 2119 che
1370 2092 1453 2119 non
1476 2079 1610 2132 voylia
1634 2079 1718 2119 dar
1744 2077 1924 2129 licentia,

163 2145 235 2187 che
266 2144 297 2185 il
330 2144 434 2186 detto
458 2144 505 2185 P.
530 2144 721 2185 Martino
755 2158 882 2197 venya
917 2159 943 2184 a
976 2149 1118 2198 questa
1151 2145 1385 2198 prouintia,
1418 2145 1460 2185 la
1493 2143 1615 2198 quale
1644 2142 1705 2196 fin
1738 2156 1821 2196 qua
1849 2155 1929 2195 per

163 2211 205 2251 la
234 2211 380 2264 qratia
404 2211 450 2250 di
472 2211 541 2251 dio
564 2211 583 2250 e
605 2211 650 2250 ‘in
674 2211 791 2250 assai
823 2210 961 2250 buona
996 2210 1226 2263 disciplina
1250 2214 1500 2250 conseruata
1521 2243 1527 2249 .
1548 2243 1556 2250 .
1579 2243 1587 2250 .
1608 2223 1633 2249 a
1657 2222 1719 2249 me
1748 2207 1928 2262 pareria

158 2277 238 2330 piu
282 2277 550 2316 conueniente
592 2275 661 2316 che
703 2275 734 2315 il
769 2274 830 2316 .P.
865 2275 1049 2316 martino
1087 2274 1206 2327 fusse
1247 2275 1420 2316 liberato
1455 2274 1554 2315 delli
1594 2274 1687 2326 voti,
1732 2277 1767 2313 et
1808 2272 1927 2313 dalla

164 2342 423 2395 compaynia,
459 2344 494 2381 et
527 2340 624 2380 dato
655 2341 921 2394 predicatore
953 2340 995 2380 al
1016 2340 1385 2381 Reuerendissimo
1418 2339 1730 2393 Herbipolense,
1765 2338 1786 2378 ό
1819 2338 1929 2378 altro

164 2407 201 2447 si
244 2407 272 2446 il
311 2406 373 2447 .P.
411 2405 582 2447 Cariisio
626 2405 824 2446 desidera
868 2419 978 2446 esser
1018 2405 1192 2446 liberato
1236 2406 1302 2446 del
1342 2405 1391 2446 P.
1425 2405 1630 2457 martino,
1675 2408 1709 2444 et
1750 2403 1786 2443 si
1828 2415 1926 2454 non,

165 2472 325 2524 tenyalo
368 2475 402 2511 et
434 2471 646 2524 l’adyiuti
687 2484 795 2511 come
837 2472 981 2524 ine-olio
1017 2474 1158 2524 petra,
1202 2475 1238 2511 et
1279 2472 1316 2511 si
1348 2484 1399 2510 ne
1437 2470 1550 2510 serui
1583 2466 1769 2509 el’esso.“
1834 2467 1928 2508 Hoc

167 2537 303 2588 ipsum
334 2535 502 2576 Vinclcii
547 2534 841 2590 ‚‚responsum“
881 2535 1081 2576 Canisins
1121 2536 1362 2589 siqnificare
1402 2535 1580 2586 videtur,
1624 2547 1716 2574 cuni
1747 2533 1926 2586 Dilinqa

168 2601 235 2640 18.
259 2600 385 2641 Junii
422 2602 531 2641 1:369
572 2600 630 2640 ad
671 2600 719 2641 Ρ.
743 2600 1015 2641 Leonardmn
1056 2599 1203 2641 Kessel
1244 2600 1402 2651 colleqii
1442 2599 1688 2640 coloniensis
1729 2602 1926 2638 rectorem

167 2665 334 2705 scribit:
370 2665 652 2715 „Reuerenter
673 2665 808 2706 saluto
831 2665 880 2706 P.
905 2665 1225 2718 Pronintialeni,
1261 2665 1375 2719 eique
1403 2664 1570 2718 metitis
1601 2677 1678 2717 ayo
1703 2663 1753 2703 de
1774 2662 1927 2716 scripto

169 2730 226 2769 ad
261 2743 321 2769 me
355 2729 585 2783 ›·espo›zSO.“

170 2853 319 2890 1652.
434 2854 503 2890 P.
531 2854 829 2892 IoANNES
866 2855 959 2892 DE
995 2854 1311 2892 POLANGO
1355 2856 1571 2890 secretarius
1615 2854 1805 2889 Societatis
1845 2853 1926 2887 Iesu

358 2908 527 2941 mandatu
564 2908 597 2942 S.
624 2909 806 2944 Francisoi
833 2910 987 2953 Borgiae
1021 2909 1217 2955 praepositi
1242 2908 1420 2952 generalis
1447 2907 1645 2942 CANISIO.

1400 2961 1512 2995 Roma
1539 2961 1595 2995 22.
1613 2960 1749 3005 Aprilis
1777 2959 1878 2993 1569.

289 3023 572 3111 Εέῖῆῗοὲἓέξὴο
600 3025 709 3060 eiusd.
737 3029 865 3072 temp.;
900 3028 935 3061 in
963 3028 1135 3071 margine,
1162 3027 1285 3061 eadem
1311 3037 1440 3060 manu:
1472 3026 1658 3069 „Augusta
1685 3025 1724 3059 P.
1749 3023 1926 3058 Canisi0“.

172 3075 289 3110 Germ.
405 3104 411 3110 .
521 3083 535 3109 ’.
