2044 3335
406 90 501 124 Mon.
529 90 596 125 951
623 91 701 125 sive
726 90 767 125 it.
788 89 855 134 (4).
898 90 970 126 Sub
996 91 1152 125 medium
1178 103 1223 126 m.
1243 91 1384 125 Iunium
1412 91 1513 127 1568.
1754 94 1838 135 575

72 204 199 239 simam
226 216 369 250 operam
397 208 568 250 praestet.
620 206 675 240 Ex
700 204 828 241 iisdem
853 207 984 241 litteris
1011 208 1250 251 cognoscitur,
1288 219 1396 252 quam
1430 218 1501 241 non
1526 208 1624 241 recte
1659 206 1841 241 affirment

71 259 186 292 Boero
214 257 252 301 (1.
280 270 308 292 c.
337 258 421 300 331)
450 261 486 292 et
521 259 654 301 Se'yuz‘n
693 259 730 301 (l.
758 271 787 294 c.
815 260 911 304 214),
947 260 1164 294 cardinalem
1201 272 1221 294 a
1257 260 1425 305 pontifice
1461 262 1497 294 et
1534 259 1668 305 petisse
1703 262 1739 294 et
1776 260 1838 294 im—

71 313 244 355 petrasse,
270 312 311 344 ut
337 310 519 345 canisium
547 324 667 346 secum
694 312 844 347 Romam
871 313 1047 347 adducere
1073 313 1139 347 sibi
1167 313 1302 348 liceret.
1348 313 1494 348 Erravit
1520 314 1628 347 etiam
1655 314 1837 357 Αρνὶσοῑα,

70 375 150 398 cum
176 363 369 398 scriberet:
405 363 553 398 Romam
586 365 773 407 „discessit
799 365 1000 400 Cardinalis
1025 366 1149 400 Mense
1175 366 1283 411 Majo,
1319 378 1426 410 quem
1452 368 1591 401 aestate
1613 365 1689 412 J'am
1715 365 1838 400 adulta

69 418 216 451 secutus
242 420 298 450 est
324 416 507 451 Canisius“
542 417 580 461 (l.
599 430 628 453 c.
648 418 732 453 Dec.
757 420 788 460 3,
814 431 848 453 n.
870 419 967 461 193).

188 470 290 503 Rz’ess
315 470 457 514 quidem
483 473 597 515 putat,
625 471 807 505 Canisium
833 471 944 506 semel
971 474 1080 516 atque
1102 471 1232 505 iterum
1259 472 1303 505 ad
1323 472 1579 506 monasterium
1605 472 1838 507 inzikofiense

71 522 314 565 (Yntzkoffen‚
342 523 580 567 Inzigkofen),
607 525 700 568 quod
727 527 805 558 erat
831 525 1012 568 virginum
1038 524 1173 558 ordinis
1200 525 1454 568 augustiniani,
1485 525 1604 559 adisse
1630 525 1749 570 ibique
1776 537 1837 560 eas

68 575 288 609 exhortando
322 579 619 621 sacramentaque
654 577 937 612 administrando
976 578 1011 611 in
1045 578 1115 611 fide
1141 580 1178 611 et
1212 578 1346 622 pietate
1382 578 1612 612 confirmasse
1647 581 1709 612 aut-
1735 579 1837 613 annis

71 629 160 663 1565
180 630 216 662 et
236 629 336 669 1566,
364 632 426 663 aut
444 641 489 663 ex
516 630 642 664 itinere
660 630 727 664 hoc
744 642 900 672 romano,
928 630 1020 675 quod
1039 632 1249 676 procurator
1267 631 1405 665 electus
1423 631 1521 672 fecit,
1548 631 1663 665 eundo
1682 643 1712 665 a.
1735 632 1835 673 1568,

67 681 246 715 redeundo
273 693 304 716 a.
326 683 415 717 1569
446 683 547 726 (Can.
575 683 801 726 384—385);
830 696 895 727 ego
921 687 1042 718 tamen
1069 695 1207 725 cense0‚
1235 695 1315 717 eum
1342 695 1373 718 a.
1401 684 1504 725 1573,
1530 696 1600 718 non
1627 684 1736 729 prius,
1762 685 1836 719 illic

67 734 198 775 fuisse;
225 734 260 768 id
287 735 380 779 quod
407 735 442 769 in
468 736 631 780 proximo
657 736 838 771 volumine
864 736 1062 782 explicabo.

68 860 166 897 951
192 862 271 897 sive
297 861 360 898 it.
381 861 480 908 (4).
555 863 625 898 Sub
653 862 810 899 medium
836 873 882 900 ni.
902 862 1043 900 Iunium
1070 862 1164 899 1568.

186 928 241 962 Ex
266 927 356 962 libro
386 928 457 971 „De
484 928 569 963 Vita
596 931 632 962 et
658 929 778 963 Rebus
813 930 927 973 gestis
953 929 992 964 P.
1019 929 1118 963 Petri
1145 928 1295 970 Canisii,
1331 929 1374 963 de
1401 928 1579 963 Societate
1605 929 1698 970 Iesu,
1734 929 1834 964 Com-

65 981 241 1022 mentarii,
261 1008 269 1015 .
289 1008 295 1015 .
317 1008 324 1016 .
343 981 494 1016 authore
520 983 715 1016 Francisco
743 983 937 1017 Sacchz‘no‘
967 983 1001 1017 S.
1021 983 1065 1024 J.,
1091 982 1303 1026 Ingolstadii
1332 983 1433 1023 1616,
1459 983 1527 1017 257
1554 983 1635 1018 259.
1669 983 1833 1017 Sacchini

65 1034 456 1121 ΠΕῗζΞΞιῖΙίοηῧθηέδὲθοηῐί
491 1037 576 1069 sunt
612 1035 799 1080 biographi
837 1036 986 1080 reliqui,
1022 1039 1063 1070 ut
1097 1037 1262 1079 Dortyny
1297 1035 1319 1069 l.
1347 1047 1376 1070 c.
1405 1036 1490 1077 309,
1530 1036 1622 1070 odda·
1646 1036 1670 1070 l.
1697 1048 1726 1071 c.
1754 1036 1833 1078 200,

186 1147 354 1180 Canisius
377 1148 532 1181 Lauren*
557 1149 794 1182 contionatur.

183 1207 231 1249 P.
256 1207 516 1249 Fraozciscus
547 1209 783 1250 Sacelza'mcs
814 1210 857 1251 S.
882 1210 924 1251 J.
959 1211 1005 1251 in
1039 1211 1123 1251 vita
1159 1209 1324 1251 canisii
1358 1214 1536 1251 narrat:
1567 1210 1695 1251 Anno
1719 1212 1834 1252 1563

70 1275 143 1322 (m.
167 1272 308 1320 Maio)
334 1273 554 1314 canisium
592 1275 664 1325 „in
696 1275 834 1316 vrbem
871 1276 946 1316 iter
980 1276 1235 1329 corripuisse
1262 1274 1313 1315 ab
1356 1275 1445 1329 ipso
1478 1275 1647 1316 ductum
1682 1275 1832 1316 Cardi-

63 1338 155 1378 nabc’
189 1336 371 1379 Othone“
413 1338 640 1380 Truclzsess
673 1341 859 1395 episcopo
892 1339 1115 1382 albanensi
1157 1345 1192 1381 et
1234 1344 1486 1395 nicquetum.
1550 1339 1642 1390 Qui,
1678 1339 1749 1381 vbi
1790 1339 1833 1381 in

62 1401 233 1444 Italiam
268 1404 447 1445 ventum
480 1405 561 1454 est,
594 1403 679 1445 iter
710 1418 787 1457 per
819 1418 973 1457 agrum
1006 1404 1210 1446 Picenum
1244 1404 1480 1447 instituunt
1511 1404 1832 1448 sanctissimam

63 1467 240 1509 Laureti
274 1467 490 1522 Deiparae
513 1468 675 1510 Cellam
708 1470 981 1512 veneraturi:
1015 1469 1082 1512 cui
1116 1472 1161 1513 et
1192 1469 1425 1523 magnifica
1457 1470 1571 1512 dona
1593 1470 1833 1513 Cardinalis

62 1531 244 1575 ferebat.
273 1567 280 1575 .
307 1567 315 1576 .
342 1568 350 1575 .
415 1533 617 1576 Salutata
648 1534 826 1577 Laureti
858 1535 1026 1589 ingenti
1059 1549 1187 1577 sensu
1220 1535 1434 1590 Deipara,
1468 1534 1541 1576 vbi
1574 1538 1619 1577 et
1651 1535 1833 1578 latinam

62 1597 310 1640 concionem
341 1598 385 1640 in
420 1602 728 1641 sacrosanctae
760 1600 986 1642 Trinitatis
1019 1600 1197 1642 solemni
1214 1602 1241 1651 ¹,
1276 1600 1412 1642 sacris
1444 1604 1653 1655 operante
1685 1600 1833 1643 Cardi-

61 1662 150 1704 nali
184 1663 368 1714 Othone,
402 1663 565 1715 habuit,
599 1663 642 1706 in
676 1665 826 1706 vrbem
858 1668 1056 1708 sanctam
1087 1665 1302 1720 peruenit.

180 1733 280 1767 Haec
305 1733 416 1767 verba
442 1745 486 1767 ex
513 1736 615 1778 parte
651 1734 907 1768 confirmantur
942 1737 978 1769 et
1011 1734 1240 1769 illustrantur
1266 1735 1442 1769 *Litteris
1477 1735 1659 1770 historicis
1691 1735 1832 1779 collegii

61 1784 251 1820 Societatis
277 1787 359 1820 Iesu
383 1786 571 1829 lauretani,
598 1787 751 1821 Laureto
781 1788 834 1822 15.
854 1788 1010 1822 Ianuarii
1040 1789 1131 1823 1570
1158 1788 1263 1830 datis,
1290 1788 1325 1822 in
1352 1789 1483 1833 quibus
1510 1791 1691 1823 Antonius
1712 1789 1833 1823 Casuli

60 1839 94 1874 S.
115 1839 147 1873 J.
174 1839 273 1880 haec,
300 1842 443 1884 praeter
469 1840 549 1881 alia,
575 1844 717 1875 narrat:
749 1840 909 1883 „Quanto
936 1842 993 1886 poi
1020 1842 1089 1876 alle
1116 1854 1198 1877 cose
1225 1842 1398 1883 esteriori,
1425 1842 1631 1877 s’offerisce
1658 1842 1770 1887 prima
1798 1842 1832 1876 la

59 1892 219 1935 singolar
244 1893 494 1935 beneuolenza,
530 1893 594 1928 che
609 1893 632 1929 'l
658 1894 970 1929 Reuerendissimo
997 1895 1187 1930 Cardinale
1214 1895 1245 1930 d'
1264 1898 1438 1939 Augusta,
1474 1896 1653 1941 passando
1689 1896 1724 1930 di
1750 1898 1830 1940 qua,

59 1948 194 1980 inostro
220 1947 386 1991 por-tarci,
412 1947 443 1981 si
469 1959 568 1982 come
594 1959 734 1993 sempre
761 1948 807 1982 ha
826 1950 999 1983 mostrato
1025 1961 1129 1983 uerso
1155 1949 1191 1983 la
1218 1949 1449 1994 compagnia:
1476 1949 1665 1994 percioche
1691 1949 1725 1983 di
1745 1949 1830 1984 Ger-

61 2000 181 2034 mania
207 2000 371 2034 andando
398 2012 418 2034 a
436 2000 559 2043 Roma,
586 2004 718 2036 uenuto
744 2004 765 2035 a
790 2006 919 2046 questa
938 2002 1117 2036 Madonna
1136 2001 1361 2043 Santissima,
1388 2002 1488 2037 uolse
1515 2003 1832 2037 domesticamente

58 2064 107 2087 un
133 2053 258 2096 giorno
283 2065 456 2098 pranzare
481 2054 540 2088 nel
573 2057 695 2089 nostro
724 2054 882 2098 collegio
919 2067 983 2089 con
1018 2056 1105 2090 tutti
1140 2056 1166 2090 li
1202 2055 1336 2090 fratelli
1349 2056 1373 2097 2',
1401 2056 1581 2090 uisitando
1607 2056 1658 2100 gli
1685 2056 1831 2090 amalati

61 2107 194 2148 auanti,
222 2106 287 2141 che
314 2108 344 2141 si
371 2109 543 2142 mettesse
561 2109 581 2142 a
600 2108 738 2143 tauola:
767 2111 803 2143 et
828 2111 998 2154 pransato
1025 2109 1053 2143 c‘
1073 2109 1197 2151 hebbe,
1225 2109 1319 2143 disse
1347 2109 1381 2143 di
1407 2108 1516 2144 uoler’
1536 2109 1608 2154 egli
1625 2109 1750 2144 seruir’
1770 2109 1831 2144 alli

59 2159 206 2202 fratelli,
233 2160 299 2194 che
324 2164 518 2195 restauano
544 2161 615 2195 alla
637 2162 699 2197 22¹³
725 2164 760 2196 et
786 2174 830 2196 ne
856 2163 934 2196 fece
953 2162 1236 2204 dimostratione,
1263 2174 1321 2196 ma
1339 2163 1364 2196 il
1383 2163 1531 2206 Signore
1551 2163 1795 2198 Gouernatore
1808 2167 1830 2203 ⁴,

60 2213 85 2246 il
112 2213 217 2257 quale
243 2213 359 2248 hauea
384 2215 476 2248 fatto
512 2215 723 2259 compagnia
749 2226 771 2249 a
796 2215 868 2250 Sua
894 2215 1059 2259 Signoria
1085 2216 1412 2257 Reuerendissima,
1450 2218 1485 2250 et
1520 2219 1691 2261 pransato
1721 2217 1830 2250 simil-

59 2270 178 2301 mente
213 2269 284 2311 qui,
319 2267 353 2301 lo
388 2268 530 2312 impedi.
582 2267 692 2302 Volse
725 2268 826 2303 udire
852 2269 920 2303 due
955 2269 1124 2314 prediche
1151 2281 1222 2303 una
1256 2270 1292 2303 in
1327 2269 1450 2313 lingua
1477 2269 1700 2311 Germanica,
1736 2270 1831 2304 nella

58 2322 183 2354 nostra
210 2320 366 2366 Capella,
393 2321 416 2355 l’
431 2321 524 2355 altra
549 2321 584 2355 in
612 2321 739 2355 Latino
766 2321 860 2356 nella
892 2322 1024 2363 chiesa,
1051 2322 1094 2356 de
1129 2322 1296 2357 laudibus
1323 2323 1639 2366 Peregrinationis,
1675 2323 1829 2357 secondo

57 2373 82 2407 il
108 2373 230 2408 thema
256 2375 339 2409 dato
365 2374 410 2408 da
436 2374 508 2409 Sua
534 2374 698 2417 signoria
721 2375 1055 2410 Reuerendissima“
1089 2376 1150 2419 (ex
1177 2375 1342 2421 exemplo
1369 2376 1583 2421 archetypo3
1615 2376 1829 2421 „Epistt.1t.

63 2427 172 2462 l569⁴⁴
202 2428 226 2462 f.
246 2427 336 2471 87¹²).
380 2428 510 2462 Fatear
536 2430 686 2473 oportet,
714 2427 928 2462 Sacchinum
955 2429 1148 2474 complura,
1175 2441 1266 2473 quae
1285 2441 1306 2463 a
1325 2429 1456 2464 Casato
1482 2441 1552 2463 non
1576 2431 1828 2471 memorentur,

58 2481 236 2526 proferre;
266 2484 426 2516 attamen
452 2481 542 2515 haec
565 2493 707 2525 quoque
733 2482 851 2523 factis,
879 2494 969 2526 quae
996 2483 1140 2517 aliunde
1166 2485 1250 2517 nota
1276 2485 1372 2523 sunt,
1399 2482 1519 2527 aliqua
1537 2483 1667 2517 saltem
1693 2483 1830 2518 ratione

61 2534 326 2569 confirmantur.
372 2534 458 2569 Otto
477 2534 677 2569 Truchsess
696 2534 810 2569 Paulo
828 2535 891 2569 ΙΙΙ.
910 2536 1079 2581 pontifice
1106 2537 1263 2570 maximo
1283 2536 1551 2580 (1534—1549)
1572 2536 1698 2581 templi
1716 2536 1828 2571 laure-

57 2588 133 2621 tani
160 2587 332 2622 sacellum
360 2587 393 2622 S.
413 2588 536 2622 Ioanni
556 2588 741 2633 Baptistae
767 2599 911 2622 sacrum
937 2590 1145 2630 exornavit;
1174 2589 1263 2623 Iulio
1282 2589 1343 2623 III.
1371 2589 1537 2634 pontifice
1558 2590 1825 2634 (1550-155-5)

180 2707 319 2742 ¹Diem
356 2708 490 2742 festum
526 2706 782 2742 Sanctissimae
817 2706 1024 2749 Trinitatis,
1061 2708 1122 2752 qui
1162 2720 1202 2742 eo
1240 2720 1332 2742 anno
1372 2710 1449 2742 erat
1489 2708 1543 2743 13.
1571 2707 1682 2750 Iunii,
1720 2708 1828 2753 signi-

60 2760 159 2795 ficari
185 2772 324 2795 censeo.

177 2814 190 2835 2
217 2814 416 2858 Collegium
442 2814 678 2856 lauretanum,
705 2816 745 2848 ut
763 2826 808 2848 ex
834 2814 960 2848 iisdem
987 2814 1119 2848 litteris
1145 2814 1378 2858 intellegitur,
1405 2814 1507 2849 initio
1533 2825 1564 2849 a.
1586 2814 1676 2850 1570
1701 2815 1747 2850 45
1774 2826 1827 2849 so—

58 2867 157 2902 dales
191 2867 365 2909 habebat;
404 2869 449 2903 20
480 2880 525 2902 ex
560 2868 604 2903 iis
634 2868 840 2902 sacerdotes
876 2870 987 2910 erant,
1027 2868 1065 2902 11
1100 2868 1158 2902 vel
1189 2868 1233 2902 12
1268 2869 1401 2903 fratres
1435 2868 1664 2911 scholastici,
1699 2868 1828 2913 reliqui

55 2920 153 2961 laici;
181 2922 407 2956 sacerdotum
433 2922 592 2956 maxima
618 2933 702 2966 pars
733 2921 779 2964 „s'
794 2933 929 2966 occupa
955 2920 1050 2955 nella
1069 2921 1328 2956 Penitentiaria
1355 2921 1389 2956 di
1416 2924 1543 2966 questo
1569 2924 1672 2957 santo
1690 2922 1826 2957 luoco‘.

178 2976 190 2995 ³
215 2975 268 3009 De
297 2975 474 3018 „secunda
500 2977 643 3010 mensa‘
674 2975 720 3010 cf.
751 2976 837 3009 Can.
864 2975 915 3008 Ill
942 2975 1038 3009 680³.

176 3030 188 3049 ⁴
216 3029 393 3063 Robertus
420 3029 640 3063 Saxatellius
669 3030 721 3073 (J.
750 3030 794 3062 A.
822 3029 934 3072 Voyel,
966 3028 1018 3062 De
1045 3028 1207 3063 ecclesiis
1234 3028 1475 3064 Recanatensi
1509 3030 1545 3064 ct
1570 3029 1775 3064 Lauretana
1803 3030 1825 3071 l,

57 3081 217 3116 Recineti
248 3083 347 3124 1859,
375 3083 472 3126 342).
