2044 3335
135 86 218 126 236
630 82 732 117 1605.
764 82 798 116 Ρ.
826 82 978 116 Ioannes
1004 81 1047 116 de
1073 76 1228 116 Polanco
1256 81 1409 117 Canisio.

135 202 425 244 commendari
450 215 625 243 causam
649 200 842 243 afflictae
866 201 978 254 apud
1002 200 1284 253 Augustanos
1307 200 1499 254 Virginis
1514 201 1541 251 1,
1576 200 1628 242 de
1650 214 1734 253 qua
1756 200 1900 242 monui

132 268 250 309 illum
287 267 532 320 aliquando,
567 279 698 318 seque
731 265 895 319 recepit
928 272 998 307 sea
1022 263 1082 319 [P]
1116 265 1179 308 ita
1210 266 1442 308 facturum.

252 332 372 381 Quod
396 332 450 373 ad
473 330 776 372 Cardinalem2
807 329 1112 383 Augustanum
1146 330 1318 381 attinet,
1354 330 1477 384 cupio
1510 329 1621 372 scire
1656 343 1900 372 successum

133 400 177 440 et
209 397 373 439 exitum
407 396 459 437 de
492 395 630 438 literis
669 395 935 438 fundationis
968 394 1137 448 collegij
1174 395 1450 448 Dilingensis.

253 461 343 511 Quo
377 460 575 502 confecto
608 459 798 512 negotio,
831 460 946 514 apud
973 460 1215 501 Romanam
1249 460 1410 502 curiam
1445 460 1686 513 urgendum
1719 460 1815 510 erit,
1849 459 1902 501 ab

132 527 239 580 ipso,
273 526 317 568 ni
347 526 492 575 fallar,
517 525 759 575 cardinale,
793 527 842 566 ut
874 539 1110 566 consensus
1132 524 1354 567 Pontificis
1377 525 1649 579 impetretur,
1684 528 1728 567 et
1749 524 1903 567 literae

132 591 393 646 principales
435 590 738 645 expediantur,
785 603 896 643 quae
941 589 1090 632 multis
1131 589 1217 631 iam
1251 590 1375 631 annis
1408 590 1682 632 desideratae
1714 589 1902 631 fuerunt.

134 657 370 699 Praeterea
411 656 573 698 Rector
614 655 880 708 Dilingensis
923 656 1129 709 expectat
1170 657 1214 696 et
1256 655 1366 708 petit
1405 669 1559 697 munus
1594 654 1905 696 Gubernatoris

133 722 176 763 in
209 722 284 764 illa
316 721 616 764 Vniuersitate
648 720 869 775 proprium
903 720 1088 761 describi
1121 733 1146 761 a
1177 719 1353 769 nostris,
1395 723 1439 762 et
1472 734 1497 761 a
1529 719 1905 761 Reuerendissimo

134 787 384 830 Fundatore
417 786 703 841 comprobari.
764 786 829 827 De
861 785 942 827 hoe
974 787 1121 827 autem
1155 784 1469 827 Gubernatoris
1502 784 1639 827 offitio
1673 785 1810 827 multa
1841 784 1905 825 in-

135 853 389 906 telligentur
431 867 487 894 ex
527 851 666 894 literis
708 851 900 893 eiusdem
942 850 1156 900 motoris,
1200 864 1307 903 quas
1348 864 1480 904 penes
1516 848 1823 892 Reuerentiam
1857 849 1905 891 T.

136 931 232 959 esse
265 918 432 960 confido
446 918 474 961 3.

255 983 589 1025 Commendatus
631 995 727 1023 esse
761 981 886 1035 cupio
920 980 1142 1035 sacrificijs
1174 983 1219 1023 et
1250 980 1451 1035 precibus
1483 980 1533 1023 R.
1568 980 1617 1023 T.
1652 982 1696 1022 et
1728 980 1907 1022 Patrum

137 1047 461 1098 Assistentium‚
492 1062 542 1090 ac
565 1046 700 1089 totius
722 1046 945 1088 Romanae
975 1046 1127 1088 domus
1148 1045 1190 1087 in
1215 1045 1385 1088 Christo
1407 1045 1527 1087 JEsu
1551 1044 1721 1086 domino
1744 1047 1906 1087 nostro.

257 1113 506 1155 Florentiae
548 1114 600 1154 10
634 1111 838 1154 Decemb.
876 1112 1002 1154 1568.
1068 1111 1295 1153 Habeatur
1337 1124 1497 1163 quaeso
1537 1124 1641 1152 cura
1678 1123 1907 1164 puerorum

321 1178 328 1186 .
398 1194 407 1202 .
494 1178 511 1204 4

142 1179 481 1232 Fuggemcmum
516 1212 524 1220 ’
1028 1211 1188 1253 Seruus
1219 1211 1263 1252 in
1296 1210 1466 1253 Christo
1499 1210 1545 1252 P.
1581 1209 1789 1253 Canisius.

260 1313 287 1364 ἦ·
310 1311 565 1354 Reuerendo
598 1310 733 1361 Patri,
766 1311 824 1353 M.
857 1309 1016 1352 Joanni
1049 1310 1250 1361 Polanco,
1286 1309 1506 1364 Theologo
1536 1309 1769 1352 Societatis
1790 1309 1909 1359 Jesu,

142 1377 257 1432 patri
290 1376 557 1421 charissimo,
680 1376 858 1418 Romae.

261 1469 441 1504 Polancus
467 1468 610 1502 Canisio
636 1467 821 1512 respondit
849 1468 903 1502 15.
931 1467 1087 1501 Ianuarii
1118 1467 1218 1502 1569.

145 1609 303 1646 1605.
414 1606 475 1643 Ρ.
512 1606 813 1643 IOANNES
852 1605 943 1643 DE
981 1604 1299 1642 POLANCO
1343 1605 1561 1640 secretarius
1604 1604 1794 1640 Societatis
1831 1604 1913 1638 Iesu

334 1661 535 1697 CANISIO.
1302 1660 1414 1694 Roma
1443 1660 1496 1694 11.
1523 1658 1734 1693 Decembris
1764 1658 1863 1692 1568.

262 1734 316 1769 Ex
343 1732 550 1778 apographo
578 1732 690 1766 eiusd.
716 1734 846 1776 temp.;
886 1731 921 1765 in
947 1731 1120 1775 margine,
1148 1730 1272 1765 eadem
1298 1742 1424 1764 manu:
1467 1728 1639 1771 „Venetia
1666 1729 1704 1762 P.
1733 1727 1911 1762 Canis10“.

143 1788 223 1822 Ital.
251 1788 295 1822 67
322 1788 347 1821 f.
368 1785 464 1821 17612.

263 1860 377 1892 Roma
397 1858 641 1892 Vindobouam
659 1857 813 1890 relatum
832 1860 890 1899 est,
920 1856 1106 1889 Cani-sium
1133 1856 1230 1898 apud
1253 1856 1450 1898 pontificem
1476 1854 1573 1887 mala
1598 1854 1635 1886 in
1664 1853 1912 1895 imperatorem

145 1913 387 1946 machinatum
422 1923 501 1945 esse.
552 1911 730 1944 Polancus
766 1920 844 1942 sero
879 1910 1086 1952 respondet:
1120 1910 1164 1942 Id
1188 1909 1281 1951 false
1306 1909 1402 1949 dici,-
1435 1919 1470 1941 se
1495 1909 1599 1949 enim,
1635 1907 1914 1950 quotiescumque

151 1966 318 1999 Canisius
338 1965 504 2008 pontifici
530 1965 666 1997 locutus
690 1964 747 2006 sit,
775 1974 853 1996 omn
879 1963 941 1996 illo
965 1963 1086 2005 fuisse.
1134 1963 1280 1995 Canisio
1304 1962 1466 1995 valetudo
1493 1961 1657 1994 curanda
1684 1964 1740 1992 est.

263 2048 357 2089 Pax
389 2053 459 2090 etc.
524 2046 688 2096 Questa
721 2049 743 2088 e
774 2059 853 2100 per
893 2045 1064 2088 auisare
1097 2045 1148 2088 V.
1184 2046 1234 2087 R.
1270 2045 1348 2087 che
1390 2044 1546 2086 stiamo
1581 2057 1659 2085 con
1702 2041 1912 2084 desiderio

145 2114 186 2156 di
228 2127 356 2167 saper
396 2126 511 2154 noua
551 2112 593 2153 di
630 2111 709 2162 lei,
751 2110 909 2165 perche
949 2125 1035 2153 non
1076 2111 1103 2152 1’
1122 2110 1352 2152 habbiamo
1393 2110 1555 2151 hauuto
1599 2109 1708 2162 dopo
1750 2108 1791 2149 la
1835 2121 1913 2149 sua

144 2178 310 2234 partita
354 2177 396 2219 di
440 2178 600 2227 Roma,
648 2190 695 2218 se
740 2176 768 2217 li
813 2175 1029 2218 mandano
1077 2176 1215 2217 anche
1262 2175 1403 2228 quelle
1444 2174 1697 2216 resolutioni
1739 2172 1912 2214 ultima-

146 2248 290 2286 mente
322 2243 435 2286 fatte
448 2243 478 2286 5.

264 2309 387 2351 Circa
418 2307 448 2349 il
481 2306 707 2349 memorial
740 2306 852 2361 [etc.7
887 2312 931 2348 ut
963 2321 1097 2361 supra
1127 2321 1167 2361 p.
1192 2305 1318 2359 229]

264 2374 317 2415 Di
349 2373 520 2415 Vienna
553 2372 590 2413 ci
623 2372 765 2414 hanno
799 2372 953 2414 scritto
988 2371 1065 2413 che
1099 2371 1311 2424 qualcuno
1345 2371 1514 2414 haueua
1546 2370 1649 2412 dato
1683 2368 1803 2411 auiso
1836 2367 1914 2409 che

145 2439 181 2481 si
222 2453 297 2481 era
339 2438 452 2480 fatto
495 2437 622 2479 alcun
663 2437 751 2478 mal
787 2436 928 2478 officio
963 2439 1116 2478 contra
1147 2436 1446 2489 l'Jmperator
1478 2447 1685 2489 appresso
1717 2433 1747 2474 il
1781 2433 1912 2487 Papa,

145 2503 406 2546 nominando
439 2502 483 2544 in
515 2502 658 2557 specie
685 2501 738 2544 V.
769 2501 820 2544 R.
854 2501 924 2544 fra
955 2501 1021 2543 leb
1044 2499 1106 2556 [P]
1140 2501 1274 2544 altrec
1298 2499 1358 2555 [P]
1373 2502 1402 2544 ⁶.
1435 2500 1477 2542 io
1509 2499 1714 2554 rispondo
1747 2498 1824 2539 che
1856 2497 1915 2539 mi

146 2583 223 2610 son
266 2571 441 2611 trouato
485 2581 565 2609 con
605 2567 663 2609 lei
703 2567 744 2609 le
787 2567 906 2608 uolte
947 2566 1024 2608 che
1062 2566 1118 2608 ha
1150 2566 1321 2620 parlato
1354 2566 1395 2607 al
1429 2566 1561 2619 Papa,
1605 2566 1651 2606 et
1683 2563 1760 2606 che
1792 2563 1913 2604 siano

147 2634 254 2675 certi
287 2634 365 2674 che
397 2632 484 2674 mai
516 2632 572 2673 ha
595 2632 708 2675 fatto
735 2632 822 2674 mal
846 2631 987 2674 officio
1010 2632 1178 2681 alcuno,
1214 2631 1309 2673 anzi
1333 2631 1411 2672 che
1433 2630 1538 2673 tutti
1561 2629 1598 2671 ci
1621 2629 1758 2671 siamo
1780 2628 1914 2669 molto

266 2721 293 2748 a)
315 2719 363 2743 Sic
382 2721 514 2749 autoyrq
534 2721 563 2742 a!
585 2719 711 2743 alterum
731 2719 781 2743 hoc
801 2725 833 2743 se
853 2725 1104 2749 supervacaneum
1124 2721 1165 2741 est
1186 2717 1305 2748 ideoque
1325 2716 1515 2741 omittendum
1533 2714 1602 2745 fuit.
1686 2712 1714 2741 1»)
1735 2713 1760 2745 c)
1782 2713 1829 2738 Sic
1849 2720 1916 2744 ap.;

148 2759 356 2791 corriyendnm
376 2766 436 2783 esse
457 2759 592 2784 videtur:
612 2758 632 2783 li
653 2758 723 2784 altri
744 2760 787 2784 vel
807 2758 846 2790 gli
868 2758 947 2785 altri.

271 2861 279 2879 ¹
307 2859 443 2893 Mariae
481 2860 539 2903 (de
575 2871 647 2903 qua
680 2871 790 2904 supra
823 2872 855 2905 p.
875 2860 994 2902 221)‘.>
1043 2860 1169 2893 Annae
1195 2857 1426 2892 Bernhauser
1463 2857 1521 2900 (de
1548 2868 1618 2900 qua
1644 2856 1747 2900 plura
1773 2854 1915 2898 infra)‘?

149 2911 365 2948 Catharinae
393 2912 452 2955 (de
479 2924 550 2956 qua
576 2913 717 2954 infra)‘.>
756 2913 834 2947 Hae
860 2924 984 2947 omnes
1010 2924 1031 2946 a
1058 2912 1291 2946 daemonibus
1316 2911 1485 2945 obsessae
1511 2921 1591 2944 esse
1616 2909 1844 2943 videbantur.

268 2966 281 2985 ²
306 2965 516 2999 Truchsess.
671 2966 683 2985 ³
708 2965 760 2999 De
787 2966 843 2999 his
869 2965 909 3000 P.
936 2965 1146 2999 Theodorici
1173 2964 1307 2999 Canisii
1334 2963 1467 2998 litteris
1493 2975 1527 2998 v.
1554 2974 1664 3007 supra
1690 2974 1722 3007 p.
1738 2962 1818 2996 200.

269 3020 281 3038 4
308 3018 453 3051 Antonii
480 3020 515 3051 et
542 3018 752 3059 Raimundi;
780 3030 814 3053 v.
841 3030 950 3063 supra
976 3031 1009 3063 p.
1029 3018 1110 3053 229⁴

270 3071 282 3091 ⁵
310 3070 399 3104 Vide
425 3081 533 3115 supra
559 3082 593 3115 p.
611 3071 810 3105 231-233.
944 3073 956 3089 ‘²
982 3071 1073 3105 Vide
1099 3082 1191 3115 quae
1217 3070 1283 3104 sub
1309 3069 1408 3115 ipsas
1434 3068 1499 3103 has
1525 3068 1667 3103 litteras
1693 3068 1866 3102 dicentur.
