2044 3335
189 94 271 134 132
697 90 799 124 1539.
831 88 997 124 Canisius
1024 88 1058 123 S.
1077 88 1269 124 Francisco
1295 89 1459 132 Borgiae.

183 211 305 252 illum
347 210 389 251 in
430 210 511 252 hoc
543 209 733 262 Collegio
776 208 972 261 cogimur
1015 208 1216 262 experiri,
1260 211 1304 251 et
1336 222 1512 250 causam
1544 208 1678 250 habet
1710 208 1874 250 Rector
1906 208 1958 250 de

184 275 259 317 illo
292 289 423 329 saepe
456 274 700 328 qum—(mdia,
735 274 847 326 quod
871 287 976 327 prae
999 273 1184 315 caeteris
1207 273 1404 315 omnibus
1427 272 1660 323 difficilem,
1695 271 1958 315 concitatum

185 344 232 383 et
275 340 477 382 acerbum
522 353 568 381 se
613 339 865 393 praebeat¹,
915 337 1115 391 idemque
1160 352 1255 380 sum
1300 352 1381 392 ego
1426 352 1511 379 non
1556 337 1690 379 semel
1736 340 1957 392 expertus.

185 405 314 459 Cupit
346 404 533 455 interim,
568 406 616 446 ut
648 417 778 458 saepe
812 403 923 445 dixit
956 406 1000 445 et
1032 403 1221 456 scripsit,
1256 417 1282 445 a
1313 402 1543 457 profitendi
1571 415 1748 444 munere
1770 402 1960 453 liberari,

185 471 229 512 in
263 484 345 523 quo
378 473 526 511 tamen
559 470 651 511 solo
685 483 808 511 suum
841 469 1056 510 talentum
1089 468 1256 510 utiliter
1288 465 1594 522 οΧ01·0οΓ1”[Ρ]
1627 480 1755 521 posse
1788 467 1961 509 uidetur

187 536 252 578 ad
286 535 796 576 aedificationem2.
831 533 957 575 Vnde
989 533 1094 574 nihil
1127 546 1207 586 ego
1236 533 1288 574 de
1311 533 1499 575 Rectore
1522 532 1729 574 mutando
1753 534 1959 582 statuam,

187 600 268 642 nisi
302 614 426 642 secus
458 600 615 642 iterum
649 599 695 642 P.
721 599 908 641 Vestrae
949 598 1165 648 uideatur,
1208 598 1284 640 sed
1325 598 1438 640 hunc
1469 598 1610 651 ipsum
1642 597 1788 651 potius
1819 596 1960 638 iudico

187 666 242 707 ad
285 668 478 719 tempusc
519 664 806 714 retinendum,
851 663 923 716 qui
962 677 1074 704 nunc
1107 662 1240 705 etiam
1274 677 1402 716 quam
1437 665 1552 713 ante,
1596 662 1759 704 rectius
1800 661 1960 703 habere

188 730 373 772 uidetur.
439 730 532 772 Hoc
565 729 599 770 si
634 730 680 772 P.
715 730 903 771 Vestrae
944 728 1146 782 placebit,
1186 728 1533 782 respondendum
1565 730 1671 780 puto
1705 727 1755 769 D.
1790 726 1963 768 Peltani

188 795 339 845 literis,
382 797 431 837 ut
471 797 630 848 pergat
670 809 794 836 suum
831 793 1053 847 explicare
1084 793 1299 835 talentum
1332 793 1375 834 in
1408 806 1586 834 munere
1618 790 1873 846 profitendi,
1917 793 1961 833 et

188 860 335 913 quieto
368 859 511 901 animo
544 859 843 902 accommodet
869 872 964 900 sese
988 858 1177 908 Rectori,
1212 858 1336 911 eique
1368 857 1495 899 simul
1528 860 1573 900 et
1604 855 1896 910 superioribus
1918 855 1961 897 in

190 925 373 967 Domino
407 925 543 966 faciat
576 924 696 966 satis

308 990 467 1032 Rector
490 989 785 1043 Dilingensis3
818 989 975 1043 probat
1001 1002 1178 1042 operam
1202 988 1268 1029 sui
1291 987 1479 1030 Ministri
1501 988 1547 1030 P.
1574 986 1799 1037 Gerardi4‚
1834 999 1960 1039 quem

188 1070 270 1108 ego
296 1056 358 1097 illi
382 1056 673 1097 necessarium
697 1068 792 1095 esse
815 1054 969 1096 iudico.
994 1054 1040 1096 P.
1065 1053 1333 1095 Rabenstein
1356 1067 1380 1095 a
1404 1053 1596 1105 Collegio
1620 1051 1961 1105 Hieronymiano

190 1125 235 1163 et
276 1135 378 1162 cura
416 1134 555 1162 nouae
588 1119 781 1161 fabricae
795 1121 823 1169 5,
867 1133 978 1172 quae
1010 1122 1104 1162 toto
1138 1132 1251 1160 anno
1283 1132 1368 1159 non
1402 1118 1667 1168 absoluetur,
1710 1118 1786 1158 uix
1816 1119 1964 1171 potest

190 1186 400 1236 abstrahi,
434 1199 514 1227 nec
547 1187 664 1227 esset
698 1185 947 1226 commodus
979 1184 1180 1226 Minister
1211 1183 1337 1225 huius
1369 1183 1562 1237 Collegij,
1599 1185 1647 1225 ut
1679 1185 1782 1224 ante
1815 1195 1963 1223 sumus

191 1251 375 1305 experti.
440 1250 525 1292 Oro
570 1250 717 1303 igitur,
764 1253 812 1292 ut
856 1249 899 1291 in
941 1249 1007 1291 his
1050 1249 1215 1290 duobus
1256 1249 1376 1291 nulla
1417 1248 1602 1290 mutatio
1643 1248 1961 1301 interponatur,

191 1318 448 1370 praesertim
492 1330 588 1357 cum
631 1318 814 1368 uterque
856 1329 933 1356 suo
975 1314 1156 1365 muneri,
1200 1317 1245 1356 et
1285 1317 1377 1356 tam
1410 1313 1587 1363 exteris,
1631 1326 1760 1366 quam
1802 1311 1962 1353 nostris

191 1380 451 1423 satisfaciat.
496 1380 642 1422 Habet
673 1380 848 1422 interim
876 1379 1114 1432 Collegium
1138 1379 1389 1432 Dilingense
1422 1393 1548 1420 curas
1581 1380 1625 1420 et
1657 1377 1963 1432 occupationes

192 1446 419 1496 maximas,
454 1449 639 1499 egetque
671 1445 832 1488 talibus
866 1445 1089 1499 operarijs,
1127 1445 1199 1498 qui
1232 1444 1463 1487 Rectorem
1495 1443 1875 1492 ualetudinarium‚
1918 1445 1963 1484 et

190 1525 322 1566 saepe
355 1511 483 1552 nimis
515 1511 706 1561 anxium,
742 1510 985 1552 subleuent.

312 1576 574 1618 Sustulimus
615 1575 880 1629 Jngolstadij
923 1575 1216 1624 Rhetoricam,
1262 1588 1445 1628 eamque
1485 1587 1733 1628 supremam
1769 1572 1961 1614 Classem

191 1656 276 1683 non
309 1642 434 1683 modo
462 1641 554 1683 sine
579 1641 819 1695 Principis6
852 1640 1101 1691 offensione,
1136 1640 1212 1681 sed
1235 1639 1368 1682 etiam
1391 1653 1549 1693 magno
1572 1641 1822 1680 nostrorum
1845 1650 1961 1678 com-

193 1707 334 1757 modo,
378 1707 449 1759 qui
482 1706 631 1760 paucis
665 1706 895 1748 admodum
929 1705 1151 1759 discipulis
1182 1708 1511 1759 praeceptorem
1544 1704 1805 1746 Rhetoricae
1836 1715 1962 1756 prae-

194 1772 294 1813 bere
336 1772 564 1814 debebant.
631 1771 800 1813 Placuit
841 1771 920 1812 hoc
962 1771 1128 1813 factum
1170 1771 1520 1818 Consultoribus,
1565 1768 1824 1823 praesertim
1866 1781 1962 1809 cum

192 1836 515 1889 intelligerentd
546 1837 592 1879 P.
618 1836 791 1879 Natalis
813 1836 925 1878 hanc
959 1850 1054 1878 esse
1086 1835 1362 1886 sententiam,
1396 1837 1445 1877 ut
1477 1835 1510 1877 si
1546 1834 1719 1888 quidem
1741 1832 1962 1875 commode

194 1902 289 1943 fieri
320 1905 479 1955 posset,
513 1904 609 1944 tota
641 1901 774 1944 etiam
805 1901 985 1943 inferior
1016 1901 1092 1943 illa
1123 1901 1273 1943 schola
1294 1900 1557 1954 Jngolstadij
1592 1900 1834 1949 tolleretur,
1867 1911 1963 1939 cum

195 1967 251 2009 ad
283 1981 378 2008 eam
411 1968 682 2009 retinendam
716 1981 771 2008 ex
803 1970 930 2021 parte
963 1967 1194 2009 Societatis
1222 1967 1339 2008 nulla
1361 1966 1419 2009 sit
1441 1965 1663 2019 obligatio,
1697 1964 1808 2006 sicut
1831 1963 1963 2005 etiam

196 2032 519 2074 Cancellarius⁷
568 2032 781 2086 Principis
828 2031 1044 2074 Bauariae
1091 2032 1235 2074 fassus
1283 2033 1391 2075 estss.
1456 2031 1638 2073 Accedit
1684 2042 1852 2071 summa
1898 2027 1964 2068 in-

197 2098 494 2148 commoditas,
531 2112 659 2151 quam
692 2097 831 2139 nostri
864 2111 913 2138 eo
946 2098 1040 2138 loco
1074 2096 1116 2138 in
1139 2111 1218 2139 sua
1240 2097 1390 2139 schola
1412 2097 1527 2139 ferre
1550 2098 1764 2149 coguntur
1786 2095 1965 2148 propter

195 2164 366 2205 Classes
408 2163 720 2205 Vniuersitatis
765 2162 1007 2215 contiguas,
1054 2163 1108 2204 ad
1150 2176 1258 2216 quas
1301 2162 1440 2205 nostri
1480 2162 1663 2205 studiosi
1703 2161 1846 2202 solent
1886 2171 1964 2199 ex-

196 2242 382 2279 currere,
419 2231 466 2270 ut
496 2227 583 2269 illic
616 2228 793 2269 liberius
826 2231 975 2281 agant,
1011 2229 1056 2269 et
1088 2230 1284 2269 nostram
1317 2227 1528 2281 effugiant
1550 2226 1832 2281 disciplinam.
1877 2225 1964 2266 Ob-

194 2294 359 2348 ligatur
400 2293 571 2335 interim
605 2293 844 2346 Collegium
876 2292 1231 2346 Jngolstadiense
1264 2293 1319 2334 ad
1351 2293 1620 2347 professores
1652 2291 1695 2333 in
1728 2290 1964 2344 Theologia

315 2370 342 2400 a)
364 2370 397 2394 In
418 2369 497 2393 arch.
517 2376 592 2393 corr.
613 2376 648 2392 ων
669 2366 844 2400 quaerendi.
921 2366 949 2399 b)
972 2368 1019 2392 »Sic
1038 2369 1137 2397 arrh.;
1157 2367 1398 2399 vorm'yendecmnc
1419 2368 1584 2391 exercere?
1656 2367 1682 2397 c)
1704 2367 1830 2397 Sequens
1852 2373 1875 2390 r.
1894 2374 1911 2389 α
1934 2366 1962 2390 C.

196 2411 261 2443 ipso
281 2419 372 2442 snpra
394 2419 509 2435 versum
529 2411 670 2441 scriptum
692 2412 743 2434 est.
812 2408 842 2440 d)
864 2411 899 2434 In
919 2410 998 2434 arch.
1013 2411 1042 2439 (a
1059 2411 1087 2434 C.
1097 2410 1120 2439 1³)
1141 2417 1215 2433 corr.
1236 2417 1272 2433 er
1291 2408 1539 2441 intelligeremus.

196 2494 294 2527 sicut
328 2494 510 2528 seculares
546 2493 777 2538 professores.
829 2491 978 2533 Quando
1013 2492 1214 2536 ingreditur
1248 2492 1422 2537 templum
1448 2491 1490 2526 D.
1515 2490 1686 2534 Virginis,
1722 2492 1821 2523 recta
1856 2490 1885 2523 it
1919 2490 1964 2523 ad

198 2559 303 2580 suum
331 2548 445 2581 locum
474 2548 696 2591 deputatum,
732 2547 809 2580 sine
836 2546 1041 2590 aspersione
1068 2557 1182 2589 aquae
1209 2546 1428 2587 benedictae,
1464 2544 1661 2578 insalutato
1686 2543 1884 2577 uenerabili
1909 2554 1964 2577 sa-

198 2604 392 2639 cramento,
420 2604 455 2634 et
482 2602 532 2634 ita
558 2603 736 2644 properat,
765 2603 804 2633 vt
831 2599 960 2640 socius,
988 2599 1056 2633 nisi
1083 2599 1172 2633 uelit
1198 2611 1279 2632 eum
1305 2599 1517 2643 relinquere,
1544 2599 1695 2639 cogatur
1720 2596 1813 2630 idem
1832 2596 1963 2630 facere.

199 2655 300 2695 Quod
329 2658 412 2698 puto
440 2666 459 2687 a
486 2654 609 2687 multis
636 2653 762 2687 notari.
812 2653 858 2687 Et
884 2653 1025 2696 quando
1052 2653 1095 2686 de
1122 2652 1202 2686 istis
1227 2652 1392 2686 omnibus
1417 2654 1565 2695 rogatur
1590 2650 1783 2694 respondet
1808 2650 1965 2693 reliquos

202 2708 422 2752 professores
449 2707 499 2740 ita
526 2707 663 2740 facer&
696 2708 757 2749 (ex
784 2709 943 2749 autogr.;
972 2706 1031 2740 GC
1059 2706 1102 2740 67
1131 2706 1156 2740 f.
1183 2706 1302 2748 468³).

327 2762 333 2779 ¹
361 2761 413 2794 Cf.
437 2761 523 2793 Can.
547 2761 591 2793 111
620 2760 687 2794 307
716 2761 802 2800 δόξῃ
831 2760 880 2793 IV
904 2760 945 2793 14
975 2760 1039 2793 129
1070 2760 1135 2793 177
1165 2759 1233 2792 513
1260 2759 1348 2798 684;
1376 2757 1408 2791 V
1430 2758 1495 2791 109
1523 2757 1591 2791 716
1619 2757 1705 2797 725;
1733 2756 1823 2801 Epp.
1843 2756 1965 2790 Nadal

201 2814 253 2848 ΙΙΙ
280 2814 359 2847 298.
505 2813 518 2832 ‘⁸'
545 2814 633 2846 Rom
664 2815 714 2854 15,
743 2815 775 2847 2.
831 2814 845 2846 l
876 2813 943 2847 Cor
972 2813 1024 2853 14,
1051 2813 1072 2846 3
1099 2812 1155 2846 26.
1208 2812 1284 2856 Eph
1310 2812 1343 2851 4,
1370 2811 1425 2845 29.

323 2868 335 2886 ³
364 2866 400 2899 P.
428 2865 669 2899 Theodericus
696 2866 872 2900 Canisius.
1019 2867 1032 2886 4
1059 2865 1341 2908 PasteliiiCan.
1362 2864 1394 2898 V
1416 2863 1502 2906 14³).

323 2922 336 2939 ⁵
363 2919 511 2960 Collegii
538 2920 746 2960 Societati33
773 2931 804 2953 v.
830 2920 916 2953 Can.
936 2919 967 2953 V
986 2920 1082 2954 368¹.
1228 2919 1241 2938 ⁶
1267 2918 1407 2952 Alberti
1421 2917 1464 2951 V.
1491 2918 1668 2951 Bavariae
1695 2917 1806 2952 ducis.

323 2973 335 2992 ⁷
362 2972 480 3005 Simon
506 2971 721 3005 Thaddaeus
749 2972 834 3006 Eck.

324 3026 337 3045 ⁸
369 3025 423 3059 Cf.
453 3026 551 3058 onec.
582 3028 710 3058 Gomez
744 3026 891 3059 Rodeles
926 3026 959 3059 S.
988 3026 1040 3067 J„
1084 3008 1317 3059 Monumenta
1357 3023 1603 3068 paedagogica
1644 3023 1835 3058 Societatis
1873 3023 1965 3064 Iesu,

204 3078 341 3114 Man-iti
376 3078 471 3119 1901,
504 3079 571 3111 774
599 3078 678 3112 785.
