2044 3335
723 67 754 100 6.
784 65 931 100 Codices
958 65 1149 100 Societatis
1174 65 1267 100 Iesu.
1820 76 1883 100 LIX

109 182 241 217 codicis
266 181 372 215 datae
397 183 491 220 sunt,
518 180 706 224 catalogus
735 181 785 223 (ff.
814 181 850 224 6)
879 182 956 216 sive
991 181 1099 214 index
1135 180 1397 224 alphabeticus,
1434 180 1536 224 isque
1572 192 1716 219 recens:
1753 181 1788 215 in
1815 193 1885 226 quo

108 235 207 270 locus
233 245 374 278 quoque
400 236 437 268 et
461 236 605 279 tempus
630 234 854 277 singularum
882 234 1120 279 epistularum
1146 235 1272 267 notata
1299 236 1394 268 sunt.

227 298 395 334 Continet
420 299 586 343 exempla
621 299 744 333 eodem
779 300 855 333 fere
889 302 1049 344 tempore
1084 298 1220 343 scripta
1256 298 1492 343 epistularum
1529 299 1604 332 fere
1630 298 1710 338 872,
1747 310 1838 343 quas
1864 310 1885 333 a

112 353 164 387 14.
192 352 348 395 Augusti
376 352 466 386 1569
493 352 537 385 ad
563 352 619 386 26.
640 352 719 386 Iulii
749 353 838 386 1573
865 352 899 386 S.
927 351 1141 386 Franciscus
1168 351 1320 394 Borgias
1347 353 1382 385 et
1402 352 1608 386 Everardus
1635 351 1885 386 Mercurianus

108 405 298 441 Societatis
333 405 529 450 praepositi
560 405 760 448 generales,
797 406 836 439 P.
865 405 1107 450 Hieronymus
1133 404 1275 438 Natalis
1312 405 1470 439 eiusdem
1499 404 1691 439 Societatis
1726 405 1885 439 vicarius

107 458 297 502 generalis,
324 458 362 492 P.
391 458 542 492 Ioannes
568 458 610 492 de
636 458 792 492 Polanco
820 458 1010 493 Societatis
1036 458 1190 502 primum
1217 459 1447 499 secretarius,
1485 458 1613 492 deinde
1640 458 1799 492 vicarius
1826 470 1884 502 ge-

107 512 239 546 neralis
274 511 449 545 dederunt
483 511 526 545 ad
563 512 786 556 praepositos
822 511 1062 556 provinciales
1088 511 1305 555 Aquitaniae
1342 511 1585 554 (Edmundum
1616 512 1812 555 Augerium
1849 514 1885 546 et

109 565 295 600 Claudium
309 564 563 606 Matthaeum),
580 564 747 598 Austriae
760 564 1008 607 (Laurentium
1023 564 1214 607 Magium),
1230 564 1419 598 Flandriae
1433 565 1679 608 (Franciscum
1695 565 1884 599 Costerum

108 621 143 653 et
177 618 390 652 Balduinum
426 618 470 651 ab
496 618 665 661 Angelo),
700 618 873 652 Franciae
910 618 1152 662 (Edmundum
1189 617 1321 652 Haium
1358 620 1394 652 et
1429 617 1616 652 Oliverum
1644 618 1883 662 Manareum),

107 671 319 706 Germaniae
337 671 532 715 superioris
552 671 721 715 (Paulum
740 671 955 714 Hoffaeum),
982 671 1097 705 Rheni
1119 670 1382 714 (Hermannum
1402 671 1606 716 Thyraeum
1633 674 1670 705 et
1689 671 1884 705 Antonium

107 724 253 768 Vinck),
290 724 432 759 Siciliae
462 724 738 769 (Hieronymum
765 724 1008 768 Domenech),
1044 725 1088 758 ad
1126 725 1349 758 Everardum
1384 725 1652 759 Mercurianum
1689 725 1885 769 praepositi

106 778 284 822 generalis
310 777 542 812 assistentem
578 780 613 812 et
648 779 914 823 provinciarum
950 778 1163 821 gallicarum
1199 778 1436 820 visitatorem,
1472 779 1517 812 ad
1553 778 1686 812 multos
1722 778 1812 812 alios
1838 789 1885 812 ex

106 832 295 866 Societatis
320 831 585 870 sacerdotibus;
613 831 715 865 velut
740 831 785 865 ad
804 831 1033 865 Franciscum
1053 831 1248 865 Antonium
1272 831 1409 865 Mariae
1436 831 1677 876 imperatricis
1704 831 1885 866 contiona-

104 887 228 926 torem,
256 884 436 918 Andream
455 885 710 926 Avantianum‚
737 885 904 918 Iacobum
923 884 1194 925 Avellanedam,
1221 884 1417 919 Robertum
1440 884 1707 925 Bellarminum,
1736 884 1883 918 Petrum

105 938 297 979 Canisium,
333 937 570 972 Hannibalem
607 938 826 979 Codrettum,
863 938 1096 973 Guilielmum
1130 938 1391 980 Creittonium,
1429 937 1631 983 Gasparum
1668 938 1883 979 Haivodum,

103 991 354 1026 Balthasarem
389 991 648 1032 Hostovinum,
683 992 853 1026 Ioannem
888 991 1155 1033 Maldonatum,
1193 993 1363 1026 Ioannem
1400 991 1619 1032 Marianam,
1655 991 1881 1026 Theodorum

104 1045 304 1085 Peltanum,
332 1044 555 1089 Alphonsum
574 1045 756 1084 Pisanum,
780 1046 975 1079 Antonium
995 1045 1242 1086 Possevinum,
1263 1045 1476 1089 Gregorium
1495 1045 1705 1085 Roseffium,
1733 1045 1881 1079 Petrum

105 1098 292 1142 Skargam,
320 1098 549 1132 Franciscum
577 1098 777 1136 Sunerium,
804 1098 1028 1132 Edmundum
1048 1098 1264 1139 Tannetum,
1293 1098 1512 1133 Stanislaum
1531 1098 1783 1133 Varsevicium
1812 1100 1880 1132 etc.

103 1152 289 1185 Accedunt
324 1151 501 1196 epistulae
536 1151 580 1185 ad
616 1151 817 1185 cardinales
853 1154 888 1185 et
923 1152 1109 1196 episcopos
1145 1152 1269 1193 datae3
1308 1155 1347 1186 ut
1382 1152 1426 1186 ad
1453 1152 1656 1186 cardinales
1684 1151 1880 1194 Georgium

103 1205 354 1239 Armeniacum
374 1204 647 1248 (d'Armagnac)
677 1205 883 1249 episcopum
902 1205 1117 1246 tolosanum,
1145 1205 1312 1240 Carolum
1334 1205 1549 1240 Borbonium
1569 1205 1878 1250 archiepiscopum

102 1261 399 1302 rotomagensem,
436 1258 603 1292 Carolum
631 1257 796 1292 Guisium
827 1258 885 1300 (de
912 1258 1161 1302 Lotharingia)
1198 1259 1508 1304 archiepiscopum
1543 1259 1768 1293 rhemensem
1807 1258 1879 1303 epi-

101 1323 320 1357 scopumque
345 1314 558 1351 metensem3
596 1311 641 1345 ad
673 1312 860 1356 episcopos
888 1311 1089 1346 Gerardum
1125 1313 1168 1346 de
1195 1312 1448 1347 Hamericourt
1483 1311 1879 1357 audomaropolitanum

104 1365 326 1410 (St.-Omer),
352 1365 572 1399 Fridericum
600 1365 642 1398 de
668 1365 860 1409 Wirsberg
892 1365 1177 1410 herbipolensem
1207 1366 1459 1410 (Wi'irzburg),
1497 1366 1729 1401 Guilielmum
1758 1365 1879 1399 Prusi-

100 1418 252 1464 nowsky
290 1419 553 1453 olomucensem
594 1418 792 1462 (Olmtitz),
836 1419 1068 1453 Valentinum
1108 1420 1291 1454 Herborth
1334 1420 1624 1465 premisliensem
1666 1418 1877 1464 (Premysl),

102 1472 287 1507 Nicolaum
322 1472 551 1506 Psalmaeum
589 1472 667 1506 sive
702 1472 899 1513 Pseaume,
936 1472 976 1507 O.
1006 1473 1165 1514 Praem.‚
1203 1475 1489 1515 verdunensem,
1527 1473 1761 1507 Valerianum
1795 1473 1879 1506 Pro-

99 1526 285 1560 tassewicz
319 1525 540 1567 vilnenseni;
576 1527 662 1560 item
698 1527 741 1560 ad
770 1526 959 1571 principes,
996 1529 1036 1560 ut
1066 1527 1109 1561 ad
1137 1527 1289 1561 Mariam
1317 1528 1594 1572 imperatricem,
1624 1526 1790 1561 Carolum
1818 1525 1879 1560 IX.

101 1579 239 1614 Galliae
261 1591 384 1623 regem
411 1582 446 1613 et
466 1579 712 1613 Elisabetham
739 1580 816 1613 eius
834 1592 994 1621 uxorem,
1014 1580 1278 1615 Ferdinandum
1298 1582 1342 1617 11.
1363 1581 1604 1622 archiducem,
1623 1580 1878 1623 Magdalenam

101 1635 137 1667 et
156 1633 328 1667 Helenam
346 1633 491 1676 reginas
512 1633 823 1676 (archiducissas)‚
847 1633 1035 1668 Albertum
1056 1634 1100 1669 V.
1122 1635 1298 1669 Bavariae
1318 1636 1456 1672 ducem,
1484 1638 1520 1668 et
1546 1635 1590 1668 ad
1617 1634 1715 1668 viros
1741 1633 1879 1668 nobiles

101 1687 160 1720 vel
185 1687 317 1727 doctos,
344 1689 385 1721 ut
411 1687 563 1720 Alanum
594 1686 739 1731 Copum,
768 1687 948 1721 Simonem
975 1688 1209 1722 Thaddaeum
1238 1688 1401 1730 Eckium,
1428 1689 1624 1722 Martinum
1652 1687 1878 1731 Eisengrein,

100 1741 266 1774 Ioannem
298 1740 522 1784 Fuggerum,
558 1740 785 1775 Theodorum
821 1740 1040 1782 Lindanum,
1077 1742 1307 1776 Franciscum
1345 1743 1388 1776 de
1423 1742 1598 1776 Mendoza
1633 1741 1799 1775 comitem
1835 1741 1878 1775 de

101 1794 360 1838 Monteagudo,
397 1794 566 1828 Ioannem
603 1794 771 1829 Iacobum
808 1795 965 1836 Rabum,
1002 1796 1102 1830 alios.
1154 1796 1403 1841 Epistularum
1442 1797 1635 1841 pleraeque
1671 1795 1730 1829 vel
1765 1806 1879 1839 paene

100 1859 222 1882 omnes
247 1859 268 1881 a
294 1847 485 1882 Societatis
511 1848 684 1882 fratribus
710 1847 812 1882 laicis
839 1849 1079 1893 transcriptae
1107 1861 1187 1884 esse.
1214 1850 1401 1889 videntur;
1429 1851 1526 1884 certe
1553 1849 1763 1894 apographa
1788 1848 1878 1882 haec

100 1902 256 1946 ipsorum
275 1901 436 1945 Borgiae,
463 1901 681 1936 Mercuriani
708 1905 776 1936 etc.
803 1902 903 1936 iussu
930 1903 965 1936 in
992 1904 1223 1948 ipsorumque
1242 1916 1346 1938 usum
1373 1904 1472 1938 facta
1497 1906 1582 1938 sunt
1608 1903 1669 1945 ita,
1696 1905 1878 1937 uteorum

104 1954 433 1998 „Registrum“,
460 1955 552 1999 quod
580 1967 764 1994 vocamus,
791 1957 1063 1991 constituerent.

219 2014 348 2049 Codice
367 2016 422 2049 usi
441 2018 545 2049 sunt:
576 2016 694 2059 Duhr,
723 2015 921 2058 5⁰l0-Streit
938 2016 960 2050 l.
981 2028 1009 2050 c.
1029 2017 1149 2051 XXIV
1167 2017 1256 2055 2152
1284 2018 1358 2052 Jes.
1378 2029 1422 2051 an
1442 2016 1633 2051 Fiirstenh.
1655 2017 1698 2052 10
1726 2016 1769 2050 87
1790 2018 1874 2056 etc.;

101 2067 229 2102 Gesch.
257 2069 289 2103 d.
316 2069 389 2103 Jes.
417 2069 432 2102 I
457 2069 527 2102 492
554 2070 623 2104 653
650 2070 717 2103 657
746 2072 835 2110 etc.;
862 2071 913 2103 Le
939 2071 1101 2104 Bccchelet
1126 2070 1149 2105 l.
1178 2082 1206 2104 c.
1236 2072 1376 2106 67-70
1405 2071 1448 2104 72
1476 2073 1563 2111 etc.;
1592 2072 1639 2104 H.
1658 2072 1877 2114 Fouqzceray

100 2121 134 2155 S.
153 2122 198 2163 J„
226 2121 383 2156 Histoire
410 2122 453 2155 de
479 2122 515 2156 la
542 2122 763 2167 Compagnie
789 2123 832 2156 de
858 2123 966 2157 Je'sus
1002 2136 1043 2157 en
1071 2124 1208 2159 France
1244 2125 1306 2159 des
1334 2124 1490 2167 origines
1527 2126 1548 2159 a
1582 2124 1617 2158 la
1643 2124 1877 2168 suppression

101 2174 367 2219 (1528—1762)
396 2175 422 2217 Ι,
452 2176 554 2210 Paris
584 2176 684 2217 1910,
711 2175 781 2210 428
808 2177 878 2211 490
905 2177 975 2211 510
1001 2180 1069 2212 etc.

218 2258 273 2292 14.
300 2257 443 2303 „Germ-
471 2257 542 2293 71.“
593 2259 785 2304 Inscriptio
820 2271 945 2294 recens
980 2260 1015 2294 in
1052 2261 1156 2295 dorso
1185 2274 1191 2295 :
1225 2261 1440 2304 „Germania
1474 2261 1477 2306 Ι
1512 2260 1630 2295 Gallia
1655 2261 1658 2302 Ι
1682 2260 1840 2295 Polonia.
1871 2260 1874 2305 Ι

100 2312 153 2346 10.
180 2311 262 2345 Iulii
290 2313 377 2346 1571
406 2312 487 2355 124.
506 2312 588 2346 Iulii
617 2313 738 2348 1573.“
786 2312 982 2357 Signatura
1008 2315 1207 2349 novissima
1236 2316 1287 2358 (in
1315 2316 1435 2359 dorso)
1457 2329 1463 2350 :
1488 2315 1629 2357 „Germ
1654 2315 1658 2358 Ι
1684 2315 1782 2349 109.“
1825 2315 1878 2348 In-

98 2365 185 2409 cipit
209 2365 233 2399 f.
264 2366 299 2399 1ξι
327 2365 452 2409 (sign.)
481 2379 488 2400 :
518 2366 666 2409 „Ihesus
693 2367 806 2401 .1569.
861 2366 1128 2402 Ordenaciones
1163 2368 1400 2403 Vniuersales
1437 2381 1505 2413 que
1541 2369 1588 2403 ha
1623 2368 1757 2403 hecho“
1788 2370 1876 2408 etc.;

97 2419 311 2453 terminatur
335 2419 466 2453 f.119b
493 2419 617 2463 (sign.)
648 2434 655 2455 ε
687 2420 849 2463 „abunde
876 2422 1060 2457 concedat.
1111 2422 1246 2456 Romae
1273 2422 1340 2456 XV
1368 2422 1456 2468 Julij
1488 2423 1620 2463 1573“;
1649 2423 1686 2456 20
1712 2422 1813 2462 min.;
1840 2423 1877 2456 in

97 2472 231 2506 tabulis
254 2471 385 2515 ligneis
411 2473 700 2516 conglutinatus;
733 2474 768 2508 ff.
795 2474 889 2517 sign.
919 2475 1054 2510 1—121
1086 2476 1164 2517 126,
1200 2488 1271 2510 non
1308 2477 1401 2520 sign.
1428 2477 1464 2510 in
1501 2476 1601 2510 initio
1630 2477 1668 2517 1;
1696 2476 1763 2510 hoc
1790 2476 1813 2510 f.
1841 2477 1878 2510 et

97 2525 118 2559 3
143 2525 178 2559 ff.
205 2525 332 2560 ultima
358 2538 474 2560 vacua
500 2529 603 2567 sunt;
630 2529 819 2572 praeterea
844 2527 881 2561 in
907 2528 1009 2562 initio
1042 2541 1174 2571 eorum,
1201 2530 1244 2564 ad
1282 2542 1371 2574 quos
1398 2530 1576 2575 epistulae
1611 2530 1745 2564 codicis
1771 2530 1876 2563 datae

97 2582 197 2620 sunt;
225 2579 413 2623 catalogus
441 2580 477 2624 (6
497 2580 548 2623 ff.)
568 2581 647 2614 sive
673 2580 782 2614 index
808 2580 1057 2625 alphabeticus
1084 2583 1223 2627 positus
1248 2587 1312 2624 est,
1340 2585 1375 2617 in
1395 2595 1464 2627 quo
1490 2583 1716 2627 singularum
1743 2583 1877 2618 codicis

99 2632 331 2676 epistularum
358 2636 502 2678 tempus
528 2636 564 2668 et
590 2634 689 2668 locus
715 2636 842 2669 notata
867 2637 963 2676 sunt,
990 2636 1215 2679 argumentis
1241 2648 1383 2681 quoque
1410 2648 1534 2671 earum
1561 2637 1774 2682 saepissime
1800 2637 1876 2671 bre-

98 2688 191 2719 viter
216 2686 358 2721 additis.

216 2745 384 2780 Continet
401 2746 608 2790 Registrum
636 2747 886 2792 epistularum,
914 2759 1004 2792 quas
1023 2748 1062 2783 P.
1082 2749 1325 2794 Hieronymus
1344 2749 1487 2784 Natalis
1506 2750 1699 2785 Societatis
1716 2749 1877 2785 vicarius

97 2799 285 2840 generalis,
312 2799 351 2834 P.
372 2800 522 2834 loannes
541 2800 583 2834 de
603 2800 759 2835 Polanco
778 2801 968 2836 Societatis
986 2803 1204 2836 secretarius
1223 2805 1259 2836 et
1278 2803 1435 2837 vicarius
1454 2803 1644 2846 generalis,
1669 2804 1877 2838 Everardus

97 2850 344 2887 Mercurianus
371 2853 561 2887 Societatis
597 2855 824 2899 praepositus
860 2855 1040 2898 generalis
1066 2867 1087 2890 a
1116 2856 1169 2890 10.
1197 2856 1278 2890 Iulii
1308 2858 1395 2891 1571
1433 2858 1478 2891 ad
1508 2858 1562 2892 15.
1590 2857 1671 2891 Iulii
1701 2858 1790 2892 1573
1818 2858 1875 2892 de-

98 2904 226 2939 derunt
253 2908 331 2940 tum
358 2906 401 2940 ad
429 2907 603 2951 plurimos
637 2907 790 2949 sodales,
825 2911 866 2942 ut
892 2909 935 2942 ad
962 2909 1001 2943 P.
1030 2909 1246 2944 Balduinum
1282 2911 1327 2944 ab
1354 2911 1493 2954 Angelo
1520 2911 1765 2956 praepositum
1798 2923 1875 2956 pro-

97 2959 286 2993 vincialem
322 2959 522 3002 Flandriae,
559 2960 787 2995 Edmundum
822 2961 953 2995 Haium
990 2963 1249 3007 provincialem
1275 2963 1459 3006 Franciae,
1495 2965 1651 2999 Paulum
1687 2965 1875 2999 Hoffaeum

96 3012 352 3056 provincialem
379 3013 593 3048 Germaniae
619 3015 825 3059 superioris,
853 3015 1083 3049 Laurentium
1112 3017 1274 3060 Magium
1300 3018 1559 3062 provincialem
1578 3018 1757 3060 Austriae,
1785 3018 1874 3052 Her-

96 3076 264 3100 mannum
282 3066 487 3111 Thyraeum
515 3070 550 3101 et
569 3069 763 3103 Antonium
783 3068 901 3102 Vinck
925 3069 1167 3113 provinciales
1185 3069 1311 3112 Rheni,
1338 3071 1408 3107 ΡΡ.
1429 3072 1652 3117 Stephanum
1671 3074 1873 3114 Aratorem,
