2044 3335
179 50 262 91 370
694 46 794 80 1694.
823 45 988 79 Canisius
1014 44 1170 78 Martino
1197 44 1419 89 Eisengrein.

178 161 329 199 1694.
417 161 632 197 CANISIUS
661 158 977 196 MARTINO
1006 158 1431 197 EISENGREIN
1458 161 1691 197 ecclesiarum
1718 163 1934 199 cathedralis

365 215 609 261 passaviensis
645 216 680 248 et
715 213 914 257 collegialis
948 213 1157 257 ottinganae
1192 215 1405 259 praeposito,
1442 214 1645 258 theologiae
1681 216 1873 260 professori
1898 217 1935 251 in

364 269 598 302 universitate
624 266 910 310 ingolstadiensi.
1012 266 1177 309 Augusta
1195 266 1461 302 Vindelicorum
1490 268 1522 302 5.
1541 267 1755 303 Novembris
1783 269 1884 304 1569.

293 339 347 373 Ex
374 337 595 382 autographo
624 337 695 379 (2⁰3
723 349 780 382 pp.
800 335 885 379 2¹l43
920 336 955 370 in
981 348 1014 381 p.
1032 336 1055 370 4
1080 336 1239 380 sigillum
1266 340 1302 372 et
1326 338 1522 382 inscriptio,
1559 349 1649 382 quae
1679 340 1800 373 tamen
1825 350 1933 374 manu

174 392 278 435 longe
312 391 508 436 posteriore
542 390 659 435 posita
694 401 772 424 esse
798 389 960 430 videtur;
995 399 1036 422 ea
1071 391 1190 423 autem
1225 389 1301 424 folii
1326 390 1433 425 huius
1459 402 1553 435 pars,
1590 391 1626 425 in
1653 403 1722 435 qua
1748 392 1932 437 inscriptio

173 456 279 479 manu
307 443 439 479 Canisii
465 443 525 478 vel
550 455 657 477 manu
684 443 755 477 alia
781 442 935 486 quidem,
971 442 1047 476 eius
1073 444 1192 476 tamen
1218 444 1390 488 temporis
1415 443 1566 488 aequali,
1593 444 1711 488 posita
1736 447 1823 487 erat,
1855 457 1932 490 per-

172 498 243 532 isse
260 498 418 537 videtur;
438 497 547 542 priori
564 496 647 530 huic
664 495 887 541 inscriptioni
905 495 1099 540 ascriptum
1119 497 1212 530 erat:
1235 496 1310 538 „Ex
1328 496 1532 540 archivo“);
1552 497 1706 541 epistula
1724 500 1932 532 asservatur

171 550 351 585 Monachii
377 551 412 584 in
439 549 585 584 archivo
611 549 712 592 regni
738 548 909 589 bavarici‚
935 547 1111 583 Jesuitica
1136 549 1172 582 in
1190 560 1332 592 genere,
1358 549 1460 584 Fasc.
1481 550 1533 587 13.
1560 550 1613 584 No
1631 550 1711 584 214.
1746 550 1932 595 Epistulae

172 603 416 649 apographum
443 603 586 638 saeculo
604 602 734 637 XVIII.
763 602 936 647 scriptum
957 602 1078 636 exstat
1105 603 1140 635 in
1160 602 1242 636 Cod.
1258 614 1395 637 monac.
1415 602 1513 645 „Lat.
1530 603 1639 638 1606“
1662 603 1686 637 f.
1705 603 1930 639 1052—106a.

170 657 372 702 Epistulam
406 668 519 702 paene
554 656 735 699 integram
771 654 976 699 germanice
1002 654 1114 688 vertit
1140 655 1287 699 Pfleyer,
1325 655 1490 699 Eisengr.
1518 655 1659 691 81—82
1691 655 1752 700 (cf.
1771 656 1817 691 ib.
1838 657 1920 700 161)

170 710 298 745 breves
325 710 401 744 eius
427 720 586 744 summas
611 711 808 754 posuerunt
833 709 934 742 Re’ess
960 707 982 742 l.
1010 719 1039 742 c,
1067 707 1133 742 391
1162 710 1198 742 et
1222 709 1340 752 Duhr,
1368 708 1477 742 Jes.I
1503 709 1558 743 87.

288 782 534 824 Interrogyatus
559 781 807 823 Eisenyrelnio
832 779 966 820 suadet,
992 783 1030 812 ut
1050 780 1172 821 potius
1191 779 1485 822 praeposituram
1515 779 1675 822 Otlinyae
1693 780 1824 813 Veteris
1850 781 1930 814 reti-

171 840 259 877 neat,
287 846 393 878 qnam
418 836 653 877 episcopatum
678 833 892 866 lubucensem
910 833 1091 875 suscipiat,
1118 833 1219 865 euius
1244 833 1515 875 difficultatibus
1538 834 1752 876 superandis
1776 835 1836 866 viz
1858 845 1931 877 par

167 889 223 921 sit.
274 889 370 931 Item,
407 893 442 920 ut
478 888 598 929 officia
634 888 833 927 immimmt,
872 887 1060 919 imminuta
1095 886 1295 928 relz'yiosius
1329 886 1562 920 administret.
1613 887 1706 919 Eum
1741 892 1857 920 tamen
1883 889 1930 920 ad

168 946 302 985 tempus
337 943 373 974 in
410 942 561 974 Stiriam
598 941 649 973 ire
679 950 790 983 posse.
845 939 958 982 Optat,
998 943 1035 971 ut
1065 939 1245 982 Ottinyani
1280 940 1521 981 reformentur
1556 940 1736 983 cultusque
1763 941 1803 973 B.
1822 940 1872 974 M.
1891 941 1929 977 V.

169 996 266 1038 apud
292 1006 347 1028 eos
374 996 604 1027 instauretur.

593 1106 686 1148 Pax
719 1105 877 1148 Christi
909 1105 1031 1147 nobis
1064 1107 1256 1155 aeterna,

811 1170 1054 1212 Admodum
1087 1170 1340 1212 Reuerende
1371 1170 1567 1213 Domine.

284 1243 485 1286 Festinus
526 1241 884 1296 Ingolstadiensis
925 1241 1103 1294 aurigae
1145 1241 1357 1283 discessus
1397 1240 1516 1292 facit,
1560 1243 1608 1284 vt
1649 1256 1725 1295 pro
1765 1242 1926 1296 negotij

167 1309 463 1362 magnitudine
484 1308 747 1362 respondere
770 1307 825 1349 ad
848 1320 899 1349 ea
921 1320 1008 1348 non
1030 1306 1204 1360 possim,
1239 1319 1349 1359 quae
1372 1305 1560 1359 dignitas
1593 1309 1670 1348 tua
1701 1306 1803 1348 mihi
1835 1310 1927 1349 tum

166 1374 408 1427 diligenter,
442 1377 535 1416 tum
567 1375 777 1422 amanter,
817 1375 908 1414 tum
943 1371 1114 1426 copiose
1146 1370 1397 1425 perscripsit
1411 1373 1437 1413 1.
1501 1370 1678 1414 Vtinam
1711 1385 1813 1414 uero
1846 1371 1926 1414 sim

165 1453 259 1493 ego,
294 1439 366 1492 qui
388 1438 548 1492 aliquid
571 1439 640 1480 uel
663 1437 853 1487 consilio,
888 1437 956 1479 uel
978 1436 1133 1478 iudicio
1167 1439 1211 1478 et
1241 1435 1471 1490 prudentia
1493 1439 1719 1490 praestare
1750 1437 1924 1491 possim,

164 1504 352 1547 maxime
384 1504 455 1546 ubi
489 1504 541 1546 de
571 1518 619 1545 re
651 1502 923 1557 grauissima,
958 1505 1002 1544 et
1024 1515 1153 1555 saepe
1185 1515 1212 1543 a
1233 1500 1499 1555 sapientibus
1532 1501 1734 1552 iudicata,
1767 1502 1925 1544 iterum

164 1570 441 1613 deliberatur.
504 1569 666 1610 Verum
709 1568 927 1610 enimuero
970 1567 1139 1620 quando
1181 1566 1243 1609 ita
1284 1566 1478 1620 postulat
1519 1580 1569 1608 ac
1611 1567 1923 1620 quodammodo

162 1635 347 1689 imperat
369 1634 694 1689 Magnificentia
725 1636 815 1683 tua,
850 1646 976 1686 quam
1001 1646 1056 1674 ex
1077 1631 1219 1674 animo
1243 1631 1414 1684 quidem
1439 1634 1483 1674 et
1505 1645 1615 1683 amo,
1650 1635 1694 1674 et
1727 1632 1921 1683 obseruo,

162 1700 351 1742 breuiter
384 1700 437 1742 de
469 1714 637 1742 summa
677 1698 839 1752 negotij
883 1698 1035 1748 dicam,
1079 1711 1189 1750 quae
1229 1699 1328 1751 post
1362 1710 1513 1750 preces
1545 1697 1600 1739 ad
1633 1698 1770 1738 Deum
1803 1698 1923 1739 fusas

162 1778 242 1818 ego
276 1765 447 1818 quidem
478 1764 713 1819 praecipua
745 1764 869 1806 duco.

280 1831 349 1871 Ex
391 1830 554 1872 duobus
595 1829 731 1871 ueluti
772 1828 984 1882 capitibus
1017 1826 1218 1869 iudicium
1259 1826 1508 1880 propositae
1541 1840 1697 1868 causae
1733 1827 1921 1881 pendere

161 1894 313 1946 sentio,
355 1895 539 1949 primum
582 1894 752 1948 quidem
794 1907 849 1935 ex
890 1907 953 1943 eo,
996 1906 1051 1934 an
1093 1906 1119 1934 a
1160 1891 1467 1946 Praepositura
1507 1890 1564 1933 sit
1604 1891 1686 1934 hoc
1726 1894 1920 1946 tempore

159 1960 470 2002 transeundum
493 1960 547 2001 ad
570 1959 761 2002 oblatum
785 1958 1144 2012 Episcopatum2:
1179 1956 1330 1999 deinde
1353 1956 1389 1998 si
1411 1970 1495 1998 non
1518 1956 1575 1999 sit
1596 1958 1919 2008 transeundum,

160 2039 245 2078 qua
275 2025 443 2067 ratione
476 2024 740 2078 suspiciones
773 2026 818 2066 et
840 2022 1179 2065 obtrectationes
1211 2021 1428 2064 hominum
1459 2022 1722 2064 commodius
1752 2023 1920 2076 possint

159 2090 328 2139 euitari,
362 2092 411 2132 ut
443 2090 676 2132 amicorum
710 2092 754 2131 et
785 2088 1026 2130 absentium
1054 2086 1356 2129 beneuolentia
1377 2086 1630 2129 retineatur.
1684 2088 1749 2129 De
1780 2087 1918 2142 primo

158 2155 300 2210 capite
325 2155 386 2196 sic
408 2155 561 2205 iudico,
597 2153 955 2207 quemadmodum
978 2151 1192 2206 sapientia
1214 2154 1290 2194 tua
1312 2165 1359 2193 se
1380 2151 1573 2194 iudicare
1596 2152 1757 2203 scribit,
1791 2166 1918 2207 prae-

158 2220 397 2274 ponderare
419 2219 585 2262 scilicet
606 2219 810 2269 rationes,
835 2232 946 2271 quae
968 2217 1023 2260 ad
1045 2217 1316 2259 retinendam
1339 2219 1383 2259 et
1405 2217 1641 2259 ornandam
1664 2218 1707 2259 in
1728 2218 1918 2260 Bauaria

159 2285 509 2339 praeposituram
541 2284 783 2327 hortantur.
827 2283 919 2333 Qua
952 2283 1003 2325 de
1029 2296 1075 2324 re
1099 2281 1304 2336 Princeps
1325 2282 1533 2324 Albertus
1566 2296 1617 2324 ea
1650 2282 1772 2333 dixit,
1806 2297 1916 2336 quae

156 2364 361 2403 magnum
383 2364 488 2393 sane
510 2352 773 2391 momentum
797 2349 909 2402 apud
932 2348 1152 2402 sapientes
1176 2360 1322 2389 omnes
1345 2347 1497 2389 merito
1520 2347 1720 2398 habeant,
1745 2347 1915 2390 etiamsi

156 2415 344 2457 Bauaria
366 2429 489 2457 suum
511 2413 811 2468 Praepositum
834 2413 1070 2455 minoribus
1092 2412 1310 2465 beneficijs
1332 2411 1411 2453 sibi
1434 2412 1679 2455 deuinctum
1700 2415 1871 2455 teneret
1884 2413 1912 2455 3.

156 2480 249 2533 Ego
282 2494 384 2522 uero
416 2480 527 2522 hanc
549 2493 678 2538 vnam
710 2479 924 2521 rationem
957 2478 1157 2532 adiungo,
1191 2477 1272 2520 etsi
1304 2477 1491 2519 fortasse
1524 2491 1607 2518 non
1640 2477 1835 2519 omnibus
1862 2491 1913 2520 ea

277 2610 286 2628 ¹
312 2609 403 2642 Vide
429 2620 536 2653 supra
562 2620 594 2653 p.
616 2608 695 2642 366.

273 2662 285 2681 2
311 2663 343 2694 A
368 2662 626 2706 praeposituris
644 2661 831 2704 ottingana
852 2659 1064 2704 (Altotting)
1093 2663 1129 2693 et
1154 2658 1379 2705 passaviensi
1399 2658 1567 2701 (Passau)
1597 2659 1640 2692 ad
1667 2659 1911 2704 episcopatum

154 2713 379 2748 labacensem
409 2715 458 2757 (v.
477 2726 585 2759 supra
603 2726 636 2759 p.
656 2714 762 2757 366);
790 2725 834 2748 ex
860 2713 1033 2758 proximis
1060 2715 1179 2747 autem
1206 2712 1381 2757 epistulae
1406 2711 1527 2745 verbis
1553 2711 1744 2755 colligitur,
1770 2711 1910 2756 potissi-

155 2777 249 2800 mum
276 2767 470 2809 significari
496 2769 781 2812 praeposituram
807 2768 1049 2810 ottinganam;
1082 2777 1173 2810 quae
1200 2768 1296 2799 certe
1322 2765 1442 2807 magni
1469 2766 1547 2798 erat
1571 2764 1741 2798 momenti
1767 2767 1911 2809 propter

154 2819 349 2852 sacrarium
375 2820 510 2853 Beatae
536 2820 671 2854 Mariae
689 2819 848 2862 Virginis
874 2819 1041 2854 maximis
1068 2819 1143 2853 eius
1172 2817 1355 2853 beneficiis
1381 2829 1443 2862 per
1469 2816 1698 2851 Germaniam
1724 2818 1910 2852 celeberri-

154 2882 268 2911 mum;
296 2872 539 2915 passaviensis
557 2884 641 2906 vero
667 2872 914 2917 praepositura
941 2874 977 2906 et
994 2872 1097 2917 parvi
1114 2871 1245 2906 laboris
1271 2874 1306 2905 et
1325 2870 1445 2913 exigui
1463 2870 1599 2904 reditus
1618 2870 1729 2904 fuisse
1747 2870 1909 2911 videtur;

154 2923 200 2958 cf.
227 2925 361 2966 Pfleyer
385 2923 408 2957 l.
436 2936 464 2958 c.
492 2926 546 2958 75.

274 2977 286 2995 ³
311 2976 362 3009 De
396 2976 587 3017 beneficiis,
624 2988 714 3021 quae
740 2978 913 3023 imprimis
940 2978 1110 3012 Albertus
1129 2977 1170 3012 V.
1199 2977 1270 3011 dux
1306 2977 1341 3010 in
1376 2976 1663 3020 Eisengreinium
1698 2976 1906 3018 contulerat,

153 3040 186 3063 v.
214 3040 322 3073 supra
347 3040 379 3072 p.
400 3028 595 3063 366—367.
