<?xml version="1.0" encoding="UTF-8"?>
<!DOCTYPE html PUBLIC "-//W3C//DTD XHTML 1.0 Transitional//EN"
    "http://www.w3.org/TR/xhtml1/DTD/xhtml1-transitional.dtd">
<html xmlns="http://www.w3.org/1999/xhtml" xml:lang="en" lang="en">
 <head>
  <title>
</title>
<meta http-equiv="Content-Type" content="text/html;charset=utf-8" />
  <meta name='ocr-system' content='tesseract 3.04.00' />
  <meta name='ocr-capabilities' content='ocr_page ocr_carea ocr_par ocr_line ocrx_word'/>
</head>
<body>
  <div class='ocr_page' id='page_1' title='image "beatipetricanisi06cani_0733.png"; bbox 0 0 2044 3335; ppageno 0'>
   <div class='ocr_carea' id='block_1_1' title="bbox 175 101 1830 149">
    <p class='ocr_par' dir='ltr' id='par_1_1' title="bbox 175 101 1830 149">
     <span class='ocr_line' id='line_1_1' title="bbox 175 101 1830 149; baseline -0.004 -8"><span class='ocrx_word' id='word_1_1' title='bbox 175 107 274 142; x_wconf 89' lang='lat' dir='ltr'>Mon.</span> <span class='ocrx_word' id='word_1_2' title='bbox 304 106 540 141; x_wconf 79' lang='lat'>1008-1009</span> <span class='ocrx_word' id='word_1_3' title='bbox 567 106 645 140; x_wconf 91' lang='lat' dir='ltr'>sive</span> <span class='ocrx_word' id='word_1_4' title='bbox 670 105 741 140; x_wconf 85' lang='lat' dir='ltr'>litt.</span> <span class='ocrx_word' id='word_1_5' title='bbox 763 105 858 149; x_wconf 83' lang='lat'>(3)—</span> <span class='ocrx_word' id='word_1_6' title='bbox 871 105 935 149; x_wconf 88' lang='lat'>(4).</span> <span class='ocrx_word' id='word_1_7' title='bbox 982 104 1071 139; x_wconf 83' lang='lat'>1567</span> <span class='ocrx_word' id='word_1_8' title='bbox 1102 103 1199 149; x_wconf 86' lang='lat' dir='ltr'>(post</span> <span class='ocrx_word' id='word_1_9' title='bbox 1224 115 1270 137; x_wconf 92' lang='lat' dir='ltr'>m.</span> <span class='ocrx_word' id='word_1_10' title='bbox 1289 102 1475 146; x_wconf 77' lang='lat' dir='ltr'>Martium)</span> <span class='ocrx_word' id='word_1_11' title='bbox 1505 121 1549 125; x_wconf 90' lang='lat'>—</span> <span class='ocrx_word' id='word_1_12' title='bbox 1577 101 1678 136; x_wconf 83' lang='lat'>1569.</span> <span class='ocrx_word' id='word_1_13' title='bbox 1747 104 1830 144; x_wconf 83' lang='grc'>659</span> 
     </span>
    </p>
   </div>
   <div class='ocr_carea' id='block_1_2' title="bbox 63 210 1834 580">
    <p class='ocr_par' dir='ltr' id='par_1_2' title="bbox 63 210 1834 580">
     <span class='ocr_line' id='line_1_2' title="bbox 64 210 1832 259; baseline -0.003 -8"><span class='ocrx_word' id='word_1_14' title='bbox 64 228 185 251; x_wconf 89' lang='lat' dir='ltr'>ramus</span> <span class='ocrx_word' id='word_1_15' title='bbox 211 219 247 251; x_wconf 88' lang='lat' dir='ltr'>et</span> <span class='ocrx_word' id='word_1_16' title='bbox 271 227 442 259; x_wconf 83' lang='lat' dir='ltr'>rogamus</span> <span class='ocrx_word' id='word_1_17' title='bbox 460 218 605 250; x_wconf 86' lang='lat' dir='ltr'>sanctos</span> <span class='ocrx_word' id='word_1_18' title='bbox 630 215 733 249; x_wconf 80' lang='lat' dir='ltr'>iuxta</span> <span class='ocrx_word' id='word_1_19' title='bbox 752 217 933 249; x_wconf 68' lang='lat' dir='ltr'>mentema</span> <span class='ocrx_word' id='word_1_20' title='bbox 960 214 1147 254; x_wconf 82' lang='lat' dir='ltr'>ecclesiae,</span> <span class='ocrx_word' id='word_1_21' title='bbox 1174 215 1214 247; x_wconf 90' lang='lat' dir='ltr'>ut</span> <span class='ocrx_word' id='word_1_22' title='bbox 1240 212 1307 257; x_wconf 87' lang='lat' dir='ltr'>ipsi</span> <span class='ocrx_word' id='word_1_23' title='bbox 1333 224 1398 247; x_wconf 90' lang='lat' dir='ltr'>nos</span> <span class='ocrx_word' id='word_1_24' title='bbox 1425 211 1673 246; x_wconf 71' lang='lat' dir='ltr'>commendent</span> <span class='ocrx_word' id='word_1_25' title='bbox 1691 210 1832 245; x_wconf 87' lang='lat' dir='ltr'>Christo</span> 
     </span>
     <span class='ocr_line' id='line_1_3' title="bbox 64 263 1833 313; baseline -0.004 -9"><span class='ocrx_word' id='word_1_26' title='bbox 64 273 100 305; x_wconf 89' lang='lat' dir='ltr'>et</span> <span class='ocrx_word' id='word_1_27' title='bbox 126 281 147 304; x_wconf 86' lang='lat' dir='ltr'>a</span> <span class='ocrx_word' id='word_1_28' title='bbox 172 270 347 304; x_wconf 87' lang='lat' dir='ltr'>Trinitate</span> <span class='ocrx_word' id='word_1_29' title='bbox 374 269 531 312; x_wconf 78' lang='lat' dir='ltr'>gratiam</span> <span class='ocrx_word' id='word_1_30' title='bbox 556 271 591 303; x_wconf 91' lang='lat' dir='ltr'>et</span> <span class='ocrx_word' id='word_1_31' title='bbox 619 268 770 312; x_wconf 86' lang='lat' dir='ltr'>gloriam</span> <span class='ocrx_word' id='word_1_32' title='bbox 808 268 909 302; x_wconf 90' lang='lat' dir='ltr'>nobis</span> <span class='ocrx_word' id='word_1_33' title='bbox 947 267 1164 313; x_wconf 85' lang='lat' dir='ltr'>impetrentb</span> <span class='ocrx_word' id='word_1_34' title='bbox 1190 266 1264 300; x_wconf 87' lang='lat' dir='ltr'>suis</span> <span class='ocrx_word' id='word_1_35' title='bbox 1300 265 1466 310; x_wconf 75' lang='lat' dir='ltr'>precibus</span> <span class='ocrx_word' id='word_1_36' title='bbox 1502 266 1537 299; x_wconf 89' lang='lat' dir='ltr'>et</span> <span class='ocrx_word' id='word_1_37' title='bbox 1563 264 1732 298; x_wconf 71' lang='lat' dir='ltr'>meritis.“</span> <span class='ocrx_word' id='word_1_38' title='bbox 1787 263 1833 297; x_wconf 88' lang='lat' dir='ltr'>Et</span> 
     </span>
     <span class='ocr_line' id='line_1_4' title="bbox 63 317 1831 364; baseline -0.004 -7"><span class='ocrx_word' id='word_1_39' title='bbox 63 323 193 358; x_wconf 84' lang='lat' dir='ltr'>ibidem</span> <span class='ocrx_word' id='word_1_40' title='bbox 212 323 267 357; x_wconf 84' lang='lat'>27.</span> <span class='ocrx_word' id='word_1_41' title='bbox 283 322 405 356; x_wconf 87' lang='lat' dir='ltr'>Martii</span> <span class='ocrx_word' id='word_1_42' title='bbox 425 322 536 357; x_wconf 84' lang='lat'>1569:</span> <span class='ocrx_word' id='word_1_43' title='bbox 567 321 772 364; x_wconf 83' lang='lat' dir='ltr'>„Ecclesia.</span> <span class='ocrx_word' id='word_1_44' title='bbox 791 349 796 354; x_wconf 95' lang='lat'>.</span> <span class='ocrx_word' id='word_1_45' title='bbox 815 348 820 354; x_wconf 95' lang='lat'>.</span> <span class='ocrx_word' id='word_1_46' title='bbox 837 321 944 355; x_wconf 84' lang='lat' dir='ltr'>docet</span> <span class='ocrx_word' id='word_1_47' title='bbox 969 321 1084 354; x_wconf 89' lang='lat' dir='ltr'>iustos</span> <span class='ocrx_word' id='word_1_48' title='bbox 1111 321 1146 353; x_wconf 91' lang='lat' dir='ltr'>et</span> <span class='ocrx_word' id='word_1_49' title='bbox 1165 319 1371 353; x_wconf 87' lang='lat' dir='ltr'>obedientes</span> <span class='ocrx_word' id='word_1_50' title='bbox 1388 318 1491 358; x_wconf 88' lang='lat' dir='ltr'>filios,</span> <span class='ocrx_word' id='word_1_51' title='bbox 1520 318 1553 351; x_wconf 88' lang='lat' dir='ltr'>in</span> <span class='ocrx_word' id='word_1_52' title='bbox 1580 318 1654 351; x_wconf 90' lang='lat' dir='ltr'>suis</span> <span class='ocrx_word' id='word_1_53' title='bbox 1680 317 1831 362; x_wconf 89' lang='lat' dir='ltr'>ieiunijs,</span> 
     </span>
     <span class='ocr_line' id='line_1_5' title="bbox 63 371 1834 420; baseline -0.004 -10"><span class='ocrx_word' id='word_1_54' title='bbox 63 376 282 411; x_wconf 87' lang='lat' dir='ltr'>orationibus</span> <span class='ocrx_word' id='word_1_55' title='bbox 301 377 338 410; x_wconf 89' lang='lat' dir='ltr'>et</span> <span class='ocrx_word' id='word_1_56' title='bbox 354 376 521 420; x_wconf 84' lang='lat' dir='ltr'>operibus</span> <span class='ocrx_word' id='word_1_57' title='bbox 538 375 640 409; x_wconf 89' lang='lat' dir='ltr'>bonis</span> <span class='ocrx_word' id='word_1_58' title='bbox 657 374 765 409; x_wconf 87' lang='lat' dir='ltr'>factis</span> <span class='ocrx_word' id='word_1_59' title='bbox 789 373 847 408; x_wconf 91' lang='lat' dir='ltr'>uel</span> <span class='ocrx_word' id='word_1_60' title='bbox 873 373 1047 408; x_wconf 85' lang='lat' dir='ltr'>faciendis</span> <span class='ocrx_word' id='word_1_61' title='bbox 1064 384 1134 407; x_wconf 88' lang='lat' dir='ltr'>non</span> <span class='ocrx_word' id='word_1_62' title='bbox 1152 372 1272 413; x_wconf 84' lang='lat' dir='ltr'>fidere,</span> <span class='ocrx_word' id='word_1_63' title='bbox 1299 371 1360 405; x_wconf 88' lang='lat' dir='ltr'>sed</span> <span class='ocrx_word' id='word_1_64' title='bbox 1388 371 1594 414; x_wconf 79' lang='lat' dir='ltr'>gloriari</span> <span class='ocrx_word' id='word_1_65' title='bbox 1622 371 1666 404; x_wconf 92' lang='lat' dir='ltr'>in</span> <span class='ocrx_word' id='word_1_66' title='bbox 1693 382 1834 405; x_wconf 87' lang='lat' dir='ltr'>cruce</span> 
     </span>
     <span class='ocr_line' id='line_1_6' title="bbox 65 424 1833 473; baseline -0.003 -10"><span class='ocrx_word' id='word_1_67' title='bbox 65 429 283 470; x_wconf 89' lang='lat' dir='ltr'>Christi¹‚</span> <span class='ocrx_word' id='word_1_68' title='bbox 309 431 350 462; x_wconf 89' lang='lat' dir='ltr'>ut</span> <span class='ocrx_word' id='word_1_69' title='bbox 375 429 492 463; x_wconf 87' lang='lat' dir='ltr'>sciant</span> <span class='ocrx_word' id='word_1_70' title='bbox 516 427 654 462; x_wconf 89' lang='lat' dir='ltr'>nullum</span> <span class='ocrx_word' id='word_1_71' title='bbox 681 439 769 473; x_wconf 89' lang='lat' dir='ltr'>opus</span> <span class='ocrx_word' id='word_1_72' title='bbox 796 427 871 461; x_wconf 90' lang='lat' dir='ltr'>Deo</span> <span class='ocrx_word' id='word_1_73' title='bbox 897 428 1052 470; x_wconf 83' lang='lat' dir='ltr'>gratum.</span> <span class='ocrx_word' id='word_1_74' title='bbox 1084 425 1143 459; x_wconf 92' lang='lat' dir='ltr'>vel</span> <span class='ocrx_word' id='word_1_75' title='bbox 1169 424 1304 459; x_wconf 90' lang='lat' dir='ltr'>homini</span> <span class='ocrx_word' id='word_1_76' title='bbox 1339 424 1577 465; x_wconf 83' lang='lat' dir='ltr'>salutiferum,</span> <span class='ocrx_word' id='word_1_77' title='bbox 1612 424 1681 458; x_wconf 86' lang='lat' dir='ltr'>nisi</span> <span class='ocrx_word' id='word_1_78' title='bbox 1707 424 1756 458; x_wconf 86' lang='lat' dir='ltr'>sit</span> <span class='ocrx_word' id='word_1_79' title='bbox 1781 435 1833 458; x_wconf 91' lang='lat' dir='ltr'>re-</span> 
     </span>
     <span class='ocr_line' id='line_1_7' title="bbox 63 477 1834 528; baseline -0.004 -11"><span class='ocrx_word' id='word_1_80' title='bbox 63 494 226 528; x_wconf 85' lang='lat' dir='ltr'>spersum</span> <span class='ocrx_word' id='word_1_81' title='bbox 253 481 384 516; x_wconf 77' lang='lat' dir='ltr'>Christi</span> <span class='ocrx_word' id='word_1_82' title='bbox 411 481 586 525; x_wconf 86' lang='lat' dir='ltr'>sanguine</span> <span class='ocrx_word' id='word_1_83' title='bbox 612 483 648 515; x_wconf 88' lang='lat' dir='ltr'>et</span> <span class='ocrx_word' id='word_1_84' title='bbox 673 481 862 515; x_wconf 88' lang='lat' dir='ltr'>fundatum</span> <span class='ocrx_word' id='word_1_85' title='bbox 883 481 924 513; x_wconf 70' lang='lat' dir='ltr'>&#39;in</span> <span class='ocrx_word' id='word_1_86' title='bbox 951 479 1117 524; x_wconf 81' lang='lat' dir='ltr'>passione</span> <span class='ocrx_word' id='word_1_87' title='bbox 1145 478 1299 512; x_wconf 81' lang='lat' dir='ltr'>Christi“</span> <span class='ocrx_word' id='word_1_88' title='bbox 1331 477 1391 521; x_wconf 85' lang='lat' dir='ltr'>(ex</span> <span class='ocrx_word' id='word_1_89' title='bbox 1427 477 1631 511; x_wconf 88' lang='lat' dir='ltr'>contionum</span> <span class='ocrx_word' id='word_1_90' title='bbox 1658 488 1834 511; x_wconf 87' lang='lat' dir='ltr'>commen-</span> 
     </span>
     <span class='ocr_line' id='line_1_8' title="bbox 63 531 1209 580; baseline -0.004 -10"><span class='ocrx_word' id='word_1_91' title='bbox 63 536 177 577; x_wconf 89' lang='lat' dir='ltr'>tariis,</span> <span class='ocrx_word' id='word_1_92' title='bbox 204 536 247 570; x_wconf 90' lang='lat' dir='ltr'>ab</span> <span class='ocrx_word' id='word_1_93' title='bbox 273 535 351 580; x_wconf 90' lang='lat' dir='ltr'>ipso</span> <span class='ocrx_word' id='word_1_94' title='bbox 378 534 521 569; x_wconf 83' lang='lat' dir='ltr'>Canisio</span> <span class='ocrx_word' id='word_1_95' title='bbox 547 534 759 578; x_wconf 87' lang='lat' dir='ltr'>recognitis;</span> <span class='ocrx_word' id='word_1_96' title='bbox 788 533 872 567; x_wconf 89' lang='lat' dir='ltr'>Can.</span> <span class='ocrx_word' id='word_1_97' title='bbox 892 533 934 567; x_wconf 86' lang='lat'>31</span> <span class='ocrx_word' id='word_1_98' title='bbox 964 533 988 567; x_wconf 86' lang='lat' dir='ltr'>f.</span> <span class='ocrx_word' id='word_1_99' title='bbox 1009 532 1070 566; x_wconf 75' lang='lat' dir='ltr'>83a</span> <span class='ocrx_word' id='word_1_100' title='bbox 1098 531 1209 574; x_wconf 65' lang='lat'>127³).</span> 
     </span>
    </p>
   </div>
   <div class='ocr_carea' id='block_1_3' title="bbox 65 651 1115 701">
    <p class='ocr_par' dir='ltr' id='par_1_3' title="bbox 65 651 1115 701">
     <span class='ocr_line' id='line_1_9' title="bbox 65 651 1115 701; baseline -0.002 -11"><span class='ocrx_word' id='word_1_101' title='bbox 65 655 206 692; x_wconf 85' lang='lat'>1008</span> <span class='ocrx_word' id='word_1_102' title='bbox 234 657 312 692; x_wconf 81' lang='lat' dir='ltr'>sive</span> <span class='ocrx_word' id='word_1_103' title='bbox 338 655 448 692; x_wconf 80' lang='lat' dir='ltr'>litt.</span> <span class='ocrx_word' id='word_1_104' title='bbox 470 655 571 701; x_wconf 83' lang='lat'><strong>(3).</strong></span> <span class='ocrx_word' id='word_1_105' title='bbox 613 654 696 691; x_wconf 83' lang='lat'>1567</span> <span class='ocrx_word' id='word_1_106' title='bbox 722 654 821 701; x_wconf 84' lang='lat' dir='ltr'>(post</span> <span class='ocrx_word' id='word_1_107' title='bbox 848 664 895 689; x_wconf 87' lang='lat' dir='ltr'>m.</span> <span class='ocrx_word' id='word_1_108' title='bbox 914 651 1115 698; x_wconf 86' lang='lat' dir='ltr'>Martium).</span> 
     </span>
    </p>
   </div>
   <div class='ocr_carea' id='block_1_4' title="bbox 61 711 1838 2371">
    <p class='ocr_par' dir='ltr' id='par_1_4' title="bbox 64 711 1834 804">
     <span class='ocr_line' id='line_1_10' title="bbox 183 711 1834 760; baseline -0.002 -10"><span class='ocrx_word' id='word_1_109' title='bbox 183 717 384 760; x_wconf 74' lang='lat' dir='ltr'>Stephanus</span> <span class='ocrx_word' id='word_1_110' title='bbox 409 717 451 749; x_wconf 73' lang='lat' dir='ltr'>(Ie</span> <span class='ocrx_word' id='word_1_111' title='bbox 476 717 652 757; x_wconf 57' lang='lat' dir='ltr'>Malam-ot,</span> <span class='ocrx_word' id='word_1_112' title='bbox 679 717 833 758; x_wconf 68' lang='lat' dir='ltr'>exemplo</span> <span class='ocrx_word' id='word_1_113' title='bbox 859 726 880 747; x_wconf 84' lang='grc' dir='ltr'><em>α</em></span> <span class='ocrx_word' id='word_1_114' title='bbox 910 714 1051 747; x_wconf 73' lang='lat' dir='ltr'>Canisc&#39;i</span> <span class='ocrx_word' id='word_1_115' title='bbox 1078 711 1273 758; x_wconf 59' lang='lat' dir='ltr'>„Summff</span> <span class='ocrx_word' id='word_1_116' title='bbox 1304 716 1452 756; x_wconf 73' lang='lat' dir='ltr'>sumpto,</span> <span class='ocrx_word' id='word_1_117' title='bbox 1486 712 1729 746; x_wconf 75' lang='lat' dir='ltr'>catechismum</span> <span class='ocrx_word' id='word_1_118' title='bbox 1765 714 1834 746; x_wconf 77' lang='lat' dir='ltr'>cal-</span> 
     </span>
     <span class='ocr_line' id='line_1_11' title="bbox 64 769 985 804; baseline -0.002 -1"><span class='ocrx_word' id='word_1_119' title='bbox 64 771 246 804; x_wconf 64' lang='lat' dir='ltr'>sc&#39;m&#39;amcm</span> <span class='ocrx_word' id='word_1_120' title='bbox 273 772 442 803; x_wconf 70' lang='lat' dir='ltr'>adversus</span> <span class='ocrx_word' id='word_1_121' title='bbox 466 770 652 804; x_wconf 74' lang='lat' dir='ltr'>Societatis</span> <span class='ocrx_word' id='word_1_122' title='bbox 678 769 879 802; x_wconf 74' lang='lat' dir='ltr'>catechesim</span> <span class='ocrx_word' id='word_1_123' title='bbox 906 769 985 801; x_wconf 69' lang='lat' dir='ltr'>edit.</span> 
     </span>
    </p>

    <p class='ocr_par' dir='ltr' id='par_1_5' title="bbox 61 824 1838 2100">
     <span class='ocr_line' id='line_1_12' title="bbox 187 824 1837 871; baseline -0.003 -8"><span class='ocrx_word' id='word_1_124' title='bbox 187 829 299 871; x_wconf 88' lang='lat' dir='ltr'>„Iuris</span> <span class='ocrx_word' id='word_1_125' title='bbox 317 828 439 862; x_wconf 86' lang='lat' dir='ltr'>Divini</span> <span class='ocrx_word' id='word_1_126' title='bbox 466 839 507 862; x_wconf 85' lang='lat' dir='ltr'>ac</span> <span class='ocrx_word' id='word_1_127' title='bbox 526 839 634 861; x_wconf 86' lang='lat' dir='ltr'>verae</span> <span class='ocrx_word' id='word_1_128' title='bbox 652 827 880 871; x_wconf 85' lang='lat' dir='ltr'>Theologiae,</span> <span class='ocrx_word' id='word_1_129' title='bbox 909 826 1085 860; x_wconf 87' lang='lat' dir='ltr'>adversus</span> <span class='ocrx_word' id='word_1_130' title='bbox 1111 825 1327 859; x_wconf 86' lang='lat' dir='ltr'>Iesuitarum</span> <span class='ocrx_word' id='word_1_131' title='bbox 1345 825 1558 869; x_wconf 87' lang='lat' dir='ltr'>personatae</span> <span class='ocrx_word' id='word_1_132' title='bbox 1579 835 1620 858; x_wconf 88' lang='lat' dir='ltr'>ac</span> <span class='ocrx_word' id='word_1_133' title='bbox 1646 824 1837 859; x_wconf 78' lang='lat' dir='ltr'>simulatae</span> 
     </span>
     <span class='ocr_line' id='line_1_13' title="bbox 62 877 1835 925; baseline -0.003 -9"><span class='ocrx_word' id='word_1_134' title='bbox 62 881 245 925; x_wconf 74' lang='lat' dir='ltr'>religionis</span> <span class='ocrx_word' id='word_1_135' title='bbox 265 881 489 916; x_wconf 85' lang='lat' dir='ltr'>Catechesim</span> <span class='ocrx_word' id='word_1_136' title='bbox 517 884 553 915; x_wconf 88' lang='lat' dir='ltr'>et</span> <span class='ocrx_word' id='word_1_137' title='bbox 578 883 725 922; x_wconf 88' lang='lat' dir='ltr'>sectam,</span> <span class='ocrx_word' id='word_1_138' title='bbox 752 883 788 914; x_wconf 91' lang='lat' dir='ltr'>et</span> <span class='ocrx_word' id='word_1_139' title='bbox 813 892 927 925; x_wconf 92' lang='lat' dir='ltr'>nuper</span> <span class='ocrx_word' id='word_1_140' title='bbox 953 880 988 913; x_wconf 91' lang='lat' dir='ltr'>in</span> <span class='ocrx_word' id='word_1_141' title='bbox 1012 878 1131 913; x_wconf 81' lang='lat' dir='ltr'>Gallia</span> <span class='ocrx_word' id='word_1_142' title='bbox 1158 880 1193 912; x_wconf 88' lang='lat' dir='ltr'>et</span> <span class='ocrx_word' id='word_1_143' title='bbox 1219 877 1405 923; x_wconf 84' lang='lat' dir='ltr'>Hispania,</span> <span class='ocrx_word' id='word_1_144' title='bbox 1433 889 1512 912; x_wconf 89' lang='lat' dir='ltr'>cum</span> <span class='ocrx_word' id='word_1_145' title='bbox 1541 877 1697 911; x_wconf 85' lang='lat' dir='ltr'>maximo</span> <span class='ocrx_word' id='word_1_146' title='bbox 1723 878 1835 912; x_wconf 86' lang='lat' dir='ltr'>totius</span> 
     </span>
     <span class='ocr_line' id='line_1_14' title="bbox 62 931 1836 978; baseline -0.003 -8"><span class='ocrx_word' id='word_1_147' title='bbox 62 936 246 970; x_wconf 83' lang='lat' dir='ltr'>Ecclesiae</span> <span class='ocrx_word' id='word_1_148' title='bbox 273 935 501 970; x_wconf 86' lang='lat' dir='ltr'>Christianae</span> <span class='ocrx_word' id='word_1_149' title='bbox 537 934 752 968; x_wconf 86' lang='lat' dir='ltr'>detrimento</span> <span class='ocrx_word' id='word_1_150' title='bbox 784 945 947 978; x_wconf 83' lang='lat' dir='ltr'>sparsam</span> <span class='ocrx_word' id='word_1_151' title='bbox 981 933 1201 967; x_wconf 83' lang='lat' dir='ltr'>doctrinam:</span> <span class='ocrx_word' id='word_1_152' title='bbox 1237 943 1422 966; x_wconf 83' lang='lat' dir='ltr'>sacrarum</span> <span class='ocrx_word' id='word_1_153' title='bbox 1457 931 1643 965; x_wconf 90' lang='lat' dir='ltr'>literarum</span> <span class='ocrx_word' id='word_1_154' title='bbox 1679 931 1836 965; x_wconf 86' lang='lat' dir='ltr'>authori-</span> 
     </span>
     <span class='ocr_line' id='line_1_15' title="bbox 61 984 1835 1031; baseline -0.002 -10"><span class='ocrx_word' id='word_1_155' title='bbox 61 989 208 1030; x_wconf 77' lang='lat' dir='ltr'>tatibus,</span> <span class='ocrx_word' id='word_1_156' title='bbox 235 989 418 1023; x_wconf 88' lang='lat' dir='ltr'>doctorum</span> <span class='ocrx_word' id='word_1_157' title='bbox 444 987 630 1022; x_wconf 82' lang='lat' dir='ltr'>Ecclesiae</span> <span class='ocrx_word' id='word_1_158' title='bbox 656 987 857 1027; x_wconf 83' lang='lat' dir='ltr'>sententiis,</span> <span class='ocrx_word' id='word_1_159' title='bbox 884 986 1108 1031; x_wconf 86' lang='lat' dir='ltr'>Synodorum</span> <span class='ocrx_word' id='word_1_160' title='bbox 1135 986 1294 1025; x_wconf 84' lang='lat' dir='ltr'>statutis,</span> <span class='ocrx_word' id='word_1_161' title='bbox 1322 987 1358 1019; x_wconf 86' lang='lat' dir='ltr'>et</span> <span class='ocrx_word' id='word_1_162' title='bbox 1384 985 1475 1018; x_wconf 88' lang='lat' dir='ltr'>Iuris</span> <span class='ocrx_word' id='word_1_163' title='bbox 1510 984 1628 1018; x_wconf 86' lang='lat' dir='ltr'>ciuilis</span> <span class='ocrx_word' id='word_1_164' title='bbox 1654 987 1687 1018; x_wconf 93' lang='lat' dir='ltr'>et</span> <span class='ocrx_word' id='word_1_165' title='bbox 1715 985 1835 1018; x_wconf 82' lang='lat' dir='ltr'>Ponti-</span> 
     </span>
     <span class='ocr_line' id='line_1_16' title="bbox 62 1037 1836 1087; baseline -0.003 -11"><span class='ocrx_word' id='word_1_166' title='bbox 62 1041 134 1087; x_wconf 88' lang='lat' dir='ltr'>ficij</span> <span class='ocrx_word' id='word_1_167' title='bbox 161 1042 309 1085; x_wconf 85' lang='lat' dir='ltr'>regulis,</span> <span class='ocrx_word' id='word_1_168' title='bbox 335 1041 441 1087; x_wconf 88' lang='lat' dir='ltr'>plena</span> <span class='ocrx_word' id='word_1_169' title='bbox 468 1053 510 1075; x_wconf 88' lang='lat' dir='ltr'>ac</span> <span class='ocrx_word' id='word_1_170' title='bbox 535 1041 686 1082; x_wconf 87' lang='lat' dir='ltr'>referta,</span> <span class='ocrx_word' id='word_1_171' title='bbox 722 1053 743 1074; x_wconf 90' lang='lat' dir='ltr'>a</span> <span class='ocrx_word' id='word_1_172' title='bbox 770 1040 952 1085; x_wconf 85' lang='lat' dir='ltr'>Stephano</span> <span class='ocrx_word' id='word_1_173' title='bbox 988 1040 1031 1073; x_wconf 92' lang='lat' dir='ltr'>de</span> <span class='ocrx_word' id='word_1_174' title='bbox 1057 1039 1234 1073; x_wconf 85' lang='lat' dir='ltr'>Malescot</span> <span class='ocrx_word' id='word_1_175' title='bbox 1262 1038 1516 1072; x_wconf 84' lang='lat' dir='ltr'>Belarbonensi</span> <span class='ocrx_word' id='word_1_176' title='bbox 1544 1037 1836 1082; x_wconf 87' lang='lat' dir='ltr'>Theophilologo,</span> 
     </span>
     <span class='ocr_line' id='line_1_17' title="bbox 62 1091 1837 1137; baseline -0.002 -8"><span class='ocrx_word' id='word_1_177' title='bbox 62 1095 203 1129; x_wconf 90' lang='lat' dir='ltr'>nomine</span> <span class='ocrx_word' id='word_1_178' title='bbox 237 1107 346 1129; x_wconf 88' lang='lat' dir='ltr'>verae</span> <span class='ocrx_word' id='word_1_179' title='bbox 381 1094 566 1137; x_wconf 83' lang='lat' dir='ltr'>religionis</span> <span class='ocrx_word' id='word_1_180' title='bbox 601 1094 758 1128; x_wconf 89' lang='lat' dir='ltr'>omnium</span> <span class='ocrx_word' id='word_1_181' title='bbox 793 1105 977 1128; x_wconf 83' lang='lat' dir='ltr'>sacrarum</span> <span class='ocrx_word' id='word_1_182' title='bbox 1010 1093 1207 1133; x_wconf 85' lang='lat' dir='ltr'>literarum,</span> <span class='ocrx_word' id='word_1_183' title='bbox 1242 1092 1426 1136; x_wconf 85' lang='lat' dir='ltr'>totiusque</span> <span class='ocrx_word' id='word_1_184' title='bbox 1462 1091 1679 1135; x_wconf 83' lang='lat' dir='ltr'>Theologiae</span> <span class='ocrx_word' id='word_1_185' title='bbox 1714 1095 1837 1136; x_wconf 85' lang='lat' dir='ltr'>partes</span> 
     </span>
     <span class='ocr_line' id='line_1_18' title="bbox 62 1145 1832 1193; baseline -0.001 -11"><span class='ocrx_word' id='word_1_186' title='bbox 62 1148 187 1193; x_wconf 87' lang='lat' dir='ltr'>paucis</span> <span class='ocrx_word' id='word_1_187' title='bbox 225 1149 412 1183; x_wconf 90' lang='lat' dir='ltr'>continens</span> <span class='ocrx_word' id='word_1_188' title='bbox 452 1148 548 1182; x_wconf 84' lang='lat' dir='ltr'>edita</span> <span class='ocrx_word' id='word_1_189' title='bbox 587 1147 807 1182; x_wconf 88' lang='lat' dir='ltr'>Catechesis.</span> <span class='ocrx_word' id='word_1_190' title='bbox 868 1146 1036 1187; x_wconf 88' lang='lat' dir='ltr'>Parisiis,</span> <span class='ocrx_word' id='word_1_191' title='bbox 1076 1146 1182 1191; x_wconf 87' lang='lat' dir='ltr'>Apud</span> <span class='ocrx_word' id='word_1_192' title='bbox 1219 1145 1431 1190; x_wconf 87' lang='lat' dir='ltr'>Dionysium</span> <span class='ocrx_word' id='word_1_193' title='bbox 1470 1145 1666 1179; x_wconf 78' lang='lat' dir='ltr'>valesium.</span> <span class='ocrx_word' id='word_1_194' title='bbox 1709 1145 1832 1180; x_wconf 73' lang='grc' dir='ltr'>1567.’ι</span> 
     </span>
     <span class='ocr_line' id='line_1_19' title="bbox 62 1198 1836 1247; baseline -0.002 -11"><span class='ocrx_word' id='word_1_195' title='bbox 62 1203 100 1236; x_wconf 69' lang='grc' dir='ltr'>ὅθ</span> <span class='ocrx_word' id='word_1_196' title='bbox 125 1202 228 1244; x_wconf 90' lang='lat' dir='ltr'>min.;</span> <span class='ocrx_word' id='word_1_197' title='bbox 256 1214 314 1247; x_wconf 90' lang='lat' dir='ltr'>pp.</span> <span class='ocrx_word' id='word_1_198' title='bbox 341 1202 433 1244; x_wconf 87' lang='lat' dir='ltr'>sign.</span> <span class='ocrx_word' id='word_1_199' title='bbox 460 1202 548 1242; x_wconf 79' lang='lat'>211;</span> <span class='ocrx_word' id='word_1_200' title='bbox 576 1203 764 1245; x_wconf 86' lang='lat' dir='ltr'>praeterea</span> <span class='ocrx_word' id='word_1_201' title='bbox 790 1201 826 1234; x_wconf 90' lang='lat' dir='ltr'>in</span> <span class='ocrx_word' id='word_1_202' title='bbox 852 1200 953 1234; x_wconf 86' lang='lat' dir='ltr'>initio</span> <span class='ocrx_word' id='word_1_203' title='bbox 980 1200 1000 1234; x_wconf 84' lang='lat'>8</span> <span class='ocrx_word' id='word_1_204' title='bbox 1028 1202 1062 1233; x_wconf 87' lang='lat' dir='ltr'>et</span> <span class='ocrx_word' id='word_1_205' title='bbox 1088 1199 1125 1233; x_wconf 91' lang='lat' dir='ltr'>in</span> <span class='ocrx_word' id='word_1_206' title='bbox 1152 1199 1221 1233; x_wconf 89' lang='lat' dir='ltr'>fine</span> <span class='ocrx_word' id='word_1_207' title='bbox 1248 1200 1268 1231; x_wconf 79' lang='lat'>2</span> <span class='ocrx_word' id='word_1_208' title='bbox 1295 1199 1330 1232; x_wconf 84' lang='lat' dir='ltr'>ff.</span> <span class='ocrx_word' id='word_1_209' title='bbox 1358 1210 1428 1232; x_wconf 90' lang='lat' dir='ltr'>non</span> <span class='ocrx_word' id='word_1_210' title='bbox 1455 1198 1568 1242; x_wconf 81' lang='lat' dir='ltr'>sign.;</span> <span class='ocrx_word' id='word_1_211' title='bbox 1597 1210 1676 1232; x_wconf 92' lang='lat' dir='ltr'>cum</span> <span class='ocrx_word' id='word_1_212' title='bbox 1703 1199 1836 1233; x_wconf 89' lang='lat' dir='ltr'>litteris</span> 
     </span>
     <span class='ocr_line' id='line_1_20' title="bbox 62 1251 1836 1298; baseline -0.002 -9"><span class='ocrx_word' id='word_1_213' title='bbox 62 1255 290 1289; x_wconf 89' lang='lat' dir='ltr'>dedicatoriis</span> <span class='ocrx_word' id='word_1_214' title='bbox 315 1267 336 1289; x_wconf 85' lang='lat' dir='ltr'>a</span> <span class='ocrx_word' id='word_1_215' title='bbox 361 1254 559 1289; x_wconf 84' lang='lat' dir='ltr'>Malescoto</span> <span class='ocrx_word' id='word_1_216' title='bbox 585 1254 736 1288; x_wconf 89' lang='lat' dir='ltr'>Parisiis</span> <span class='ocrx_word' id='word_1_217' title='bbox 765 1254 818 1288; x_wconf 83' lang='lat'>13.</span> <span class='ocrx_word' id='word_1_218' title='bbox 838 1253 974 1298; x_wconf 88' lang='lat' dir='ltr'>Aprilis</span> <span class='ocrx_word' id='word_1_219' title='bbox 994 1253 1083 1287; x_wconf 84' lang='lat'>1567</span> <span class='ocrx_word' id='word_1_220' title='bbox 1111 1252 1206 1286; x_wconf 89' lang='lat' dir='ltr'>datis</span> <span class='ocrx_word' id='word_1_221' title='bbox 1236 1252 1434 1294; x_wconf 84' lang='lat' dir='ltr'>„Piissimis</span> <span class='ocrx_word' id='word_1_222' title='bbox 1454 1251 1631 1286; x_wconf 87' lang='lat' dir='ltr'>Heroibus</span> <span class='ocrx_word' id='word_1_223' title='bbox 1656 1252 1836 1286; x_wconf 86' lang='lat' dir='ltr'>Friderico</span> 
     </span>
     <span class='ocr_line' id='line_1_21' title="bbox 64 1305 1836 1352; baseline -0.002 -9"><span class='ocrx_word' id='word_1_224' title='bbox 64 1308 194 1343; x_wconf 88' lang='lat' dir='ltr'>Comiti</span> <span class='ocrx_word' id='word_1_225' title='bbox 220 1308 385 1343; x_wconf 87' lang='lat' dir='ltr'>Palatino</span> <span class='ocrx_word' id='word_1_226' title='bbox 412 1308 510 1342; x_wconf 84' lang='lat' dir='ltr'>Sacri</span> <span class='ocrx_word' id='word_1_227' title='bbox 538 1307 683 1352; x_wconf 85' lang='lat' dir='ltr'>Imperij</span> <span class='ocrx_word' id='word_1_228' title='bbox 704 1307 895 1348; x_wconf 77' lang='lat' dir='ltr'>Electori2‚</span> <span class='ocrx_word' id='word_1_229' title='bbox 923 1308 958 1340; x_wconf 87' lang='lat' dir='ltr'>et</span> <span class='ocrx_word' id='word_1_230' title='bbox 983 1306 1164 1340; x_wconf 87' lang='lat' dir='ltr'>Ludouico</span> <span class='ocrx_word' id='word_1_231' title='bbox 1191 1306 1234 1339; x_wconf 90' lang='lat' dir='ltr'>de</span> <span class='ocrx_word' id='word_1_232' title='bbox 1254 1305 1430 1343; x_wconf 87' lang='lat' dir='ltr'>Bourbon‚</span> <span class='ocrx_word' id='word_1_233' title='bbox 1458 1305 1615 1349; x_wconf 87' lang='lat' dir='ltr'>Principi</span> <span class='ocrx_word' id='word_1_234' title='bbox 1636 1305 1836 1345; x_wconf 76' lang='lat' dir='ltr'>Condano3,</span> 
     </span>
     <span class='ocr_line' id='line_1_22' title="bbox 63 1357 1836 1400; baseline -0.002 -5"><span class='ocrx_word' id='word_1_235' title='bbox 63 1364 99 1396; x_wconf 87' lang='lat' dir='ltr'>et</span> <span class='ocrx_word' id='word_1_236' title='bbox 133 1362 255 1396; x_wconf 89' lang='lat' dir='ltr'>Ioanni</span> <span class='ocrx_word' id='word_1_237' title='bbox 291 1362 333 1396; x_wconf 87' lang='lat' dir='ltr'>de</span> <span class='ocrx_word' id='word_1_238' title='bbox 368 1361 549 1395; x_wconf 85' lang='lat' dir='ltr'>Ferrieres</span> <span class='ocrx_word' id='word_1_239' title='bbox 576 1361 791 1396; x_wconf 86' lang='lat' dir='ltr'>Carnutensi</span> <span class='ocrx_word' id='word_1_240' title='bbox 829 1360 906 1394; x_wconf 89' lang='lat' dir='ltr'>vice</span> <span class='ocrx_word' id='word_1_241' title='bbox 933 1360 1119 1394; x_wconf 65' lang='lat' dir='ltr'>Domino‘2.</span> <span class='ocrx_word' id='word_1_242' title='bbox 1171 1358 1379 1393; x_wconf 87' lang='lat' dir='ltr'>Catechesis</span> <span class='ocrx_word' id='word_1_243' title='bbox 1415 1357 1521 1392; x_wconf 88' lang='lat' dir='ltr'>huius</span> <span class='ocrx_word' id='word_1_244' title='bbox 1555 1361 1681 1392; x_wconf 81' lang='lat' dir='ltr'>auctor</span> <span class='ocrx_word' id='word_1_245' title='bbox 1716 1359 1836 1400; x_wconf 82' lang='lat' dir='ltr'>„Sum-</span> 
     </span>
     <span class='ocr_line' id='line_1_23' title="bbox 62 1411 1837 1458; baseline -0.002 -9"><span class='ocrx_word' id='word_1_246' title='bbox 62 1416 178 1449; x_wconf 82' lang='lat' dir='ltr'>mam“</span> <span class='ocrx_word' id='word_1_247' title='bbox 221 1415 439 1450; x_wconf 90' lang='lat' dir='ltr'>canisianam</span> <span class='ocrx_word' id='word_1_248' title='bbox 478 1415 711 1458; x_wconf 86' lang='lat' dir='ltr'>(quamquam</span> <span class='ocrx_word' id='word_1_249' title='bbox 750 1414 933 1448; x_wconf 87' lang='lat' dir='ltr'>Canisium</span> <span class='ocrx_word' id='word_1_250' title='bbox 972 1413 1183 1446; x_wconf 88' lang='lat' dir='ltr'>nominatim</span> <span class='ocrx_word' id='word_1_251' title='bbox 1222 1424 1291 1445; x_wconf 91' lang='lat' dir='ltr'>non</span> <span class='ocrx_word' id='word_1_252' title='bbox 1329 1411 1520 1454; x_wconf 88' lang='lat' dir='ltr'>memorat)</span> <span class='ocrx_word' id='word_1_253' title='bbox 1557 1411 1719 1446; x_wconf 85' lang='lat' dir='ltr'>imitatus</span> <span class='ocrx_word' id='word_1_254' title='bbox 1757 1423 1837 1446; x_wconf 88' lang='lat' dir='ltr'>esse</span> 
     </span>
     <span class='ocr_line' id='line_1_24' title="bbox 63 1465 1836 1512; baseline -0.003 -9"><span class='ocrx_word' id='word_1_255' title='bbox 63 1469 224 1509; x_wconf 86' lang='lat' dir='ltr'>videtur;</span> <span class='ocrx_word' id='word_1_256' title='bbox 253 1469 330 1503; x_wconf 87' lang='lat' dir='ltr'>eius</span> <span class='ocrx_word' id='word_1_257' title='bbox 356 1468 449 1502; x_wconf 86' lang='lat' dir='ltr'>enim</span> <span class='ocrx_word' id='word_1_258' title='bbox 476 1468 567 1503; x_wconf 90' lang='lat' dir='ltr'>liber</span> <span class='ocrx_word' id='word_1_259' title='bbox 592 1468 864 1512; x_wconf 86' lang='lat' dir='ltr'>quaestionibus</span> <span class='ocrx_word' id='word_1_260' title='bbox 891 1469 927 1500; x_wconf 87' lang='lat' dir='ltr'>et</span> <span class='ocrx_word' id='word_1_261' title='bbox 952 1466 1246 1511; x_wconf 85' lang='lat' dir='ltr'>responsionibus</span> <span class='ocrx_word' id='word_1_262' title='bbox 1272 1468 1424 1506; x_wconf 86' lang='lat' dir='ltr'>constat,</span> <span class='ocrx_word' id='word_1_263' title='bbox 1457 1465 1585 1509; x_wconf 87' lang='lat' dir='ltr'>quibus</span> <span class='ocrx_word' id='word_1_264' title='bbox 1611 1465 1645 1498; x_wconf 89' lang='lat' dir='ltr'>in</span> <span class='ocrx_word' id='word_1_265' title='bbox 1674 1465 1836 1508; x_wconf 85' lang='lat' dir='ltr'>margine</span> 
     </span>
     <span class='ocr_line' id='line_1_25' title="bbox 63 1518 1835 1566; baseline -0.002 -10"><span class='ocrx_word' id='word_1_266' title='bbox 63 1523 299 1556; x_wconf 75' lang='lat' dir='ltr'>auctoritates</span> <span class='ocrx_word' id='word_1_267' title='bbox 326 1522 542 1566; x_wconf 64' lang='lat' dir='ltr'>Scripfflrae,</span> <span class='ocrx_word' id='word_1_268' title='bbox 571 1521 721 1555; x_wconf 88' lang='lat' dir='ltr'>Patrum</span> <span class='ocrx_word' id='word_1_269' title='bbox 748 1523 815 1555; x_wconf 86' lang='lat' dir='ltr'>etc.</span> <span class='ocrx_word' id='word_1_270' title='bbox 843 1519 1011 1554; x_wconf 86' lang='lat' dir='ltr'>similiter</span> <span class='ocrx_word' id='word_1_271' title='bbox 1045 1522 1154 1563; x_wconf 86' lang='lat' dir='ltr'>atque</span> <span class='ocrx_word' id='word_1_272' title='bbox 1190 1520 1224 1552; x_wconf 90' lang='lat' dir='ltr'>in</span> <span class='ocrx_word' id='word_1_273' title='bbox 1257 1519 1440 1560; x_wconf 71' lang='lat' dir='ltr'>„Summa”‘</span> <span class='ocrx_word' id='word_1_274' title='bbox 1472 1518 1654 1552; x_wconf 86' lang='lat' dir='ltr'>canisiana</span> <span class='ocrx_word' id='word_1_275' title='bbox 1690 1519 1835 1553; x_wconf 89' lang='lat' dir='ltr'>additae</span> 
     </span>
     <span class='ocr_line' id='line_1_26' title="bbox 63 1572 1836 1619; baseline -0.003 -9"><span class='ocrx_word' id='word_1_276' title='bbox 63 1578 158 1611; x_wconf 89' lang='lat' dir='ltr'>sunt.</span> <span class='ocrx_word' id='word_1_277' title='bbox 194 1575 351 1610; x_wconf 86' lang='lat' dir='ltr'>Litteras</span> <span class='ocrx_word' id='word_1_278' title='bbox 369 1575 607 1609; x_wconf 89' lang='lat' dir='ltr'>dedicatorias</span> <span class='ocrx_word' id='word_1_279' title='bbox 625 1576 827 1619; x_wconf 89' lang='lat' dir='ltr'>sequuntur</span> <span class='ocrx_word' id='word_1_280' title='bbox 844 1574 969 1608; x_wconf 86' lang='lat' dir='ltr'>brevia</span> <span class='ocrx_word' id='word_1_281' title='bbox 989 1573 1127 1617; x_wconf 83' lang='lat' dir='ltr'>aliquot</span> <span class='ocrx_word' id='word_1_282' title='bbox 1145 1573 1313 1611; x_wconf 84' lang='lat' dir='ltr'>carmina,</span> <span class='ocrx_word' id='word_1_283' title='bbox 1333 1572 1508 1617; x_wconf 81' lang='lat' dir='ltr'>praefatio</span> <span class='ocrx_word' id='word_1_284' title='bbox 1531 1572 1595 1613; x_wconf 79' lang='lat' dir='ltr'>„ad</span> <span class='ocrx_word' id='word_1_285' title='bbox 1614 1572 1836 1613; x_wconf 79' lang='lat' dir='ltr'>Lect01·em“‚</span> 
     </span>
     <span class='ocr_line' id='line_1_27' title="bbox 65 1625 1835 1675; baseline -0.003 -11"><span class='ocrx_word' id='word_1_286' title='bbox 65 1641 156 1673; x_wconf 89' lang='lat' dir='ltr'>quae</span> <span class='ocrx_word' id='word_1_287' title='bbox 192 1632 227 1664; x_wconf 92' lang='lat' dir='ltr'>et</span> <span class='ocrx_word' id='word_1_288' title='bbox 262 1629 340 1675; x_wconf 90' lang='lat' dir='ltr'>ipsa</span> <span class='ocrx_word' id='word_1_289' title='bbox 375 1629 532 1663; x_wconf 87' lang='lat' dir='ltr'>carmine</span> <span class='ocrx_word' id='word_1_290' title='bbox 567 1631 623 1663; x_wconf 87' lang='lat' dir='ltr'>est</span> <span class='ocrx_word' id='word_1_291' title='bbox 657 1628 813 1673; x_wconf 85' lang='lat' dir='ltr'>scripta,</span> <span class='ocrx_word' id='word_1_292' title='bbox 852 1628 963 1661; x_wconf 81' lang='lat' dir='ltr'>index</span> <span class='ocrx_word' id='word_1_293' title='bbox 999 1626 1249 1672; x_wconf 87' lang='lat' dir='ltr'>alphabeticus</span> <span class='ocrx_word' id='word_1_294' title='bbox 1284 1625 1477 1660; x_wconf 84' lang='lat' dir='ltr'>Doctorum</span> <span class='ocrx_word' id='word_1_295' title='bbox 1511 1625 1709 1667; x_wconf 87' lang='lat' dir='ltr'>Ecclesiae,</span> <span class='ocrx_word' id='word_1_296' title='bbox 1748 1625 1835 1659; x_wconf 84' lang='lat' dir='ltr'>Con-</span> 
     </span>
     <span class='ocr_line' id='line_1_28' title="bbox 64 1678 1837 1727; baseline -0.003 -10"><span class='ocrx_word' id='word_1_297' title='bbox 64 1683 225 1717; x_wconf 88' lang='lat' dir='ltr'>ciliorum</span> <span class='ocrx_word' id='word_1_298' title='bbox 245 1684 323 1725; x_wconf 65' lang='lat' dir='ltr'>etc„</span> <span class='ocrx_word' id='word_1_299' title='bbox 350 1683 479 1727; x_wconf 85' lang='lat' dir='ltr'>quibus</span> <span class='ocrx_word' id='word_1_300' title='bbox 502 1682 736 1725; x_wconf 86' lang='lat' dir='ltr'>„Iesuitarum</span> <span class='ocrx_word' id='word_1_301' title='bbox 764 1681 889 1715; x_wconf 87' lang='lat' dir='ltr'>deliria</span> <span class='ocrx_word' id='word_1_302' title='bbox 907 1681 974 1715; x_wconf 92' lang='lat' dir='ltr'>hoc</span> <span class='ocrx_word' id='word_1_303' title='bbox 999 1681 1035 1714; x_wconf 92' lang='lat' dir='ltr'>in</span> <span class='ocrx_word' id='word_1_304' title='bbox 1062 1680 1151 1714; x_wconf 88' lang='lat' dir='ltr'>libro</span> <span class='ocrx_word' id='word_1_305' title='bbox 1171 1680 1411 1714; x_wconf 82' lang='lat' dir='ltr'>1·efutantur“.</span> <span class='ocrx_word' id='word_1_306' title='bbox 1448 1678 1554 1713; x_wconf 87' lang='lat' dir='ltr'>Liber</span> <span class='ocrx_word' id='word_1_307' title='bbox 1578 1690 1649 1712; x_wconf 86' lang='lat' dir='ltr'>non</span> <span class='ocrx_word' id='word_1_308' title='bbox 1675 1682 1730 1712; x_wconf 88' lang='lat' dir='ltr'>est</span> <span class='ocrx_word' id='word_1_309' title='bbox 1749 1679 1837 1713; x_wconf 87' lang='lat' dir='ltr'>adeo</span> 
     </span>
     <span class='ocr_line' id='line_1_29' title="bbox 67 1733 1837 1780; baseline -0.002 -11"><span class='ocrx_word' id='word_1_310' title='bbox 67 1737 279 1777; x_wconf 85' lang='lat' dir='ltr'>virulentus,</span> <span class='ocrx_word' id='word_1_311' title='bbox 307 1736 399 1780; x_wconf 85' lang='lat' dir='ltr'>quod</span> <span class='ocrx_word' id='word_1_312' title='bbox 426 1736 470 1770; x_wconf 86' lang='lat' dir='ltr'>ad</span> <span class='ocrx_word' id='word_1_313' title='bbox 497 1736 635 1770; x_wconf 88' lang='lat' dir='ltr'>dicendi</span> <span class='ocrx_word' id='word_1_314' title='bbox 662 1735 805 1780; x_wconf 90' lang='lat' dir='ltr'>quidem</span> <span class='ocrx_word' id='word_1_315' title='bbox 833 1746 947 1778; x_wconf 88' lang='lat' dir='ltr'>genus</span> <span class='ocrx_word' id='word_1_316' title='bbox 965 1735 1107 1775; x_wconf 76' lang='lat' dir='ltr'>attinet,</span> <span class='ocrx_word' id='word_1_317' title='bbox 1135 1736 1175 1767; x_wconf 92' lang='lat' dir='ltr'>ut</span> <span class='ocrx_word' id='word_1_318' title='bbox 1200 1733 1304 1767; x_wconf 89' lang='lat' dir='ltr'>multi</span> <span class='ocrx_word' id='word_1_319' title='bbox 1324 1733 1394 1774; x_wconf 87' lang='lat' dir='ltr'>alii,</span> <span class='ocrx_word' id='word_1_320' title='bbox 1422 1744 1537 1776; x_wconf 83' lang='lat' dir='ltr'>neque</span> <span class='ocrx_word' id='word_1_321' title='bbox 1563 1734 1684 1766; x_wconf 89' lang='lat' dir='ltr'>tamen</span> <span class='ocrx_word' id='word_1_322' title='bbox 1711 1736 1837 1766; x_wconf 82' lang='lat' dir='ltr'>auctor</span> 
     </span>
     <span class='ocr_line' id='line_1_30' title="bbox 65 1786 1835 1834; baseline -0.003 -10"><span class='ocrx_word' id='word_1_323' title='bbox 65 1790 310 1825; x_wconf 88' lang='lat' dir='ltr'>maledicendo</span> <span class='ocrx_word' id='word_1_324' title='bbox 329 1801 470 1834; x_wconf 90' lang='lat' dir='ltr'>semper</span> <span class='ocrx_word' id='word_1_325' title='bbox 488 1789 719 1834; x_wconf 86' lang='lat' dir='ltr'>supersedet;</span> <span class='ocrx_word' id='word_1_326' title='bbox 747 1791 929 1823; x_wconf 86' lang='lat' dir='ltr'>caeterum</span> <span class='ocrx_word' id='word_1_327' title='bbox 949 1800 993 1821; x_wconf 87' lang='lat' dir='ltr'>ex</span> <span class='ocrx_word' id='word_1_328' title='bbox 1019 1788 1108 1832; x_wconf 88' lang='lat' dir='ltr'>ipsis</span> <span class='ocrx_word' id='word_1_329' title='bbox 1126 1787 1203 1821; x_wconf 87' lang='lat' dir='ltr'>eius</span> <span class='ocrx_word' id='word_1_330' title='bbox 1221 1787 1342 1821; x_wconf 88' lang='lat' dir='ltr'>verbis</span> <span class='ocrx_word' id='word_1_331' title='bbox 1360 1786 1594 1829; x_wconf 85' lang='lat' dir='ltr'>intellegitur,</span> <span class='ocrx_word' id='word_1_332' title='bbox 1621 1786 1835 1819; x_wconf 76' lang='lat' dir='ltr'>Iesuitaruni</span> 
     </span>
     <span class='ocr_line' id='line_1_31' title="bbox 65 1839 1837 1882; baseline -0.003 -4"><span class='ocrx_word' id='word_1_333' title='bbox 65 1845 264 1879; x_wconf 80' lang='lat' dir='ltr'>doctrinam</span> <span class='ocrx_word' id='word_1_334' title='bbox 291 1844 398 1878; x_wconf 88' lang='lat' dir='ltr'>aliam</span> <span class='ocrx_word' id='word_1_335' title='bbox 433 1855 503 1877; x_wconf 92' lang='lat' dir='ltr'>non</span> <span class='ocrx_word' id='word_1_336' title='bbox 530 1855 608 1877; x_wconf 86' lang='lat' dir='ltr'>esse</span> <span class='ocrx_word' id='word_1_337' title='bbox 644 1855 686 1877; x_wconf 89' lang='lat' dir='ltr'>ac</span> <span class='ocrx_word' id='word_1_338' title='bbox 721 1843 920 1876; x_wconf 84' lang='lat' dir='ltr'>doctrinam</span> <span class='ocrx_word' id='word_1_339' title='bbox 958 1841 1132 1875; x_wconf 87' lang='lat' dir='ltr'>ecclesiae</span> <span class='ocrx_word' id='word_1_340' title='bbox 1168 1840 1385 1880; x_wconf 86' lang='lat' dir='ltr'>catholicae;</span> <span class='ocrx_word' id='word_1_341' title='bbox 1424 1840 1474 1874; x_wconf 88' lang='lat' dir='ltr'>ita</span> <span class='ocrx_word' id='word_1_342' title='bbox 1501 1851 1529 1874; x_wconf 92' lang='lat' dir='ltr'>e.</span> <span class='ocrx_word' id='word_1_343' title='bbox 1557 1851 1592 1882; x_wconf 90' lang='lat' dir='ltr'>g.</span> <span class='ocrx_word' id='word_1_344' title='bbox 1619 1839 1743 1873; x_wconf 86' lang='lat' dir='ltr'>scribit</span> <span class='ocrx_word' id='word_1_345' title='bbox 1774 1840 1837 1882; x_wconf 85' lang='lat' dir='ltr'>„de</span> 
     </span>
     <span class='ocr_line' id='line_1_32' title="bbox 65 1893 1835 1941; baseline -0.003 -9"><span class='ocrx_word' id='word_1_346' title='bbox 65 1898 168 1941; x_wconf 85' lang='lat' dir='ltr'>signo</span> <span class='ocrx_word' id='word_1_347' title='bbox 195 1897 311 1932; x_wconf 90' lang='lat' dir='ltr'>crucis</span> <span class='ocrx_word' id='word_1_348' title='bbox 337 1899 485 1931; x_wconf 85' lang='lat' dir='ltr'>externo</span> <span class='ocrx_word' id='word_1_349' title='bbox 521 1896 581 1930; x_wconf 90' lang='lat' dir='ltr'>vel</span> <span class='ocrx_word' id='word_1_350' title='bbox 616 1895 793 1930; x_wconf 88' lang='lat' dir='ltr'>materiali</span> <span class='ocrx_word' id='word_1_351' title='bbox 824 1923 828 1928; x_wconf 87' lang='lat'>.</span> <span class='ocrx_word' id='word_1_352' title='bbox 852 1923 885 1929; x_wconf 89' lang='lat'>..</span> <span class='ocrx_word' id='word_1_353' title='bbox 912 1906 1011 1928; x_wconf 90' lang='lat' dir='ltr'>more</span> <span class='ocrx_word' id='word_1_354' title='bbox 1038 1894 1222 1928; x_wconf 88' lang='lat' dir='ltr'>Ecclesiae</span> <span class='ocrx_word' id='word_1_355' title='bbox 1249 1894 1431 1927; x_wconf 81' lang='lat' dir='ltr'>Romanae</span> <span class='ocrx_word' id='word_1_356' title='bbox 1466 1896 1529 1927; x_wconf 87' lang='lat' dir='ltr'>aut</span> <span class='ocrx_word' id='word_1_357' title='bbox 1554 1893 1835 1938; x_wconf 85' lang='lat' dir='ltr'>Hypocritarum</span> 
     </span>
     <span class='ocr_line' id='line_1_33' title="bbox 65 1946 1838 1996; baseline -0.003 -11"><span class='ocrx_word' id='word_1_358' title='bbox 65 1952 279 1985; x_wconf 88' lang='lat' dir='ltr'>Iesuitarum</span> <span class='ocrx_word' id='word_1_359' title='bbox 306 1951 517 1996; x_wconf 56' lang='lat' dir='ltr'>praecept&amp;</span> <span class='ocrx_word' id='word_1_360' title='bbox 543 1950 591 1995; x_wconf 89' lang='lat' dir='ltr'>(p.</span> <span class='ocrx_word' id='word_1_361' title='bbox 611 1950 685 1993; x_wconf 73' lang='lat'><strong>33).</strong></span> <span class='ocrx_word' id='word_1_362' title='bbox 724 1948 836 1990; x_wconf 78' lang='lat' dir='ltr'>„Quid</span> <span class='ocrx_word' id='word_1_363' title='bbox 864 1949 994 1982; x_wconf 88' lang='lat' dir='ltr'>clarius</span> <span class='ocrx_word' id='word_1_364' title='bbox 1014 1947 1083 1982; x_wconf 87' lang='lat' dir='ltr'>dici</span> <span class='ocrx_word' id='word_1_365' title='bbox 1109 1950 1231 1992; x_wconf 90' lang='lat' dir='ltr'>potest</span> <span class='ocrx_word' id='word_1_366' title='bbox 1256 1947 1431 1981; x_wconf 89' lang='lat' dir='ltr'>aduersus</span> <span class='ocrx_word' id='word_1_367' title='bbox 1450 1946 1636 1981; x_wconf 84' lang='lat' dir='ltr'>Ecclesiae</span> <span class='ocrx_word' id='word_1_368' title='bbox 1654 1947 1838 1980; x_wconf 85' lang='lat' dir='ltr'>Romanae</span> 
     </span>
     <span class='ocr_line' id='line_1_34' title="bbox 65 2000 1837 2044; baseline -0.003 -6"><span class='ocrx_word' id='word_1_369' title='bbox 65 2006 305 2038; x_wconf 87' lang='lat' dir='ltr'>inueteratum</span> <span class='ocrx_word' id='word_1_370' title='bbox 333 2015 488 2038; x_wconf 85' lang='lat' dir='ltr'>errorem</span> <span class='ocrx_word' id='word_1_371' title='bbox 525 2006 560 2038; x_wconf 88' lang='lat' dir='ltr'>et</span> <span class='ocrx_word' id='word_1_372' title='bbox 597 2003 810 2037; x_wconf 88' lang='lat' dir='ltr'>Iesuitarum</span> <span class='ocrx_word' id='word_1_373' title='bbox 847 2002 990 2036; x_wconf 89' lang='lat' dir='ltr'>fictione</span> <span class='ocrx_word' id='word_1_374' title='bbox 1026 2000 1285 2035; x_wconf 84' lang='lat' dir='ltr'>sanctimoniae</span> <span class='ocrx_word' id='word_1_375' title='bbox 1320 2001 1517 2035; x_wconf 87' lang='lat' dir='ltr'>inuolutam</span> <span class='ocrx_word' id='word_1_376' title='bbox 1553 2000 1639 2044; x_wconf 80' lang='lat' dir='ltr'>(qua</span> <span class='ocrx_word' id='word_1_377' title='bbox 1674 2001 1837 2034; x_wconf 81' lang='lat' dir='ltr'>homines</span> 
     </span>
     <span class='ocr_line' id='line_1_35' title="bbox 66 2056 834 2100; baseline -0.003 -8"><span class='ocrx_word' id='word_1_378' title='bbox 66 2059 222 2092; x_wconf 87' lang='lat' dir='ltr'>irretitos</span> <span class='ocrx_word' id='word_1_379' title='bbox 248 2058 387 2099; x_wconf 84' lang='lat' dir='ltr'>tenent)</span> <span class='ocrx_word' id='word_1_380' title='bbox 415 2057 596 2091; x_wconf 81' lang='lat' dir='ltr'>fallaciam</span> <span class='ocrx_word' id='word_1_381' title='bbox 608 2058 646 2091; x_wconf 71' lang='lat'>‘?“</span> <span class='ocrx_word' id='word_1_382' title='bbox 678 2057 734 2100; x_wconf 79' lang='lat' dir='ltr'>(P.</span> <span class='ocrx_word' id='word_1_383' title='bbox 762 2056 834 2099; x_wconf 83' lang='lat'>88.)</span> 
     </span>
    </p>

    <p class='ocr_par' dir='ltr' id='par_1_6' title="bbox 64 2107 1837 2371">
     <span class='ocr_line' id='line_1_36' title="bbox 183 2107 1835 2152; baseline -0.003 -7"><span class='ocrx_word' id='word_1_384' title='bbox 183 2111 312 2146; x_wconf 89' lang='lat' dir='ltr'>Nescio</span> <span class='ocrx_word' id='word_1_385' title='bbox 339 2123 383 2145; x_wconf 90' lang='lat' dir='ltr'>an</span> <span class='ocrx_word' id='word_1_386' title='bbox 409 2110 503 2144; x_wconf 87' lang='lat' dir='ltr'>idem</span> <span class='ocrx_word' id='word_1_387' title='bbox 529 2110 619 2144; x_wconf 91' lang='lat' dir='ltr'>liber</span> <span class='ocrx_word' id='word_1_388' title='bbox 645 2110 768 2143; x_wconf 90' lang='lat' dir='ltr'>eodem</span> <span class='ocrx_word' id='word_1_389' title='bbox 804 2121 896 2143; x_wconf 90' lang='lat' dir='ltr'>anno</span> <span class='ocrx_word' id='word_1_390' title='bbox 924 2109 1088 2143; x_wconf 84' lang='lat' dir='ltr'>Basileae</span> <span class='ocrx_word' id='word_1_391' title='bbox 1124 2120 1265 2152; x_wconf 88' lang='lat' dir='ltr'>quoque</span> <span class='ocrx_word' id='word_1_392' title='bbox 1293 2107 1410 2141; x_wconf 89' lang='lat' dir='ltr'>editus</span> <span class='ocrx_word' id='word_1_393' title='bbox 1446 2107 1506 2142; x_wconf 73' lang='lat' dir='ltr'>sit.</span> <span class='ocrx_word' id='word_1_394' title='bbox 1556 2107 1596 2141; x_wconf 86' lang='lat' dir='ltr'>In</span> <span class='ocrx_word' id='word_1_395' title='bbox 1627 2107 1835 2150; x_wconf 88' lang='lat' dir='ltr'>„Librorum</span> 
     </span>
     <span class='ocr_line' id='line_1_37' title="bbox 64 2161 1834 2206; baseline -0.003 -7"><span class='ocrx_word' id='word_1_396' title='bbox 64 2167 257 2199; x_wconf 81' lang='lat' dir='ltr'>novorum“</span> <span class='ocrx_word' id='word_1_397' title='bbox 288 2176 308 2198; x_wconf 88' lang='lat' dir='ltr'>a</span> <span class='ocrx_word' id='word_1_398' title='bbox 333 2164 502 2198; x_wconf 88' lang='lat' dir='ltr'>nundinis</span> <span class='ocrx_word' id='word_1_399' title='bbox 520 2163 787 2198; x_wconf 90' lang='lat' dir='ltr'>autumnalibus</span> <span class='ocrx_word' id='word_1_400' title='bbox 806 2175 836 2197; x_wconf 87' lang='lat' dir='ltr'>a.</span> <span class='ocrx_word' id='word_1_401' title='bbox 860 2163 950 2197; x_wconf 87' lang='grc'>1569</span> <span class='ocrx_word' id='word_1_402' title='bbox 969 2163 1011 2196; x_wconf 84' lang='lat' dir='ltr'>ad</span> <span class='ocrx_word' id='word_1_403' title='bbox 1040 2161 1372 2206; x_wconf 88' lang='lat' dir='ltr'>quadragesimales</span> <span class='ocrx_word' id='word_1_404' title='bbox 1400 2173 1430 2195; x_wconf 82' lang='lat' dir='ltr'>a.</span> <span class='ocrx_word' id='word_1_405' title='bbox 1454 2161 1544 2195; x_wconf 83' lang='lat'>1570</span> <span class='ocrx_word' id='word_1_406' title='bbox 1563 2161 1739 2194; x_wconf 85' lang='lat' dir='ltr'>editorum</span> <span class='ocrx_word' id='word_1_407' title='bbox 1766 2163 1834 2195; x_wconf 86' lang='lat' dir='ltr'>etc.</span> 
     </span>
     <span class='ocr_line' id='line_1_38' title="bbox 67 2214 1837 2264; baseline -0.002 -12"><span class='ocrx_word' id='word_1_408' title='bbox 67 2218 281 2264; x_wconf 74' lang='lat' dir='ltr'>„Cataloyo“</span> <span class='ocrx_word' id='word_1_409' title='bbox 317 2218 515 2252; x_wconf 89' lang='lat' dir='ltr'>willeriano</span> <span class='ocrx_word' id='word_1_410' title='bbox 557 2218 617 2260; x_wconf 88' lang='lat' dir='ltr'>(cf.</span> <span class='ocrx_word' id='word_1_411' title='bbox 652 2228 761 2261; x_wconf 88' lang='lat' dir='ltr'>supra</span> <span class='ocrx_word' id='word_1_412' title='bbox 796 2229 828 2261; x_wconf 89' lang='lat' dir='ltr'>p.</span> <span class='ocrx_word' id='word_1_413' title='bbox 856 2217 971 2259; x_wconf 60' lang='lat'>5037),</span> <span class='ocrx_word' id='word_1_414' title='bbox 1010 2215 1238 2250; x_wconf 85' lang='lat' dir='ltr'>Francofurti</span> <span class='ocrx_word' id='word_1_415' title='bbox 1277 2215 1321 2249; x_wconf 87' lang='lat' dir='ltr'>ad</span> <span class='ocrx_word' id='word_1_416' title='bbox 1347 2215 1513 2249; x_wconf 88' lang='lat' dir='ltr'>Moenum</span> <span class='ocrx_word' id='word_1_417' title='bbox 1553 2226 1584 2248; x_wconf 88' lang='lat' dir='ltr'>a.</span> <span class='ocrx_word' id='word_1_418' title='bbox 1614 2215 1704 2248; x_wconf 83' lang='lat'>1570</span> <span class='ocrx_word' id='word_1_419' title='bbox 1742 2214 1837 2248; x_wconf 86' lang='lat' dir='ltr'>edito</span> 
     </span>
     <span class='ocr_line' id='line_1_39' title="bbox 67 2268 1834 2316; baseline -0.003 -9"><span class='ocrx_word' id='word_1_420' title='bbox 67 2274 107 2315; x_wconf 82' lang='lat' dir='ltr'>(f.</span> <span class='ocrx_word' id='word_1_421' title='bbox 128 2271 238 2316; x_wconf 46' lang='lat' dir='ltr'>AY),</span> <span class='ocrx_word' id='word_1_422' title='bbox 265 2272 354 2306; x_wconf 88' lang='lat' dir='ltr'>haec</span> <span class='ocrx_word' id='word_1_423' title='bbox 380 2274 482 2305; x_wconf 88' lang='lat' dir='ltr'>sunt:</span> <span class='ocrx_word' id='word_1_424' title='bbox 522 2271 645 2313; x_wconf 79' lang='lat'>„1567.</span> <span class='ocrx_word' id='word_1_425' title='bbox 698 2270 898 2305; x_wconf 89' lang='lat' dir='ltr'>Catechisis</span> <span class='ocrx_word' id='word_1_426' title='bbox 926 2269 1099 2314; x_wconf 83' lang='lat' dir='ltr'>Stephani</span> <span class='ocrx_word' id='word_1_427' title='bbox 1131 2270 1174 2303; x_wconf 90' lang='lat' dir='ltr'>de</span> <span class='ocrx_word' id='word_1_428' title='bbox 1200 2269 1377 2303; x_wconf 87' lang='lat' dir='ltr'>Malescot</span> <span class='ocrx_word' id='word_1_429' title='bbox 1414 2268 1588 2302; x_wconf 87' lang='lat' dir='ltr'>aduersus</span> <span class='ocrx_word' id='word_1_430' title='bbox 1620 2268 1834 2302; x_wconf 88' lang='lat' dir='ltr'>Iesuitarum</span> 
     </span>
     <span class='ocr_line' id='line_1_40' title="bbox 65 2321 1681 2371; baseline -0.004 -10"><span class='ocrx_word' id='word_1_431' title='bbox 65 2330 277 2371; x_wconf 84' lang='lat' dir='ltr'>personatae</span> <span class='ocrx_word' id='word_1_432' title='bbox 304 2337 345 2359; x_wconf 90' lang='lat' dir='ltr'>ac</span> <span class='ocrx_word' id='word_1_433' title='bbox 371 2325 562 2359; x_wconf 88' lang='lat' dir='ltr'>simulatae</span> <span class='ocrx_word' id='word_1_434' title='bbox 587 2324 773 2368; x_wconf 88' lang='lat' dir='ltr'>religionis</span> <span class='ocrx_word' id='word_1_435' title='bbox 800 2323 1007 2358; x_wconf 86' lang='lat' dir='ltr'>Catechisin</span> <span class='ocrx_word' id='word_1_436' title='bbox 1034 2325 1069 2357; x_wconf 91' lang='lat' dir='ltr'>et</span> <span class='ocrx_word' id='word_1_437' title='bbox 1095 2325 1244 2357; x_wconf 87' lang='lat' dir='ltr'>sectam.</span> <span class='ocrx_word' id='word_1_438' title='bbox 1295 2321 1458 2356; x_wconf 87' lang='lat' dir='ltr'>Basileae</span> <span class='ocrx_word' id='word_1_439' title='bbox 1487 2348 1494 2355; x_wconf 84' lang='lat'>.</span> <span class='ocrx_word' id='word_1_440' title='bbox 1522 2323 1681 2355; x_wconf 60' lang='lat' dir='ltr'>octauof</span> 
     </span>
    </p>
   </div>
   <div class='ocr_carea' id='block_1_5' title="bbox 68 2450 839 2498">
    <p class='ocr_par' dir='ltr' id='par_1_7' title="bbox 68 2450 839 2498">
     <span class='ocr_line' id='line_1_41' title="bbox 68 2450 839 2498; baseline -0.006 -7"><span class='ocrx_word' id='word_1_441' title='bbox 68 2454 208 2491; x_wconf 79' lang='lat'>1009</span> <span class='ocrx_word' id='word_1_442' title='bbox 236 2455 313 2489; x_wconf 88' lang='lat' dir='ltr'>sive</span> <span class='ocrx_word' id='word_1_443' title='bbox 339 2452 450 2489; x_wconf 82' lang='lat' dir='ltr'>litt.</span> <span class='ocrx_word' id='word_1_444' title='bbox 472 2451 571 2498; x_wconf 81' lang='lat'><strong>(4).</strong></span> <span class='ocrx_word' id='word_1_445' title='bbox 613 2450 839 2488; x_wconf 81' lang='lat'>1567—1569.</span> 
     </span>
    </p>
   </div>
   <div class='ocr_carea' id='block_1_6' title="bbox 64 2509 1837 2612">
    <p class='ocr_par' dir='ltr' id='par_1_8' title="bbox 64 2509 1837 2612">
     <span class='ocr_line' id='line_1_42' title="bbox 189 2509 1837 2556; baseline -0.004 -8"><span class='ocrx_word' id='word_1_446' title='bbox 189 2516 355 2549; x_wconf 58' lang='lat' dir='ltr'>canisius</span> <span class='ocrx_word' id='word_1_447' title='bbox 390 2514 631 2556; x_wconf 76' lang='lat' dir='ltr'>Francofurti</span> <span class='ocrx_word' id='word_1_448' title='bbox 665 2513 712 2545; x_wconf 79' lang='lat' dir='ltr'>ad</span> <span class='ocrx_word' id='word_1_449' title='bbox 746 2515 916 2545; x_wconf 78' lang='lat' dir='ltr'>Moenum</span> <span class='ocrx_word' id='word_1_450' title='bbox 953 2511 1185 2554; x_wconf 69' lang='lat' dir='ltr'>Schwayyero</span> <span class='ocrx_word' id='word_1_451' title='bbox 1221 2511 1391 2543; x_wconf 77' lang='lat' dir='ltr'>ccmonico</span> <span class='ocrx_word' id='word_1_452' title='bbox 1427 2514 1552 2543; x_wconf 70' lang='lat' dir='ltr'>(metor</span> <span class='ocrx_word' id='word_1_453' title='bbox 1587 2513 1646 2553; x_wconf 78' lang='lat' dir='ltr'>est,</span> <span class='ocrx_word' id='word_1_454' title='bbox 1678 2513 1718 2542; x_wconf 72' lang='lat' dir='ltr'>ut</span> <span class='ocrx_word' id='word_1_455' title='bbox 1748 2509 1837 2543; x_wconf 81' lang='lat' dir='ltr'>Con-</span> 
     </span>
     <span class='ocr_line' id='line_1_43' title="bbox 64 2565 1027 2612; baseline -0.006 -9"><span class='ocrx_word' id='word_1_456' title='bbox 64 2571 233 2612; x_wconf 74' lang='lat' dir='ltr'>fessc&#39;ones</span> <span class='ocrx_word' id='word_1_457' title='bbox 259 2569 295 2602; x_wconf 89' lang='lat' dir='ltr'>S.</span> <span class='ocrx_word' id='word_1_458' title='bbox 324 2568 518 2610; x_wconf 60' lang='lat' dir='ltr'>Augustini</span> <span class='ocrx_word' id='word_1_459' title='bbox 545 2568 582 2599; x_wconf 78' lang='lat' dir='ltr'>in</span> <span class='ocrx_word' id='word_1_460' title='bbox 609 2566 851 2609; x_wconf 69' lang='lat' dir='ltr'>compendium</span> <span class='ocrx_word' id='word_1_461' title='bbox 877 2565 1027 2607; x_wconf 72' lang='lat' dir='ltr'>redigyat.</span> 
     </span>
    </p>
   </div>
   <div class='ocr_carea' id='block_1_7' title="bbox 65 2620 1835 2811">
    <p class='ocr_par' dir='ltr' id='par_1_9' title="bbox 65 2620 1835 2811">
     <span class='ocr_line' id='line_1_44' title="bbox 184 2620 1835 2678; baseline -0.003 -8"><span class='ocrx_word' id='word_1_462' title='bbox 184 2629 347 2670; x_wconf 86' lang='lat' dir='ltr'>Exstat</span> <span class='ocrx_word' id='word_1_463' title='bbox 375 2628 505 2669; x_wconf 87' lang='lat' dir='ltr'>liber:</span> <span class='ocrx_word' id='word_1_464' title='bbox 546 2626 692 2677; x_wconf 89' lang='lat' dir='ltr'><strong>„DIVI</strong></span> <span class='ocrx_word' id='word_1_465' title='bbox 714 2624 957 2667; x_wconf 82' lang='lat' dir='ltr'><strong>AVRELII</strong></span> <span class='ocrx_word' id='word_1_466' title='bbox 986 2623 990 2678; x_wconf 76' lang='grc' dir='ltr'>ἰ</span> <span class='ocrx_word' id='word_1_467' title='bbox 1019 2622 1339 2666; x_wconf 79' lang='lat' dir='ltr'><strong>AVGVSTINI</strong></span> <span class='ocrx_word' id='word_1_468' title='bbox 1362 2622 1483 2664; x_wconf 89' lang='lat' dir='ltr'><strong>HIP-</strong></span> <span class='ocrx_word' id='word_1_469' title='bbox 1513 2620 1516 2675; x_wconf 77' lang='grc' dir='ltr'>Ι</span> <span class='ocrx_word' id='word_1_470' title='bbox 1546 2621 1835 2665; x_wconf 77' lang='lat' dir='ltr'>PONENSIS</span> 
     </span>
     <span class='ocr_line' id='line_1_45' title="bbox 65 2686 1832 2748; baseline -0.005 -11"><span class='ocrx_word' id='word_1_471' title='bbox 65 2694 325 2737; x_wconf 83' lang='lat' dir='ltr'><strong>EPISCOPI</strong></span> <span class='ocrx_word' id='word_1_472' title='bbox 359 2692 363 2748; x_wconf 89' lang='grc' dir='ltr'>Ι</span> <span class='ocrx_word' id='word_1_473' title='bbox 398 2692 725 2735; x_wconf 84' lang='lat' dir='ltr'>Confessionum</span> <span class='ocrx_word' id='word_1_474' title='bbox 757 2691 854 2732; x_wconf 88' lang='lat' dir='ltr'>libri</span> <span class='ocrx_word' id='word_1_475' title='bbox 886 2690 1003 2733; x_wconf 90' lang='lat' dir='ltr'><strong>XIII.</strong></span> <span class='ocrx_word' id='word_1_476' title='bbox 1036 2689 1080 2731; x_wconf 92' lang='lat' dir='ltr'>in</span> <span class='ocrx_word' id='word_1_477' title='bbox 1115 2688 1118 2742; x_wconf 87' lang='grc' dir='ltr'>Ι</span> <span class='ocrx_word' id='word_1_478' title='bbox 1154 2688 1385 2743; x_wconf 88' lang='lat' dir='ltr'>Epitomen</span> <span class='ocrx_word' id='word_1_479' title='bbox 1417 2687 1597 2737; x_wconf 88' lang='lat' dir='ltr'>redacti,</span> <span class='ocrx_word' id='word_1_480' title='bbox 1640 2688 1643 2742; x_wconf 84' lang='grc' dir='ltr'>Ι</span> <span class='ocrx_word' id='word_1_481' title='bbox 1680 2688 1793 2729; x_wconf 79' lang='lat' dir='ltr'>PER</span> <span class='ocrx_word' id='word_1_482' title='bbox 1830 2686 1832 2743; x_wconf 73' lang='grc' dir='ltr'>ξ</span> 
     </span>
     <span class='ocr_line' id='line_1_46' title="bbox 66 2751 1832 2811; baseline -0.005 -8"><span class='ocrx_word' id='word_1_483' title='bbox 66 2762 118 2804; x_wconf 88' lang='lat' dir='ltr'>D.</span> <span class='ocrx_word' id='word_1_484' title='bbox 142 2761 346 2802; x_wconf 87' lang='lat' dir='ltr'>Ioannem</span> <span class='ocrx_word' id='word_1_485' title='bbox 381 2758 737 2811; x_wconf 80' lang='lat' dir='ltr'>Schvvaygerum</span> <span class='ocrx_word' id='word_1_486' title='bbox 770 2756 968 2798; x_wconf 86' lang='lat' dir='ltr'>Sultzba-</span> <span class='ocrx_word' id='word_1_487' title='bbox 998 2753 1001 2809; x_wconf 81' lang='grc' dir='ltr'>Ι</span> <span class='ocrx_word' id='word_1_488' title='bbox 1031 2755 1186 2804; x_wconf 86' lang='lat' dir='ltr'>chium,</span> <span class='ocrx_word' id='word_1_489' title='bbox 1220 2753 1399 2807; x_wconf 85' lang='lat' dir='ltr'>Collegij</span> <span class='ocrx_word' id='word_1_490' title='bbox 1423 2754 1477 2795; x_wconf 92' lang='lat' dir='ltr'>ad</span> <span class='ocrx_word' id='word_1_491' title='bbox 1501 2754 1551 2795; x_wconf 92' lang='lat' dir='ltr'>D.</span> <span class='ocrx_word' id='word_1_492' title='bbox 1575 2751 1800 2807; x_wconf 88' lang='lat' dir='ltr'>Virginem</span> <span class='ocrx_word' id='word_1_493' title='bbox 1829 2761 1832 2808; x_wconf 63' lang='grc' dir='ltr'>ξ</span> 
     </span>
    </p>
   </div>
   <div class='ocr_carea' id='block_1_8' title="bbox 189 2831 906 2867">
    <p class='ocr_par' dir='ltr' id='par_1_10' title="bbox 189 2831 906 2867">
     <span class='ocr_line' id='line_1_47' title="bbox 189 2831 906 2867; baseline -0.007 -7"><span class='ocrx_word' id='word_1_494' title='bbox 189 2836 216 2867; x_wconf 85' lang='lat' dir='ltr'>a)</span> <span class='ocrx_word' id='word_1_495' title='bbox 239 2833 322 2860; x_wconf 83' lang='lat' dir='ltr'>iusta</span> <span class='ocrx_word' id='word_1_496' title='bbox 342 2831 444 2858; x_wconf 86' lang='lat' dir='ltr'>mente</span> <span class='ocrx_word' id='word_1_497' title='bbox 464 2833 531 2858; x_wconf 81' lang='lat' dir='ltr'>libr.</span> <span class='ocrx_word' id='word_1_498' title='bbox 604 2831 634 2862; x_wconf 88' lang='lat' dir='ltr'>b)</span> <span class='ocrx_word' id='word_1_499' title='bbox 656 2831 821 2864; x_wconf 83' lang='lat' dir='ltr'>impetrant</span> <span class='ocrx_word' id='word_1_500' title='bbox 841 2831 906 2856; x_wconf 78' lang='lat' dir='ltr'>libr.</span> 
     </span>
    </p>
   </div>
   <div class='ocr_carea' id='block_1_9' title="bbox 188 2942 1835 3037">
    <p class='ocr_par' dir='ltr' id='par_1_11' title="bbox 188 2942 1835 3037">
     <span class='ocr_line' id='line_1_48' title="bbox 191 2942 252 2964; baseline 0 -8"><span class='ocrx_word' id='word_1_501' title='bbox 191 2945 199 2964; x_wconf 56' lang='grc' dir='ltr'>ι</span> <span class='ocrx_word' id='word_1_502' title='bbox 244 2942 252 2956; x_wconf 51' lang='grc'><strong><em>«</em></strong></span> 
     </span>
     <span class='ocr_line' id='line_1_49' title="bbox 188 2942 1835 3037; baseline -0.004 -7"><span class='ocrx_word' id='word_1_503' title='bbox 188 2997 200 3017; x_wconf 86' lang='lat'><strong>²</strong></span> <span class='ocrx_word' id='word_1_504' title='bbox 226 2942 438 3030; x_wconf 44' lang='grc' dir='ltr'>ξῗίἷίἓίοξ.</span> <span class='ocrx_word' id='word_1_505' title='bbox 463 2994 526 3028; x_wconf 87' lang='lat' dir='ltr'>Ill.</span> <span class='ocrx_word' id='word_1_506' title='bbox 564 2992 753 3027; x_wconf 85' lang='lat' dir='ltr'>Palatinus</span> <span class='ocrx_word' id='word_1_507' title='bbox 789 2991 1004 3037; x_wconf 85' lang='lat' dir='ltr'>praecipuus</span> <span class='ocrx_word' id='word_1_508' title='bbox 1043 2989 1335 3024; x_wconf 85' lang='lat' dir='ltr'>Calvinianorum</span> <span class='ocrx_word' id='word_1_509' title='bbox 1374 3001 1623 3033; x_wconf 86' lang='lat' dir='ltr'>germanorum</span> <span class='ocrx_word' id='word_1_510' title='bbox 1663 2992 1835 3035; x_wconf 86' lang='lat' dir='ltr'>patronus</span> 
     </span>
    </p>
   </div>
   <div class='ocr_carea' id='block_1_10' title="bbox 68 3047 1211 3142">
    <p class='ocr_par' dir='ltr' id='par_1_12' title="bbox 68 3047 1211 3142">
     <span class='ocr_line' id='line_1_50' title="bbox 68 3047 741 3087; baseline -0.01 0"><span class='ocrx_word' id='word_1_511' title='bbox 68 3050 239 3087; x_wconf 77' lang='lat' dir='ltr'>Societati</span> <span class='ocrx_word' id='word_1_512' title='bbox 265 3049 345 3083; x_wconf 89' lang='lat' dir='ltr'>Iesu</span> <span class='ocrx_word' id='word_1_513' title='bbox 370 3047 628 3082; x_wconf 88' lang='lat' dir='ltr'>infestissimus</span> <span class='ocrx_word' id='word_1_514' title='bbox 654 3049 741 3080; x_wconf 88' lang='lat' dir='ltr'>erat.</span> 
     </span>
     <span class='ocr_line' id='line_1_51' title="bbox 188 3097 1211 3142; baseline -0.008 -5"><span class='ocrx_word' id='word_1_515' title='bbox 188 3104 200 3124; x_wconf 84' lang='lat'>³</span> <span class='ocrx_word' id='word_1_516' title='bbox 226 3102 408 3137; x_wconf 90' lang='lat' dir='ltr'>Ludovico</span> <span class='ocrx_word' id='word_1_517' title='bbox 435 3101 478 3135; x_wconf 90' lang='lat' dir='ltr'>de</span> <span class='ocrx_word' id='word_1_518' title='bbox 505 3100 624 3135; x_wconf 76' lang='lat' dir='ltr'>Cende</span> <span class='ocrx_word' id='word_1_519' title='bbox 651 3100 939 3142; x_wconf 84' lang='lat' dir='ltr'>Hugonottorum</span> <span class='ocrx_word' id='word_1_520' title='bbox 966 3097 1211 3140; x_wconf 86' lang='lat' dir='ltr'>antesignano.</span> 
     </span>
    </p>
   </div>
   <div class='ocr_carea' id='block_1_11' title="bbox 1402 3156 1448 3190">
    <p class='ocr_par' dir='ltr' id='par_1_13' title="bbox 1402 3156 1495 3190">
     <span class='ocr_line' id='line_1_52' title="bbox 1402 3156 1448 3190; baseline 0 0"><span class='ocrx_word' id='word_1_521' title='bbox 1402 3156 1448 3190; x_wconf 85' lang='lat'>42</span> 
     </span>
    </p>
   </div>
  </div>
 </body>
</html>
