2044 3335
158 102 241 144 416
367 101 467 137 1720.
496 101 580 136 Can.
608 102 646 137 P.
666 101 777 136 Paulo
803 102 951 137 Hoffaeo
978 103 1011 138 S.
1031 104 1062 138 J.
1106 103 1250 148 Dilinga
1276 107 1344 139 etc.
1362 107 1531 139 autumno
1558 116 1589 139 a.
1610 105 1711 140 1570.

158 215 336 250 Albanum
362 216 394 250 4.
421 216 542 250 Martii
572 217 662 251 1570
687 228 810 251 omnes
837 219 1014 253 terrarum
1040 230 1184 254 suarum
1211 219 1431 264 belgicarum
1457 223 1493 255 et
1519 221 1820 265 burgundicarum
1847 232 1919 256 ma—

157 269 291 312 gistros
328 269 578 312 studiososque
609 269 801 311 „bonarum
828 272 979 305 artium“
1009 283 1055 305 ex
1081 272 1246 306 omnibus
1271 273 1568 309 universitatibus
1595 275 1730 309 exteris
1757 274 1920 319 (romana

158 321 325 366 excepta)
346 324 554 356 revocasset
579 325 615 356 et
640 322 675 356 in
702 322 788 357 solis
807 324 1107 359 universitatibus
1133 324 1334 360 lovaniensi
1360 328 1396 360 et
1422 327 1591 362 duacensi
1617 327 1749 362 litteris
1775 339 1918 373 operam

157 374 242 408 dare
268 374 435 408 iussisset
464 375 702 419 (Reiffenberq
727 376 750 410 l.
777 388 806 411 c.
834 377 849 410 I
878 377 955 412 139.
998 379 1147 412 Hansen
1173 378 1195 412 1.
1223 390 1252 412 c.
1280 379 1393 422 578¹),
1430 379 1528 414 urbis
1563 380 1776 415 coloniensis
1802 380 1920 415 clerus

161 426 438 470 (secundarius),
465 428 694 470 universitas,
723 430 821 464 cives
848 442 911 475 per
935 430 1075 474 legatos
1101 431 1145 466 ab
1172 431 1309 466 Albano
1336 434 1457 477 petere
1483 435 1700 474 statuerunt,
1736 436 1775 468 ut
1800 433 1918 478 palam

158 480 368 521 ediceretur,
395 480 669 516 universitatem
696 483 936 517 coloniensem
963 495 1003 518 eo
1029 484 1219 518 interdicto
1245 497 1315 519 non
1340 485 1611 531 comprehendi;
1638 487 1674 520 in
1692 486 1921 528 *„Instructi-

157 534 242 567 one'‘
273 535 404 575 autem,
432 545 539 578 quam
565 535 622 570 20.
641 536 728 570 Maii
755 537 846 571 1570
872 536 1074 571 oratoribus
1101 537 1286 578 dederunt,
1313 549 1372 572 eos
1397 537 1475 580 hoc,
1502 540 1644 584 praeter
1670 539 1751 580 alia,
1778 539 1859 574 duci
1886 539 1921 573 in

159 586 366 620 memoriam
393 598 563 622 revocare
589 589 792 624 iusserunt:
835 589 954 632 „Quod
982 589 1089 624 huius
1116 591 1332 625 Academiae
1358 591 1505 625 Alumni
1532 592 1686 635 egregie,
1713 592 1922 636 vtiliterque

158 639 204 684 iJ's
241 639 277 673 in
312 640 430 682 rebus,
469 652 562 685 quae
594 641 819 686 Religionem
846 642 1068 677 Catholicam
1104 644 1377 686 concernebant,
1415 656 1517 678 suam
1555 657 1699 690 operam
1740 645 1922 680 Ecclesiae

159 692 386 727 Christianae
412 694 592 729 nauarint.
630 695 722 729 Nam
748 696 783 729 in
810 697 904 730 sacri
931 696 1081 742 Jmperij
1110 696 1273 742 Comitijs
1299 699 1407 742 atque
1435 697 1630 743 Colloquijs
1656 698 1922 743 praestantissi-

158 757 235 780 mos
261 746 359 781 viros
384 748 458 781 tam
484 759 548 782 suo
565 748 766 783 Coloniensi
793 761 901 794 quam
916 749 1121 785 Treuirensi
1141 750 1419 796 Archiepiscopo
1446 751 1670 795 coeterisque
1696 751 1922 796 Principibus

159 799 410 841 adiunxerunt,
446 801 507 845 qui
541 804 709 835 curarent
743 814 787 836 ne
823 803 907 846 quid
934 803 1105 838 vniuersa
1131 803 1287 849 Respub.
1323 803 1367 838 ab
1402 800 1612 839 haeresibus
1647 806 1791 850 caperet
1817 804 1922 838 detri-

159 852 281 887 menti.
333 851 513 894 Quantum
540 855 633 888 enim
660 855 702 890 D.
731 855 948 900 Gropperus,
975 856 1136 898 Billicus,
1164 856 1355 897 Candidus,
1382 856 1588 899 Rhedanus,
1615 857 1815 899 Cannisius,
1841 857 1921 891 Del-

159 906 276 951 phius,
315 906 533 947 Blanckfort,
572 911 608 942 et
643 908 772 953 reliqui
807 912 881 943 tam
916 910 952 943 in
987 910 1059 945 illis
1095 909 1302 955 Colloquijs,
1339 909 1583 955 Comitijsque,
1622 922 1730 955 quam
1765 910 1922 945 Concilio

158 959 367 994 Tridentino
394 960 584 995 vniuersae
617 961 800 996 Ecclesiae
835 963 1046 1008 profuerint,
1082 963 1226 1009 publica
1262 975 1383 997 eorum
1410 963 1675 1008 Colloquiorum
1711 966 1747 998 et
1774 964 1921 1009 Concilij

160 1014 251 1047 Acta
276 1013 403 1058 testarj
431 1014 627 1048 docebunt‘
661 1015 721 1058 (ex
747 1016 953 1061 apographo
981 1016 1092 1051 eiusd.
1111 1019 1232 1061 temp„
1259 1016 1351 1061 quod
1378 1016 1416 1051 P.
1437 1017 1588 1052 Ioannes
1615 1017 1766 1052 Rethius
1792 1017 1924 1051 facien-

159 1066 244 1100 dum
270 1067 429 1107 curavit;
458 1066 541 1102 Cod.
569 1067 681 1102 colon.
712 1069 821 1114 „Epp.
849 1069 893 1103 ad
920 1069 1046 1104 Rem*
1076 1070 1099 1104 f.
1123 1069 1235 1114 119b).

161 1194 314 1230 1720.
398 1195 613 1231 CANISIUS
640 1198 772 1242 aliique
798 1199 1002 1242 theologiae
1028 1199 1191 1234 doctores
1218 1200 1253 1234 in
1280 1200 1464 1245 provincia
1492 1199 1704 1234 Germaniae
1730 1200 1925 1245 superioris

351 1249 524 1292 degentes
550 1249 612 1285 P.
639 1249 867 1287 PAULO
895 1250 1222 1288 HOFFr-XEO
1251 1251 1305 1288 S.
1325 1252 1379 1288 J.
1406 1253 1610 1298 praeposito
1636 1253 1859 1298 provinciali.

1260 1306 1405 1350 Dilinga
1432 1308 1498 1340 etc.
1525 1310 1695 1341 autumno
1721 1318 1752 1341 a.
1774 1307 1875 1342 1570.

282 1360 334 1394 Ex
360 1361 499 1396 Hoffaei
527 1363 761 1408 autographo,
789 1363 830 1398 G.
859 1363 923 1409 Ep.
949 1364 999 1398 XI
1026 1365 1050 1399 f.
1074 1365 1149 1399 193.

282 1433 332 1465 De
359 1432 406 1473 5⁰,
420 1456 444 1475 0.

281 1504 328 1546 P.
346 1504 511 1547 Paulus
533 1506 740 1560 Hoffaens
764 1508 806 1550 S.
823 1508 864 1550 J.
886 1509 1156 1562 praepositus
1181 1511 1461 1563 provincialis
1485 1510 1743 1551 Germaniae
1764 1509 1926 1563 Superi-

159 1571 246 1610 oris
268 1570 338 1611 21.
358 1570 546 1612 Octobris
568 1574 655 1614 157
659 1576 684 1614 O
707 1574 750 1615 S.
770 1573 996 1615 Francisco
1030 1574 1213 1628 Boryiae
1244 1576 1483 1630 praeposito
1514 1575 1703 1630 μηθ’-αἰῶ
1734 1574 1926 1628 scripsit..-

163 1634 311 1686 „Mitto
343 1636 410 1676 laic
431 1650 616 1678 meorum
638 1639 863 1680 Doctorum
889 1640 1175 1694 responsiones
1203 1640 1261 1680 ad
1293 1640 1499 1695 quasdam
1522 1654 1635 1681 meas
1667 1640 1926 1695 quaestiones

160 1714 267 1754 quae
310 1715 358 1742 ex
397 1702 536 1743 vltimo
578 1704 768 1745 Romano
810 1719 1006 1759 responso
1048 1705 1152 1746 milei
1192 1710 1308 1746 ortae
1348 1710 1446 1747 sunt
1488 1705 1537 1747 cle
1577 1709 1618 1748 5.
1649 1719 1727 1759 pro
1768 1703 1920 1746 centos·

157 1765 216 1807 Et
248 1765 367 1807 Petret
401 1767 579 1817 Canisii,
623 1773 657 1810 et
690 1771 948 1824 reliquorum
980 1769 1255 1821 (leeoclorici
1298 1770 1474 1822 Canisz'i,
1517 1771 1726 1824 Alplzonsz'
1756 1770 1924 1821 Pisani,

160 1831 414 1885 Hieronymi
452 1833 672 1875 Torrensis
707 1835 798 1886 etc.)
831 1849 1031 1890 responsa
1061 1837 1219 1890 perisse
1252 1836 1460 1877 videntur.

279 1904 332 1939 De
358 1917 504 1940 romano
531 1907 590 1941 illo
617 1920 787 1953 responso
815 1921 847 1943 V.
867 1921 976 1954 supra
995 1922 1027 1954 p.
1047 1910 1127 1946 403.
1164 1911 1317 1953 Boryz‘as
1335 1910 1482 1944 Hoffaeo
1501 1910 1613 1943 Roma
1632 1910 1663 1943 7.
1680 1908 1814 1954 Aprilis
1834 1908 1924 1943 1570

163 1957 409 2002 *scripseratz
441 1959 602 2002 „Quanto
627 1961 690 1995 alli
716 1962 845 2006 cinque
871 1975 934 2008 per
952 1966 1067 2003 cento,
1094 1963 1128 1996 di
1146 1975 1263 1997 nuouo
1289 1963 1319 1997 si
1339 1962 1437 2008 parlo
1465 1963 1499 1997 al
1517 1963 1588 1997 PP.
1614 1963 1712 1997 accio
1731 1961 1764 1996 S.
1784 1961 1924 1995 Santita

161 2009 195 2043 lo
222 2010 353 2045 facessi
379 2013 539 2047 studiare
575 2026 638 2059 per
673 2015 774 2049 farne
801 2015 954 2060 qualche
979 2016 1199 2057 risolutione,
1236 2018 1271 2050 et
1305 2016 1378 2051 cosi
1404 2016 1502 2050 dette
1536 2016 1571 2050 la
1607 2015 1855 2050 commissione
1890 2015 1924 2048 di

161 2064 263 2105 farlo,
290 2068 326 2098 et
351 2066 382 2099 si
409 2066 487 2100 fara
512 2067 683 2112 piacendo
710 2071 730 2102 a
757 2069 833 2110 Dio,
861 2072 896 2103 et
922 2070 1014 2104 satta
1032 2070 1177 2114 Pasqua
1203 2070 1234 2104 si
1260 2072 1362 2114 potra
1388 2069 1545 2104 scriuere
1572 2070 1625 2104 cio
1648 2069 1714 2104 che
1733 2068 1920 2103 risultera⁴⁵

163 2117 226 2161 (ex
252 2129 375 2163 apogr.
403 2120 513 2154 eiusd.
540 2123 668 2166 temp.;
702 2121 821 2156 Germ.
849 2123 893 2157 70
919 2123 943 2157 f.
964 2123 1075 2166 166³).
1113 2123 1302 2157 Societatis
1329 2123 1490 2157 homines
1515 2123 1677 2166 germani
1703 2125 1799 2156 certe
1826 2121 1924 2155 dubi·

162 2170 358 2206 tationibus
385 2171 491 2207 huius
517 2175 660 2217 generis
687 2175 720 2209 in
740 2187 892 2218 magnas
910 2177 1098 2219 angustias
1117 2177 1328 2220 agebantur.
1367 2177 1422 2210 Ita
1447 2177 1487 2210 P.
1507 2178 1718 2211 Domim'cus
1735 2177 1924 2219 Menyinus

161 2224 302 2268 collegii
330 2227 555 2261 monacensis
582 2230 698 2262 rector
725 2229 764 2263 P.
792 2229 939 2263 Nicolao
966 2230 1109 2269 Lanoio,
1145 2230 1206 2274 qui
1233 2241 1253 2264 a
1279 2230 1464 2274 provincia
1491 2229 1704 2264 Germaniae
1729 2228 1923 2273 superioris

161 2277 310 2312 Romam
337 2279 470 2314 missus
495 2283 573 2315 erat
591 2284 811 2326 procurator,
838 2282 1027 2317 Monachio
1045 2283 1101 2317 25.
1122 2283 1202 2317 Iulii
1223 2284 1309 2318 1571
1338 2285 1352 2299 ³*
1366 2283 1529 2328 scripsit:
1561 2282 1641 2328 „th
1661 2284 1767 2316 antea
1784 2281 1922 2326 rogauj,

162 2331 212 2365 ita
238 2344 334 2366 nunc
360 2345 447 2377 rogo
473 2333 667 2376 humiliter,
695 2335 779 2379 quid
805 2336 907 2370 nobis
933 2337 982 2370 sit
1007 2337 1210 2370 faciendum
1237 2337 1279 2371 de
1298 2338 1331 2371 5.
1349 2348 1413 2381 pro
1435 2337 1501 2371 100
1526 2347 1615 2381 quos
1641 2336 1698 2370 hic
1725 2335 1923 2369 concedunt

161 2385 221 2431 alij
249 2385 430 2430 religiosi¹
456 2389 661 2423 auertentes
688 2400 708 2423 a
734 2389 836 2423 nobis
854 2392 969 2423 totum
988 2389 1157 2434 populum
1177 2392 1244 2424 etc.
1358 2389 1387 2424 O
1406 2390 1545 2424 vtinam
1571 2388 1818 2424 fauorabiliter
1843 2388 1923 2422 istis

161 2439 316 2474 miseriis
334 2441 593 2485 respondeatur
614 2443 785 2485 (autogr.;
806 2441 846 2476 G.
863 2442 926 2487 Ep.
943 2443 1021 2477 coll.
1036 2443 1052 2477 Ι
1070 2443 1094 2477 f.
1111 2443 1224 2486 295³).
1243 2445 1417 2486 Hoffaeus
1433 2443 1632 2488 Oeniponte
1651 2443 1704 2476 17.
1719 2441 1811 2476 Iunii
1833 2442 1920 2476 1571

162 2492 315 2536 Borgiae
340 2493 531 2538 ÷÷scripsit:
574 2494 725 2540 „Curauj
752 2496 887 2530 moneri
913 2496 1134 2540 Fuggericos
1161 2499 1201 2530 vt
1228 2508 1313 2530 suas
1339 2497 1497 2531 rationes
1532 2496 1574 2530 de
1601 2496 1633 2529 5.
1659 2507 1722 2540 pro
1751 2495 1819 2530 100
1844 2507 1921 2539 pro-

162 2549 314 2590 ponant:
352 2546 527 2581 dederunt
551 2549 739 2592 negocium
776 2548 842 2583 hoc
874 2549 1016 2583 cuidam
1042 2549 1189 2584 Doctori
1215 2550 1324 2590 Juris,
1360 2550 1462 2583 cuius
1497 2549 1671 2593 scriptum
1706 2548 1764 2582 hic
1799 2548 1921 2582 mitto:

161 2601 197 2632 et
231 2599 376 2633 tandem
409 2600 596 2635 tolerabile
632 2604 667 2635 et
701 2602 830 2636 bonum
866 2614 1076 2647 responsum
1112 2603 1366 2648 expectamus⁴⁴
1400 2601 1461 2646 (ex
1496 2603 1634 2644 autogr.
1662 2601 1703 2636 Gr.
1724 2601 1787 2646 Ep.
1807 2600 1921 2635 coll.I

162 2651 186 2685 f.
207 2652 271 2686 371
301 2653 398 2696 372).
437 2654 491 2688 Ad
518 2666 610 2699 quae
636 2655 674 2689 P.
703 2657 944 2700 Hieronymus
969 2657 1112 2690 Natalis
1138 2656 1250 2690 Roma
1276 2656 1331 2690 20.
1359 2655 1439 2689 Iulii
1461 2655 1546 2693 1571
1576 2653 1805 2700 *respondit:
1837 2654 1923 2696 „Del

164 2705 308 2746 negocio
344 2707 387 2740 de
413 2707 512 2741 cinco
547 2719 610 2753 per
635 2712 738 2742 cento
765 2709 808 2743 de
835 2709 858 2742 li
886 2708 1027 2752 Signori
1054 2709 1180 2743 Fucari
1213 2708 1259 2742 ha
1285 2708 1406 2742 uoluto
1433 2708 1456 2742 il
1484 2719 1577 2753 papa
1612 2707 1677 2742 che
1704 2708 1727 2741 il
1755 2706 1922 2741 Cardinal

166 2755 389 2792 Coinendone
415 2759 550 2803 Legato
577 2763 597 2795 a
623 2761 647 2795 li
674 2762 868 2806 imperator
893 2766 928 2796 et
954 2762 1002 2796 ali
1028 2762 1079 2796 Re
1106 2762 1140 2796 di
1167 2761 1314 2795 Polonia
1340 2761 1394 2795 col
1420 2760 1524 2805 quale
1550 2772 1596 2795 va
1622 2760 1647 2794 il
1670 2761 1784 2794 Padre
1799 2760 1922 2794 Toleto

164 2820 268 2853 presa
295 2811 543 2847 informatione
578 2815 613 2848 in
639 2814 759 2858 quella
786 2815 902 2849 banda
928 2815 1097 2860 risponda
1123 2815 1242 2859 quello
1278 2814 1341 2849 che
1368 2814 1498 2858 meglio
1534 2814 1559 2847 li
1585 2825 1711 2858 parera
1731 2840 1738 2847 .
1757 2815 1793 2847 et
1818 2813 1850 2847 io
1876 2813 1921 2847 ho

165 2862 247 2896 dato
274 2863 308 2896 in
335 2865 443 2899 scrito
470 2867 588 2910 quello
625 2867 690 2902 che
716 2879 786 2912 qua
812 2868 843 2902 si
869 2869 1011 2902 sentina
1039 2867 1091 2902 .V.
1118 2868 1334 2902 Reuerentia
1371 2867 1396 2900 li
1423 2870 1524 2912 potra
1550 2867 1706 2901 scribere
1733 2866 1790 2900 ala
1817 2866 1921 2900 Corte

164 2915 221 2948 del
248 2920 470 2960 emperatore
496 2922 583 2953 etc.“
616 2920 676 2963 (ex
704 2932 825 2965 apogr.
853 2921 963 2956 eiusd.
991 2923 1120 2966 temp.;
1148 2921 1267 2956 Germ.
1287 2921 1329 2954 71
1358 2921 1381 2954 f.
1410 2921 1554 2963 9—10).
1588 2920 1634 2954 Et
1659 2920 1752 2953 idem
1779 2920 1922 2953 Natalis

164 2968 322 3002 vicarius
356 2971 533 3012 generalis
569 2973 680 3007 Roma
707 2974 739 3008 2.
766 2975 922 3008 Ianuarii
952 2975 1040 3009 1572
1069 2974 1108 3008 Ρ.
1135 2974 1364 3008 Franciscum
1391 2973 1553 3007 Toletum
1584 2974 1632 3016 (v.
1656 2974 1742 3007 Can.
1761 2972 1811 3006 IV
1837 2973 1921 3006 465ι

289 3088 298 3107 ¹
324 3088 571 3130 Franciscani3
600 3102 632 3123 v.
661 3102 768 3135 supra
796 3103 828 3135 p.
849 3092 927 3125 311.
