2044 3335
599 129 603 132 ⁵
668 87 814 132 Dilinga
843 89 897 124 13.
917 88 1074 133 Augusti
1095 88 1196 123 1568.
1742 91 1823 132 207

55 205 197 249 onmia
239 219 392 247 curare
434 207 663 258 coguntur,
707 208 751 248 et
792 220 968 248 suorum
1001 205 1243 248 studiorum
1275 204 1490 246 iacturam
1523 202 1683 247 facere.
1747 204 1828 246 Cu-

54 271 194 326 pimus
235 270 317 312 hac
358 270 402 311 in
443 284 490 311 re
522 270 677 321 lucem,
720 285 821 312 narn
861 271 1133 313 dissimulare
1166 270 1306 312 multa
1338 282 1483 321 cogor,
1528 271 1576 310 vt
1609 269 1705 322 paci
1738 283 1828 311 ser-

55 336 169 378 uiam
202 337 247 378 et
280 335 566 377 delicatorum
599 336 869 388 quorundam
903 336 1125 378 consulam
1158 333 1416 376 infirmitati.

172 400 272 442 Non
316 400 394 442 abs
438 413 487 441 re
532 399 664 442 etiam
709 400 837 451 foret,
884 401 919 442 si
965 401 1125 443 isthinc
1167 400 1356 441 officium
1397 398 1608 452 Regentis
1650 398 1828 451 Collegij

55 465 203 508 Sancti
226 465 483 519 Hieronymi
498 466 524 515 1,
559 479 585 507 a
607 465 863 507 Reuerendo
887 480 927 520 p.
953 465 1156 508 Generali
1184 464 1473 519 approbatum
1497 463 1658 505 habere
1680 476 1831 517 posse-

55 545 162 580 mus,
204 533 254 573 vt
294 529 460 572 sciatur
501 543 612 583 quae
654 530 712 573 sit
743 531 955 584 Regentis
994 545 1020 573 a
1052 530 1241 572 Rectore
1284 528 1588 582 dependentia,
1631 531 1676 571 et
1717 528 1832 581 quod

55 595 265 649 Regentis
306 609 412 648 erga
453 597 628 637 nostros
662 609 808 637 secum
842 595 1106 646 habitantes,
1151 608 1257 648 erga
1290 593 1563 636 conuictores
1597 606 1831 646 eorumque

54 664 275 716 patronos,
319 674 425 713 erga
465 659 689 702 ministros
731 663 938 703 externos
971 663 1054 703 etc.
1096 673 1265 710 100005,
1311 661 1356 701 et
1400 661 1566 711 quanta
1610 660 1830 712 potestas:

57 726 240 779 denique
282 725 383 779 quid
425 739 503 779 per
544 739 590 767 se
632 727 677 767 et
719 725 821 779 quid
862 740 949 768 non
980 725 1132 780 possit.
1197 724 1336 766 Video
1370 723 1484 765 enim
1516 725 1714 777 tempore
1746 723 1834 764 ista

56 791 291 845 cogitanda
333 804 441 841 esse,
484 794 534 833 vt
574 790 845 833 tentationes
888 794 932 833 et
972 790 1179 845 pericula,
1222 802 1334 842 quae
1376 788 1455 831 tali
1497 788 1592 829 loco
1625 787 1754 829 facile
1786 801 1833 829 se

57 857 258 907 offerunt,
292 855 653 910 praeueniantur:
699 858 744 897 et
776 856 939 898 Rector
971 869 1048 897 500
1082 855 1250 897 muneri
1283 867 1369 895 non
1402 853 1528 903 desit,
1572 853 1642 894 vel
1674 852 1835 894 limites

58 921 188 964 etiam
234 935 335 963 suos
383 926 494 962 nona
539 921 906 974 transgrediatur.
971 921 1204 962 Difficilem
1253 918 1457 973 experior
1501 918 1744 971 Regentem
1791 917 1835 958 in

57 986 338 1029 admittendis
371 986 533 1028 nostris
567 986 790 1036 fratribus,
823 990 873 1029 vt
900 986 1109 1028 cubiculis
1130 983 1350 1039 praesint:
1385 985 1592 1025 causatur
1613 985 1833 1036 sumptus:

57 1051 232 1105 Aliquid
264 1056 411 1095 tamen
444 1051 787 1106 impetrabimus.
834 1051 1156 1105 Temporalium
1190 1063 1294 1092 cura
1327 1048 1517 1103 quietem
1550 1048 1728 1102 spiritus
1751 1062 1834 1090 non

57 1131 156 1159 raro
189 1117 432 1171 perturbat.

176 1182 297 1232 Quod
329 1183 384 1224 ad
407 1181 587 1235 Collegij
618 1184 783 1224 statum
808 1181 982 1231 attinet,
1016 1181 1214 1223 valemus
1238 1180 1300 1222 sic
1324 1179 1446 1230 satiS,
1481 1178 1652 1221 Christo
1676 1178 1834 1232 gratia,

59 1251 243 1302 excepto
287 1248 510 1290 Roberto2
553 1247 771 1301 hyberno,
822 1247 893 1300 qui
938 1247 1004 1289 his
1050 1246 1200 1288 diebus
1241 1245 1520 1298 Jngolstadio
1565 1244 1648 1285 huc
1692 1244 1835 1298 redth.

59 1313 378 1368 Typographus
419 1313 462 1354 in
506 1315 552 1355 3?
583 1312 694 1354 libro
728 1311 1078 1365 Augustinianae
1111 1325 1225 1353 nunc
1257 1312 1475 1353 versatur.
1540 1309 1837 1363 Expectamus

59 1378 377 1432 Tubingensem
411 1381 564 1421 contra
597 1378 966 1432 Augustinianam
1000 1376 1315 1419 confessionem
1350 1389 1578 1417 censuram
1593 1376 1620 1418 3.

178 1444 229 1487 D.
264 1444 465 1486 Turriani
497 1444 635 1486 liber4
668 1443 851 1485 necdum
885 1443 1045 1486 allatus
1079 1444 1147 1484 est
1169 1441 1428 1495 Antuerpia.
1487 1439 1692 1494 Suspicor
1724 1439 1838 1481 bella

59 1509 281 1563 impedire,
317 1524 498 1563 quorum
531 1509 680 1563 magni
713 1512 981 1563 sparguntur
1012 1521 1222 1557 rumores,
1257 1521 1341 1548 non
1376 1506 1513 1547 solum
1547 1505 1591 1546 in
1617 1504 1835 1555 Flandria,

60 1575 135 1617 sed
168 1577 213 1617 et
244 1575 285 1616 10
321 1575 513 1618 Saxonia
546 1577 590 1617 et
624 1575 778 1618 Gallia.
843 1574 1053 1616 Dominus
1086 1573 1144 1614 sit
1176 1573 1412 1614 nobiscum.

179 1640 394 1683 Dicuntur
431 1640 514 1682 viri
547 1640 715 1682 nobiles
747 1639 846 1681 hinc
879 1653 980 1681 suos
1013 1652 1201 1681 auocare
1233 1637 1345 1679 filios
1380 1637 1448 1678 vel
1481 1636 1622 1678 minus
1653 1635 1840 1677 libenter

60 1706 142 1747 huc
184 1705 372 1757 mittere,
419 1709 600 1760 propter
642 1705 851 1748 eiusmodi
895 1706 1100 1758 vulgatos
1141 1717 1350 1744 rumores.
1416 1702 1542 1744 Certe
1588 1701 1739 1743 Comes
1784 1700 1838 1742 ab

63 1771 353 1814 Helffenstain
393 1773 505 1814 hanc
547 1772 600 1813 ob
643 1785 819 1813 causam
862 1785 963 1812 suos
996 1769 1321 1823 Jngolstadium
1364 1768 1574 1809 missurus
1607 1767 1836 1820 putatur5:

63 1839 106 1879 et
151 1837 203 1879 de
247 1837 479 1892 nepotibus
520 1851 691 1890 quoque
733 1836 976 1878 Cardinalis
1014 1834 1199 1877 Domino
1241 1833 1433 1888 philippo
1478 1835 1522 1874 et
1564 1832 1614 1875 D.
1652 1830 1839 1885 Georgio

62 1902 206 1944 nescio
248 1903 348 1956 quid
390 1903 656 1957 spargitur‘ff.
721 1902 907 1944 Multum
950 1901 1057 1943 haec
1099 1913 1170 1941 res
1212 1899 1373 1941 nostris
1412 1897 1570 1940 scholis
1603 1897 1839 1938 incommo-

64 1967 195 2017 dabit,
231 1982 342 2021 quae
374 1968 653 2010 mediocriter
685 1967 847 2020 alioqui
880 1968 1052 2008 florent.

182 2056 209 2085 a)
230 2056 291 2080 Hoc
313 2063 335 2080 v.
356 2063 373 2079 α
397 2055 446 2079 Th.
468 2056 496 2080 C.
516 2063 609 2086 supra
633 2062 747 2079 versum
768 2055 911 2086 scriptum
932 2057 983 2078 est.

188 2186 197 2205 ¹
222 2185 457 2229 Dilinganum
476 2185 544 2219 hoc
562 2185 733 2219 iuvenum
753 2183 995 2218 studiosorum
1015 2182 1288 2217 contubernium
1308 2181 1386 2216 sive
1406 2181 1612 2215 convictum
1632 2179 1671 2213 P.
1691 2179 1843 2212 Ioannes

66 2239 285 2273 Rabenstein
313 2238 347 2273 S.
367 2239 400 2273 J.
426 2239 588 2282 regebat.

187 2291 199 2312 2
225 2291 419 2333 Rochfort3
447 2303 481 2326 V.
509 2302 619 2335 supra
646 2302 679 2335 p.
697 2290 793 2324 122¹.

186 2346 198 2365 ³
225 2344 403 2379 Sebaldus
429 2345 557 2389 Mayer
582 2344 751 2387 Dilingae
778 2343 975 2378 secundam
1002 2342 1195 2377 editionem
1226 2340 1493 2383 „Confessionis
1520 2338 1843 2382 Augustinianae“,

66 2410 86 2432 a
122 2399 161 2433 P.
189 2398 408 2444 Hieronymo
435 2398 605 2432 Torrensi
640 2397 673 2432 S.
702 2397 735 2431 J.
772 2397 927 2442 primum
963 2396 1095 2430 ibidem
1132 2407 1162 2430 a.
1193 2396 1282 2429 1567
1317 2394 1500 2437 vulgatae,
1540 2391 1742 2426 excudebat
1782 2392 1843 2434 (cf.

68 2463 177 2497 supra
203 2464 236 2497 p.
258 2453 355 2495 139).
394 2451 485 2493 Quid
512 2452 662 2486 Iacobus
681 2451 847 2485 Andreae
873 2450 1102 2495 praepositus
1128 2447 1355 2491 tubingensis
1382 2459 1412 2481 a.
1436 2447 1526 2481 1568
1553 2447 1588 2479 in
1614 2446 1705 2480 libro
1737 2445 1844 2487 „Gra-

68 2505 241 2540 tulation“
272 2508 339 2540 etc.
368 2508 493 2540 contra
524 2504 835 2547 „Confessioneni“
867 2504 1066 2549 scripserit,
1093 2515 1127 2537 v,
1155 2503 1260 2543 infra,
1288 2513 1381 2535 mon.
1408 2500 1477 2534 litt.
1508 2499 1598 2543 (20).

189 2561 201 2579 ⁴
231 2559 304 2601 „De
330 2559 576 2593 Hierarchicis
603 2557 943 2599 Ordinationibus“;
970 2569 1004 2592 v.
1032 2568 1141 2602 supra
1169 2568 1202 2600 p.
1224 2556 1301 2590 199.

190 2614 202 2631 ⁵
228 2612 422 2647 Udalricus
448 2612 509 2646 IV.
540 2612 687 2655 (XVII.)
716 2622 836 2645 comes
872 2611 916 2645 ab
943 2610 1171 2645 Helfenstein
1201 2610 1248 2652 (a.
1280 2608 1368 2643 1567
1406 2619 1451 2641 ex
1478 2606 1774 2652 protestantismo
1801 2606 1846 2640 ad

70 2666 176 2700 fidem
213 2666 429 2700 catholicam
464 2666 651 2709 reductus)
690 2676 721 2699 a.
752 2665 843 2700 1568
870 2664 1082 2698 Udalricum
1113 2664 1188 2707 (V.)
1228 2666 1264 2696 et
1299 2660 1530 2706 Rudolphum
1559 2660 1635 2704 (V.)
1674 2659 1766 2694 filios
1802 2671 1847 2693 ex

72 2720 309 2754 universitate
335 2720 519 2763 dilingana
545 2720 580 2753 in
607 2718 929 2763 ingolstadiensem
955 2718 1114 2761 migrare
1140 2716 1247 2751 iussit
1275 2716 1381 2759 (Can.
1397 2714 1428 2749 V
1444 2715 1540 2749 783⁷.
1576 2715 1740 2748 Medea-er
1765 2713 1788 2747 l.
1817 2726 1846 2747 0.

72 2773 87 2806 1
114 2773 194 2809 308.
229 2775 275 2808 H.
294 2775 338 2808 F.
357 2775 498 2815 Kerler,
526 2773 745 2808 Geschichte
771 2772 834 2806 der
861 2771 997 2806 Grafen
1023 2783 1095 2805 von
1121 2770 1359 2811 Helfenstein,
1387 2769 1470 2802 Ulm
1497 2768 1599 2809 1840,
1630 2766 1846 2810 151-152).

193 2828 205 2847 ‘³
232 2827 279 2860 Hi
306 2826 451 2870 Georgii
479 2827 540 2861 IV.
568 2838 588 2860 a
615 2826 819 2868 Waldburg
845 2825 909 2859 filii
945 2827 1033 2859 natu
1063 2824 1202 2858 minimi
1237 2826 1274 2857 et
1309 2822 1504 2857 cardinalis
1531 2821 1676 2856 Ottonis
1703 2821 1849 2863 cognati

73 2892 189 2925 neque
214 2882 336 2915 tamen
355 2883 504 2926 nepotes
524 2882 645 2922 erant3
672 2880 864 2924 Philippus
885 2879 1009 2921 (natus
1027 2890 1058 2913 a.
1077 2878 1184 2922 1550)
1212 2878 1284 2911 iam
1304 2878 1382 2910 erat
1401 2875 1593 2910 canonicus
1613 2875 1848 2909 ecclesiarum

74 2933 333 2968 cathedralium
360 2934 680 2977 argentoratensis,
708 2932 999 2973 constantiensis,
1027 2931 1261 2971 coloniensis,
1291 2930 1469 2974 Georgius
1490 2929 1613 2972 (natus
1631 2929 1784 2971 a.1555)
1814 2930 1850 2962 et

74 2988 150 3033 ipse
176 2989 274 3022 vitae
301 2987 570 3022 ecclesiasticae
596 2987 800 3022 destinatus
827 2988 923 3026 erat;
951 2989 1103 3029 uterque
1130 2996 1244 3028 usque
1271 2984 1315 3018 ad
1342 2995 1373 3018 a.
1404 2983 1495 3018 1570
1521 2982 1689 3026 Dilingae
1715 2982 1851 3015 mansit

78 3040 169 3085 (Jos.
188 3042 370 3085 roe-hezer,
391 3040 608 3076 Geschichte
627 3041 690 3075 des
707 3040 922 3075 ffirstlichen
943 3039 1085 3073 Hauses
1098 3037 1304 3081 Waldburg
1327 3038 1363 3071 in
1382 3036 1581 3071 Schwaben
1599 3036 1643 3077 II,
1671 3035 1848 3080 Kempten

79 3095 180 3137 1900,
207 3095 296 3136 8143
322 3094 385 3136 ΠΙ,
413 3095 591 3140 Kempten
618 3107 651 3128 0.
679 3094 860 3128 Μ11001100
890 3093 991 3134 1907,
1017 3093 1087 3127 446
1115 3092 1331 3135 511—519).
