2044 3335
172 54 255 96 706
573 51 667 85 Mon.
696 50 928 84 1053—1055
954 49 1032 83 sive
1058 48 1125 83 litt.
1149 47 1369 92 (48)—(50).
1416 49 1516 84 1571,

171 167 306 204 1053
334 169 411 202 51νο
438 165 547 202 litt.
568 164 705 210 (48).
781 164 864 199 1571.

291 227 430 260 Canisiess
458 226 617 268 „Parvus
647 221 905 257 Cateclzismus“
933 224 1077 256 ‹elamice
1104 224 1319 266 Antverptae
1344 223 1471 257 editur.

288 286 508 327 Auynstmus
534 284 587 316 De
613 283 751 316 Baclcer
777 282 810 316 S.
831 283 874 322 J.‚
902 282 961 315 ubi
989 280 1205 315 Catechismi
1232 282 1406 315 canisiani
1432 281 1616 316 versiones
1643 284 1816 324 recenset,
1843 282 1931 318 11300

170 338 275 372 habet
305 337 410 381 (Bibl.
438 337 474 369 Ι2
503 335 628 378 1059);
666 334 968 378 ,117301300118110
999 335 1087 368 ende
1114 334 1282 379 oprechte
1309 334 1636 378 Ondervviisinghe
1672 336 1777 369 inden
1804 336 1932 370 Catho-

169 390 274 435 lycke
301 389 483 433 gheloove,
511 388 668 422 notelick
695 387 789 422 allen
815 387 1007 432 menschen
1034 389 1070 421 te
1096 389 1223 429 weten,
1251 388 1340 421 ende
1366 399 1444 421 seer
1470 387 1688 433 profytelick
1715 400 1770 422 om
1797 389 1853 422 die
1873 401 1932 423 on-

170 443 359 486 gheleerde
391 441 481 475 ende
507 440 676 486 ioncheyt
701 442 736 474 te
758 440 947 484 vbrenghen
973 442 1027 474 tot
1061 440 1231 474 kennisse
1257 452 1329 475 van
1355 440 1488 474 hender
1513 440 1703 485 salicheyt.
1753 441 1810 475 Int
1844 441 1934 476 licht

171 495 330 538 ghestelt
356 496 442 529 deur
470 494 536 528 den
556 493 634 528 Eer.
664 493 778 527 Heere
796 494 925 527 Peeter
944 493 1108 528 Canisius
1128 493 1281 527 Doctoor
1307 493 1408 527 inder
1427 493 1622 539 Godtheyt,
1648 495 1737 528 ende
1762 495 1933 538 religieus

169 549 309 582 vanden
337 547 628 592 Gheselschappe
654 547 796 581 vanden
822 558 925 581 naem
954 547 1073 581 Jesus.
1112 546 1391 592 T'Antwerpem
1420 546 1629 582 Ghedruckt
1654 548 1701 592 by
1729 547 1933 582 Christoffel

169 601 335 646 Plantyn.
363 600 583 642 M.D.LXXI‚
619 601 689 641 240,
722 600 742 635 8
768 601 802 634 ff.
828 600 901 634 lim.
930 612 1017 645 pour
1041 600 1074 634 le
1101 599 1310 641 calendrier,
1337 612 1395 645 pp.
1414 601 1468 642 53,
1496 601 1606 643 goth„
1632 600 1729 635 'l'itre
1756 604 1792 635 et
1817 601 1932 636 calen-

170 655 262 688 drier
288 667 330 688 en
357 665 466 697 rouge
494 656 530 688 et
554 653 662 688 noir.“
706 653 839 688 Eadem
867 653 1079 696 (omittendo
1104 656 1224 687 tamen
1247 653 1385 697 „goth.“
1409 657 1444 688 et
1470 654 1580 688 verba
1606 654 1809 698 sequentia)
1835 655 1934 700 ponit

171 709 435 752 Sommercoyel,
466 707 555 741 Bibl.
582 707 615 741 II
642 707 722 741 632.

288 761 331 795 Et
357 761 410 794 De
439 760 576 794 Backer
602 762 638 794 et
664 759 933 803 Sommervogel
960 759 1151 794 vlamicam
1178 760 1271 794 hanc
1290 760 1507 795 Catechismi
1534 761 1707 795 canisiani
1734 761 1933 795 versionem

171 814 318 858 (litteris
344 814 498 858 gothicis
517 813 594 847 sive
620 813 835 856 germanicis
854 813 1086 858 descriptam)
1112 826 1175 858 pro
1193 814 1358 847 versione
1381 813 1586 855 „Summae“
1608 814 1759 854 habent3
1786 814 1820 848 id
1840 815 1931 858 quod

171 868 333 912 equidem
353 867 439 901 mihi
467 867 680 912 persuadere
698 879 768 900 non
786 878 951 911 possum;
979 867 1085 900 immo
1104 867 1181 901 sive
1199 866 1311 901 libelli
1329 867 1474 901 titulum
1493 867 1730 911 foliorumque
1748 879 1932 902 numerum

171 921 365 962 considero,
393 921 470 954 sive
491 920 657 954 Summae
684 920 875 954 editionem
894 920 1084 954 vlamicam
1103 932 1134 954 3.
1156 921 1245 955 1565
1266 921 1485 965 Antverpiae
1512 921 1643 954 editam
1674 922 1780 964 (Can.
1798 921 1830 955 V
1848 921 1933 965 800)

171 976 206 1008 et
235 974 505 1016 „Institutiones
531 974 757 1008 Christianae
784 973 954 1008 Pietatis“
986 976 1052 1007 etc.
1072 985 1102 1008 a.
1129 975 1220 1009 1566
1247 976 1283 1008 et
1310 975 1399 1008 1567
1426 986 1446 1007 a
1472 974 1640 1008 Plautino
1666 985 1819 1008 excusas
1847 974 1884 1013 (l.
1905 986 1934 1009 0.

171 1028 239 1062 806
276 1028 360 1070 822)
398 1026 557 1072 inspicio,
595 1026 756 1060 dubitare
782 1039 850 1061 non
887 1038 1041 1071 possum,
1078 1027 1162 1070 quin
1193 1027 1336 1061 libellus
1371 1027 1431 1061 ille
1467 1027 1835 1070 „Ondervviisinghe“
1867 1030 1934 1062 etc.

170 1081 218 1115 sit
244 1081 362 1115 versio
393 1080 522 1122 „Parvi
551 1080 767 1114 Catechismi
794 1079 1079 1114 Oatholicorunff
1110 1081 1293 1115 canisiani.

171 1173 309 1210 1054
335 1174 412 1209 51νο
438 1172 548 1209 litt.
569 1171 705 1218 (49).
779 1172 863 1208 1571.

291 1235 425 1279 „Parvi
455 1234 661 1266 Cateche’smc'
690 1232 972 1267 Cathohcorunst
1002 1234 1182 1266 canisiani
1210 1232 1413 1277 „Epitomffl
1441 1234 1634 1277 trilinffltis.

289 1294 328 1327 In
355 1292 488 1333 libello,
516 1293 575 1336 qui
604 1292 798 1336 inscriptus
825 1294 880 1325 est
902 1293 1114 1336 ,Cataloqus
1139 1304 1254 1326 novus
1282 1304 1326 1326 ex
1353 1292 1528 1326 Nundinis
1554 1292 1760 1326 vernalibus
1786 1292 1936 1327 Franco—

171 1347 257 1380 furti
293 1347 336 1380 ad
364 1347 541 1386 Moenum,
577 1357 669 1379 anno
695 1345 742 1379 M.
762 1345 804 1379 D.
826 1345 967 1379 LXXII.
995 1346 1185 1379 celebratis
1212 1373 1246 1379 ..
1269 1374 1274 1379 .
1302 1346 1526 1379 Francofurti
1563 1346 1606 1379 ad
1640 1346 1806 1379 Moenum
1842 1346 1934 1390 apud

172 1400 364 1434 Mai-tinum
392 1399 542 1433 Lechler
571 1399 695 1440 1572“,
722 1399 877 1432 refertur
906 1399 945 1441 (f.
967 1398 1082 1443 214³),
1110 1399 1144 1432 in
1170 1402 1331 1433 mercatu
1367 1399 1427 1433 illo
1462 1399 1607 1433 librario
1633 1399 1798 1433 venalem
1825 1400 1936 1434 fuisse

171 1452 328 1487 libellum
360 1452 597 1495 „Oatechismi
626 1452 726 1496 parui
753 1452 795 1486 D.
823 1451 956 1497 Canisij
991 1454 1153 1497 epitome,
1189 1452 1322 1497 triplici
1356 1453 1533 1493 idiomate,
1571 1453 1709 1494 Latino,
1737 1452 1875 1487 Gallico
1901 1455 1936 1487 et

173 1506 376 1546 Teutonico,
413 1506 447 1539 in
475 1505 629 1539 tenellae
664 1505 839 1550 pueritiae
875 1505 1028 1548 gratiam
1065 1517 1199 1540 excusa
1219 1534 1225 1540 .
1245 1508 1371 1550 quarto
1391 1533 1398 1540 .
1419 1506 1552 1551 Leodij.
1582 1507 1706 1540 1571“.
1758 1506 1855 1548 Quae
1890 1518 1935 1541 ex

172 1559 238 1594 hoc
265 1559 436 1603 Catalogo
464 1559 589 1593 deinde
615 1559 834 1604 transcripta
861 1570 939 1593 esse
967 1559 1135 1593 videntur
1169 1560 1205 1593 in
1231 1559 1319 1593 alios
1345 1560 1453 1593 libros
1489 1559 1799 1604 bibliographicos,
1835 1562 1875 1594 ut
1900 1561 1935 1594 in

174 1614 320 1646 Ioannis
349 1614 471 1646 Clessic'
501 1612 634 1655 „Unius
661 1612 773 1646 seculi
800 1612 948 1657 ejusque
975 1613 1132 1646 virorum
1168 1612 1408 1647 litteratorum
1435 1613 1674 1647 monumentis
1710 1617 1786 1647 tum
1811 1614 1936 1647 floren-

171 1666 311 1706 tissimi,
346 1669 423 1700 tum
458 1665 672 1699 fertilissimi
708 1666 752 1700 ab
779 1677 809 1700 a.
840 1666 929 1700 1500
964 1666 1007 1699 ad
1045 1666 1154 1707 1602,
1190 1666 1377 1700 nundinar.
1415 1668 1596 1700 auctumn.
1715 1667 1936 1708 elenchum“,

172 1719 397 1754 Francofurti
423 1719 465 1753 ad
494 1720 661 1753 Moenum
691 1719 791 1759 1602,
819 1719 831 1752 1
852 1719 907 1759 97,
937 1721 973 1753 et
998 1719 1033 1753 in
1061 1721 1212 1753 Antonii
1236 1720 1413 1753 Possevmzf
1431 1719 1466 1754 S.
1484 1720 1516 1754 J.
1536 1720 1759 1764 Apparatum
1784 1732 1937 1762 sacrum,

154 1772 339 1807 :Coloniae
368 1773 468 1815 1608,
496 1773 575 1806 342.
625 1772 800 1806 Libellum
828 1773 863 1806 in
894 1773 951 1807 16⁰
981 1773 1064 1815 (non
1092 1774 1126 1806 in
1145 1774 1197 1815 40)
1231 1773 1348 1818 „typis
1367 1773 1408 1807 G.
1428 1773 1616 1807 Morberii“
1648 1773 1766 1807 Leodii
1794 1785 1825 1808 a.
1847 1774 1933 1808 1571

174 1838 345 1860 excusum
373 1838 451 1860 esse
479 1826 662 1860 affirmant
687 1827 733 1860 X.
761 1827 802 1859 (Ze
832 1827 966 1869 leeux,
995 1826 1261 1871 Bibliographie
1288 1826 1472 1869 Liegeoise
1499 1826 1523 1867 1,
1551 1826 1739 1861 Bruxelles
1769 1828 1869 1868 1867,
1896 1828 1936 1868 4;

174 1881 226 1914 De
250 1881 400 1922 Baclcer,
427 1879 517 1913 Bibl.
546 1879 578 1912 12
607 1880 694 1914 1061
725 1879 774 1922 (v.
803 1891 911 1924 supra
937 1891 970 1924 p.
998 1880 1103 1923 663);
1134 1881 1397 1923 Sonmzervoqel,
1426 1879 1514 1913 Bibl.
1534 1880 1566 1913 11
1595 1881 1681 1919 644;
1710 1883 1746 1914 et
1763 1880 1939 1915 80011001-

173 1933 279 1976 vogel
309 1933 568 1975 „teutonicum“
600 1933 686 1966 illud
713 1932 844 1966 idioma
870 1933 1030 1976 linguam
1058 1933 1249 1967 vlamicam
1276 1944 1354 1967 esse
1381 1935 1509 1967 monet.
1559 1933 1732 1967 Libellum
1760 1945 1937 1978 nusquam

173 1987 333 2031 repperi:
362 1998 471 2030 quare
498 1986 628 2027 005010,
655 1989 775 2020 utrum
803 1986 834 2020 is
860 1986 908 2020 sit
941 1986 1017 2030 ipse
1053 1986 1113 2020 ille
1141 1986 1389 2021 Catechismus
1425 1986 1604 2027 minimus,
1641 1999 1744 2030 quem
1773 1987 1938 2022 Canisius

173 2041 325 2085 primum
351 2039 462 2074 latine
488 2051 518 2073 a.
543 2040 631 2073 1556
658 2039 769 2073 edidit
795 2039 1005 2082 Ingolstadii
1035 2040 1140 2083 (Can.
1169 2040 1201 2074 II
1228 2040 1324 2083 885),
1353 2051 1396 2074 an
1424 2040 1539 2074 simile
1567 2041 1824 2085 compendium.

289 2092 418 2127 Nescio
453 2104 497 2126 an
532 2092 614 2126 huic
653 2092 878 2137 „Epitomae“
917 2092 1102 2127 faciendae
1137 2105 1282 2127 causam
1318 2093 1522 2137 praebuerit
1556 2094 1743 2137 Philippus
1769 2095 1818 2128 Π.
1861 2105 1937 2134 rex,

175 2157 254 2180 cum
273 2146 306 2180 8.
324 2147 480 2189 Augusti
503 2147 592 2180 1559
612 2146 787 2190 episcopis
807 2145 921 2189 Belgii
948 2145 1138 2180 scriberet:
1167 2146 1319 2180 Omnino
1343 2158 1490 2180 necesse
1508 2148 1573 2188 est,
1601 2146 1644 2180 ab
1670 2147 1833 2181 omnibus
1859 2159 1938 2181 con-

174 2199 412 2233 tionatoribus
450 2201 485 2233 et
522 2199 687 2244 parochis
722 2199 851 2244 populo
887 2211 931 2233 ex
966 2211 1070 2233 sacro
1106 2202 1282 2243 suggestu
1318 2200 1465 2245 proponi
1501 2200 1757 2234 catechismum
1795 2200 1937 2241 Canisii,

180 2255 381 2298 „approuve
407 2264 471 2297 par
497 2253 601 2286 ceulx
628 2252 669 2286 de
695 2252 730 2286 13
756 2252 891 2286 faculte
918 2264 960 2286 en
996 2252 1174 2296 theologie
1201 2253 1243 2286 de
1269 2256 1371 2287 notre
1405 2253 1602 2287 universite
1628 2253 1671 2287 de
1698 2253 1866 2295 Louvain,
1902 2256 1939 2288 et

176 2318 239 2350 par
270 2308 391 2340 nostre
424 2306 556 2349 charge
590 2306 757 2349 nagaires
792 2306 997 2339 fidelement
1031 2305 1207 2340 translate
1244 2317 1286 2340 en
1322 2306 1453 2349 langue
1488 2306 1629 2351 thyoise
1665 2309 1700 2340 et
1725 2306 1938 2347 franchoise,

175 2371 262 2403 pour
288 2362 381 2393 estre
407 2361 557 2404 propose'
583 2361 603 2393 a
629 2361 710 2393 tous
736 2371 801 2393 noz
827 2359 999 2402 subgects
1025 2371 1162 2393 comme
1188 2359 1303 2393 bonne
1330 2362 1365 2393 et
1391 2359 1489 2393 53100
1512 2359 1714 2395 doctrine“:
1743 2361 1936 2395 curandum

176 2423 314 2456 quoque
340 2414 405 2453 est,
432 2418 472 2446 ut
498 2413 597 2457 pueri
617 2412 766 2446 eundem
793 2412 922 2446 librum
942 2413 1091 2453 discant,
1120 2414 1156 2446 et
1180 2412 1285 2457 plane
1311 2412 1566 2454 interdicimus,
1594 2424 1637 2446 ne
1663 2413 1698 2446 in
1717 2413 1791 2446 ulla
1816 2413 1939 2448 schola

176 2465 246 2499 ullo
273 2465 340 2499 alio
368 2465 457 2499 libro
484 2466 560 2500 eius
586 2466 727 2509 generis
763 2468 920 2499 utantur.
976 2465 1042 2507 „Et
1072 2477 1207 2499 comme
1242 2466 1351 2499 ledict
1383 2465 1601 2500 cathecisme
1639 2468 1692 2500 est
1728 2477 1828 2500 assez
1854 2466 1938 2510 long

176 2521 211 2551 et
236 2518 362 2562 prolix,
398 2530 442 2552 ne
474 2530 603 2563 pourra
639 2530 706 2563 que
741 2518 821 2552 bien
858 2518 1027 2553 convenir
1062 2530 1130 2563 que
1156 2531 1247 2552 vous
1282 2519 1389 2553 faites
1425 2519 1572 2562 colliger
1601 2521 1637 2552 et
1672 2520 1839 2559 extraire,
1874 2531 1939 2564 par

178 2583 311 2605 aucuns
337 2572 593 2616 personnaiges
621 2572 731 2613 doctz,
767 2583 922 2617 scavans
958 2573 994 2605 et
1028 2572 1161 2617 pieulx,
1198 2584 1237 2606 ce
1264 2572 1324 2616 qui
1350 2584 1430 2606 sera
1464 2572 1497 2606 le
1533 2572 1614 2616 plus
1641 2571 1713 2606 cler
1739 2575 1775 2606 et
1808 2572 1939 2613 facille,

178 2624 246 2657 afin
266 2636 333 2668 que
360 2625 507 2658 lesdicts
534 2625 700 2659 maistres
718 2625 884 2659 d'escolle
910 2625 943 2659 le
970 2626 1133 2670 puissent
1150 2628 1230 2659 tant
1247 2625 1381 2659 mieulx
1407 2625 1497 2659 faire
1515 2625 1686 2659 entendre
1705 2627 1741 2659 et
1764 2625 1937 2670 aprendre

180 2689 250 2710 aux
273 2677 418 2721 jeusnes
437 2678 572 2719 enfans,
600 2690 698 2723 pour,
725 2679 767 2712 de
793 2678 870 2712 leur
889 2679 1048 2719 enfance,
1075 2678 1127 2712 les
1153 2678 1322 2712 instituer
1340 2690 1381 2711 en
1408 2678 1442 2712 la
1460 2690 1573 2722 vraye
1599 2678 1659 2722 foy
1687 2681 1721 2712 et
1747 2678 1938 2712 traditions

178 2729 417 2774 catlioliques“
451 2731 509 2773 (L.
536 2733 573 2765 P.
605 2733 785 2775 Gaehard,
812 2731 1002 2765 Analectes
1028 2731 1254 2775 historiques,
1290 2731 1388 2765 XIHe
1406 2731 1503 2766 80110
1528 2743 1562 2765 n.
1582 2732 1660 2773 363,
1696 2732 1731 2765 in
1766 2732 1935 2776 „Compte

177 2782 287 2815 rendu
313 2783 374 2816 des
400 2785 547 2817 5030005
574 2784 615 2817 de
641 2785 676 2818 la
703 2785 937 2819 Commission
973 2785 1093 2829 royale
1130 2784 1314 2819 d'histoire
1351 2797 1393 2818 ou
1420 2784 1552 2818 recueil
1579 2785 1621 2818 de
1647 2796 1705 2818 ses
1732 2784 1937 2825 bulletins“,

178 2834 243 2867 ΙΙΙΘ
270 2835 376 2875 Seme,
402 2838 427 2869 t.
454 2836 512 2876 IX,
539 2836 726 2871 Bruxelles
754 2838 855 2878 1867,
884 2838 981 2881 303).

183 2920 318 2955 1055
346 2921 423 2955 sive
449 2920 558 2957 litt.
579 2922 716 2966 (50).
790 2922 874 2958 1571.

299 2981 587 3023 „Authorz'tatzcm
617 2983 652 3015 S.
681 2982 910 3025 Scri22tm⁴ae“
940 2989 998 3017 etc.
1028 2995 1097 3026 per
1128 2985 1306 3017 Busaemn
1337 2985 1502 3017 Coloniae
1537 2985 1710 3017 editarum
1743 2985 1826 3018 tomi
1857 2989 1937 3028 tres,

181 3034 305 3066 omisso
331 3034 407 3074 111,
436 3034 583 3066 Venelli-s
609 3036 835 3069 excuduntur
862 3041 891 3068 et
915 3037 1147 3079 patriarchae
1172 3038 1392 3071 dedicantur.
