2044 3335
742 96 909 138 Augusta
927 95 1034 130 Vind.
1054 95 1085 129 7.
1104 94 1192 129 Maii
1213 94 1314 129 1569.
1828 95 1913 135 313

141 213 291 255 Dicam
324 226 427 254 uero
461 212 729 266 simpliciter,
774 212 874 266 quid
908 227 988 266 ego
1021 212 1221 263 sentiam,
1265 211 1427 253 scribet
1459 212 1504 252 et
1536 210 1582 253 P.
1618 209 1913 260 ProuintiaIis,

141 278 242 331 quid
274 277 354 320 sibi
386 277 587 320 uideatur
619 277 671 319 de
704 280 797 320 toto
830 278 1021 332 negotio,
1056 278 1170 331 quod
1201 276 1262 318 illi
1297 276 1446 318 sedulo
1470 275 1664 330 exposui.
1719 274 1914 317 Putarim

141 343 226 386 cito
259 342 606 397 respondendum
643 342 686 385 Ρ.
711 343 916 393 Martino,
959 346 1009 385 ut
1049 357 1102 385 ne
1144 344 1343 384 maneret
1375 341 1418 382 in
1451 341 1532 383 hac
1565 339 1799 395 prouintia‚
1842 339 1913 381 ubi

139 409 280 451 locum
313 408 473 450 habere
505 422 590 450 non
623 408 797 462 poterit,
832 411 1140 462 praeterquam
1173 407 1405 460 Monachij‚
1446 406 1529 448 nisi
1562 406 1807 460 Principem
1838 419 1914 447 ue-

140 473 267 515 limus
292 473 489 527 grauiter
521 473 751 515 offendere.
805 473 1082 516 Monachium
1114 487 1217 515 uero
1250 472 1365 513 illius
1398 472 1571 513 morbos
1604 471 1683 514 alit
1716 474 1759 514 et
1791 470 1914 513 fouet

141 539 433 582 uehementer.
477 538 687 588 Quoniam
710 552 813 580 uero
847 553 933 580 non
966 538 1155 592 expedit,
1189 537 1372 579 inuitum
1406 537 1526 578 illum
1558 537 1601 578 in
1636 536 1766 578 aliam
1800 535 1915 579 mitti

140 603 417 658 prouintiam,
460 603 514 645 ab
557 603 753 645 omnibus
796 606 942 646 autem
984 603 1218 645 abhorrere
1260 602 1435 644 uidetur
1474 602 1718 656 prouintijS,
1763 600 1914 643 donari

140 671 289 722 posset
311 668 500 723 Principi
525 668 755 718 Bauariae,
790 668 903 712 sicut
935 668 1166 722 aliquando
1199 667 1340 709 uisum
1374 667 1628 720 quibusdam
1663 667 1745 709 fuit
1759 669 1787 717 1,
1822 670 1911 716 aut,

142 737 189 777 ut
229 734 333 776 mihi
374 734 560 785 uidetur,
604 734 887 776 dimittendus
929 737 1045 777 esset
1086 748 1264 788 prorsus
1307 746 1329 774 e
1362 732 1588 775 societate.
1652 732 1766 774 Nam
1801 731 1914 785 quod

139 799 233 853 ipse
265 799 384 854 cupit
416 802 460 841 et
492 798 642 841 scribit
654 800 683 850 2,
727 801 777 841 vt
809 799 1154 841 contionatorem
1188 798 1243 840 ad
1275 800 1448 852 tempus
1481 799 1588 850 agat
1620 797 1911 850 Salisburgae,

141 867 186 907 et
222 864 391 907 interea
432 864 554 907 uiuat
595 865 674 905 sub
717 864 977 913 obedientia,
1019 864 1310 918 periculosum
1352 863 1446 904 fore
1487 876 1642 904 censeo
1683 865 1776 904 tum
1817 862 1912 916 ipsi,

143 929 214 982 qui
247 929 327 972 hac
360 929 564 972 libertate
597 929 770 971 futurus
803 929 977 972 uidetur
1009 929 1146 971 multo
1179 928 1382 979 deterior,
1417 930 1510 970 tum
1542 927 1679 977 nobis,
1722 927 1774 968 in
1808 940 1914 980 quo-

141 1009 236 1036 rum
269 994 457 1049 capita
489 994 858 1037 redundabit3
890 994 1031 1045 facile,
1056 993 1258 1048 quicquid
1280 994 1353 1035 ille
1376 992 1638 1048 peccauerit,
1663 992 1734 1046 qui
1757 1006 1913 1034 nomen

141 1062 186 1102 et
207 1059 381 1102 titulum
404 1059 518 1113 gerit
544 1059 782 1102 societatis
825 1059 1075 1114 Compatior
1097 1073 1202 1101 sane
1235 1059 1346 1101 bono
1380 1058 1522 1108 fratri,
1557 1072 1684 1111 quem
1718 1057 1915 1100 diuinant

139 1138 287 1166 omnes
312 1127 405 1167 tum
426 1125 470 1166 in
493 1138 687 1178 corpore,
722 1128 814 1167 tum
836 1125 880 1166 in
904 1125 1047 1167 animo
1079 1124 1268 1180 pessime
1300 1123 1563 1174 habiturum,
1598 1138 1694 1165 cum
1728 1123 1913 1177 primum

139 1190 316 1232 auulsus
358 1191 441 1233 erit
481 1191 535 1232 ab
571 1191 652 1232 hoc
685 1204 878 1244 corpore.
944 1190 1054 1240 Quin
1087 1193 1132 1233 et
1163 1190 1256 1245 ipse
1288 1189 1523 1244 perniciem
1557 1203 1680 1231 suam
1714 1189 1813 1231 hinc
1846 1203 1914 1230 se-

139 1257 336 1298 cuturam
370 1255 597 1310 praeuidet
630 1269 681 1297 ac
715 1255 894 1298 fatetur.
950 1255 1033 1297 Sed
1056 1269 1141 1298 non
1174 1255 1387 1308 intelligo,
1423 1255 1495 1308 qui
1527 1254 1667 1309 possit
1701 1254 1862 1297 diutius
1889 1268 1914 1296 a

139 1320 261 1363 nobis
293 1321 484 1371 retineri,
528 1320 599 1374 qui
631 1334 679 1362 se
711 1321 894 1374 praebet
926 1323 993 1363 tot
1025 1320 1164 1363 modis
1195 1319 1545 1373 incorrigibilem,
1589 1320 1660 1373 qui
1693 1319 1827 1362 toties
1859 1319 1914 1361 ad

138 1386 344 1428 scandala
366 1386 589 1436 relabitur,
624 1385 696 1439 qui
729 1386 881 1440 plenus
912 1390 979 1429 est
1011 1386 1382 1428 diffidentiae
1416 1385 1667 1439 spiritu4,
1703 1388 1751 1428 ut
1784 1384 1912 1434 dicat,

138 1466 185 1494 se
218 1466 303 1493 non
335 1465 464 1506 posse
496 1451 537 1493 in
571 1451 652 1494 hac
679 1452 911 1494 vocatione
943 1465 1132 1502 manere,
1168 1454 1212 1494 et
1245 1452 1478 1493 obseruare
1511 1451 1699 1504 regulas,
1735 1450 1806 1503 qui
1840 1450 1914 1492 de-

138 1532 254 1559 mum
296 1517 358 1559 sic
397 1517 595 1570 indulget
637 1516 778 1559 carnis
819 1517 1028 1568 libertati,
1072 1519 1121 1559 vt
1153 1516 1196 1558 in
1235 1519 1422 1559 externa
1462 1517 1718 1559 honestatea
1750 1518 1794 1558 et
1827 1515 1914 1557 dis-

139 1583 297 1638 ciplina
337 1597 423 1625 non
464 1582 602 1637 possit
644 1583 908 1625 conseruari.
983 1583 1118 1625 Doleo
1160 1582 1334 1625 interim
1380 1582 1495 1635 quod
1535 1582 1652 1624 illius
1698 1581 1914 1624 discessus

139 1648 372 1691 multorum
416 1648 606 1690 offendet
651 1648 840 1699 animos,
888 1662 985 1690 cum
1026 1648 1218 1690 Bauaria
1259 1647 1539 1690 celebriorem
1582 1661 1669 1689 non
1712 1646 1915 1689 habuerit

139 1713 481 1756 contionatorem
515 1713 680 1766 aliquot
713 1714 766 1755 ab
800 1714 898 1755 hinc
922 1714 1059 1756 annis.
1104 1714 1268 1756 Verum
1302 1713 1465 1755 nullam
1498 1713 1625 1755 uideo
1658 1726 1779 1767 spem
1812 1711 1915 1754 reli-

139 1793 281 1833 quam,
322 1779 364 1821 in
407 1779 612 1821 sanandis
654 1779 816 1821 morbis
847 1779 998 1821 huiusb
1038 1779 1261 1829 ueteratis,
1305 1778 1565 1833 praesertim
1599 1793 1694 1820 cum
1736 1791 1915 1832 prorsus

138 1847 263 1888 nutet
294 1845 338 1886 in
360 1844 643 1887 fundamento
666 1845 921 1888 vocationis.
978 1845 1099 1887 Haec
1133 1845 1242 1887 satis
1275 1844 1328 1886 de
1360 1858 1457 1886 mea
1484 1844 1654 1898 quidem
1681 1842 1912 1886 sententia.

257 1910 503 1965 Jmpetraui
551 1924 721 1963 quoque
767 1910 1007 1965 Monachij,
1058 1913 1107 1952 vt
1155 1909 1428 1952 conuictores
1474 1912 1650 1952 nostros
1696 1910 1740 1951 in
1788 1909 1914 1950 domo

138 1976 474 2030 Jngolstadiana
507 1975 725 2018 dimittere
758 1976 903 2026 liceat,
939 1976 1052 2018 sicut
1085 1976 1130 2018 P.
1166 1976 1214 2018 T.
1249 1975 1534 2030 postulauit-5.
1589 1976 1759 2018 Fauent
1791 1973 1915 2016 nobis

137 2042 326 2084 iuniores
348 2041 572 2096 Principes
586 2042 614 2092 6,
650 2044 770 2084 amat
796 2041 1053 2084 societatem
1076 2041 1273 2095 inprimis
1296 2041 1605 2092 Cancellarius,
1641 2040 1708 2082 cui
1730 2041 1915 2082 multum

139 2108 356 2150 debemus.
412 2107 701 2160 Tragoediam
732 2111 917 2160 egerunt
949 2106 1199 2150 scholastici
1232 2120 1379 2149 coram
1404 2106 1617 2161 Principe,
1651 2108 1696 2148 et
1728 2105 1916 2148 feliciter

139 2173 324 2227 quidem.
388 2172 581 2215 Rector7
613 2172 847 2226 diligenter
879 2187 956 2215 suo
989 2172 1187 2227 fungitur
1220 2187 1412 2224 munere,
1448 2186 1575 2225 quem
1609 2171 1824 2221 admonui,
1867 2173 1917 2213 vt

139 2239 186 2281 P.
211 2237 504 2281 Schorichium
537 2239 702 2280 tractet
724 2238 919 2280 suauiter
951 2252 1002 2280 ac
1036 2238 1393 2282 dissimulanter.
1418 2238 1471 2280 de
1502 2238 1576 2279 illo
1611 2241 1758 2280 autem
1790 2237 1917 2291 plura

139 2305 329 2346 fortasse
364 2303 408 2348 P.
433 2303 728 2346 Prouintialis.

259 2369 432 2412 Literas
454 2368 498 2410 P.
520 2368 567 2410 T.
592 2368 780 2422 Principi
810 2369 997 2423 scriptas
1030 2369 1083 2410 de
1105 2383 1153 2411 re
1186 2368 1450 2423 pecuniaria,
1486 2382 1597 2421 quae
1630 2367 1674 2409 in
1706 2367 1916 2421 templum

141 2449 299 2477 nouum
342 2433 615 2484 conferatur,
658 2434 705 2476 P.
730 2433 1004 2476 Schorichius
1046 2434 1200 2476 reddet
1242 2437 1497 2488 opportune,
1544 2433 1757 2486 simulque
1800 2447 1916 2475 com-

141 2499 364 2543 mendabit
404 2513 580 2541 causam
613 2498 802 2553 Principi
844 2499 1087 2553 diligenter,
1131 2499 1246 2554 apud
1288 2512 1415 2552 quem
1455 2501 1573 2541 certe
1606 2499 1727 2540 ualet
1758 2498 1915 2551 gratia.

143 2566 293 2608 Eidem
317 2565 440 2607 Patri
463 2564 677 2606 secundas
709 2564 883 2615 tradidi,
918 2578 1019 2607 nam
1041 2564 1209 2619 priores
1232 2578 1343 2617 quae
1366 2564 1418 2605 de
1451 2563 1738 2618 promotionis
1769 2563 1917 2617 gradi-

143 2633 222 2674 bus
254 2631 459 2685 agebant,
493 2632 541 2672 ut
573 2644 668 2671 sum
700 2630 855 2680 iussus,
890 2629 1094 2672 laceraui.
1150 2630 1380 2672 Caeterum
1413 2643 1496 2671 non
1521 2629 1671 2683 accepi
1704 2629 1869 2672 alteras
1893 2644 1918 2672 a

262 2724 290 2755 a)
316 2725 382 2748 Dno
409 2731 449 2748 ιη’.
472 2731 531 2754 sqq.
554 2730 573 2747 a
594 2724 622 2747 C.
646 2723 678 2747 in
698 2723 831 2754 mczryine
852 2723 956 2747 addita.
976 2726 1053 2747 sunt.
1127 2721 1158 2755 b)
1186 2724 1246 2748 Hoc
1268 2731 1290 2748 v.
1312 2731 1328 2747 α
1351 2725 1378 2748 C.
1399 2731 1492 2755 supra
1515 2731 1630 2748 versum
1650 2724 1791 2755 scriptum
1813 2726 1863 2748 est.

267 2832 276 2851 ¹
302 2831 358 2864 Ita
383 2829 501 2864 visum
537 2832 616 2864 erat
651 2841 682 2864 a.
710 2830 800 2865 1566
836 2830 876 2864 P.
906 2829 1125 2875 Hieronymo
1151 2829 1273 2864 Natali
1300 2830 1500 2872 visitatori;
1538 2843 1574 2866 v.
1601 2830 1691 2876 Epp.
1718 2832 1842 2865 Nadal
1868 2831 1919 2865 ΙΙΙ

144 2884 333 2919 294—295
361 2885 397 2917 et
418 2884 504 2918 Can.
522 2883 555 2918 V
575 2884 654 2918 767.

265 2938 278 2958 2
303 2936 395 2972 Vide
422 2948 513 2981 quae
540 2949 585 2971 ex
612 2936 841 2971 Stevordiani
869 2936 1026 2982 epistula
1052 2936 1118 2971 sub
1145 2936 1244 2981 ipsas
1270 2936 1336 2971 has
1362 2936 1504 2972 litteras
1531 2940 1719 2983 ponentur.

266 2991 278 3011 ³
303 2990 362 3024 Ios
388 2990 419 3031 2,
441 2990 494 3025 19.
641 2992 654 3011 ‘²
681 2990 759 3036 Eph
787 2990 817 3032 2,
846 2990 885 3030 2;
915 2990 960 3025 cf.
987 2989 1033 3023 ib.
1062 2990 1092 3030 5,
1121 2990 1152 3024 6.
1301 2991 1314 3010 ⁵
1341 2990 1430 3025 Vide
1457 3002 1566 3036 supra
1592 3003 1626 3036 p.
1646 2991 1726 3026 258.

266 3045 278 3063 ⁶
305 3043 529 3085 Guilielmus‚
555 3043 814 3083 Ferdinandus‚
841 3043 1027 3085 Ernestus,
1056 3043 1194 3078 Alberti
1214 3043 1257 3078 V.
1285 3043 1360 3079 filii.

267 3098 279 3117 7
304 3097 344 3131 P.
371 3096 580 3131 Dominicus
605 3097 809 3141 Menginus.
