2044 3335
163 127 218 167 62
673 125 775 160 1500.
804 125 970 161 Canisius
996 126 1030 161 S.
1049 126 1241 162 Francisco
1267 127 1431 172 Borgiae.

160 241 407 282 effaeminatis,
444 244 480 276 et
509 254 599 286 quos
633 243 897 288 prophanorum
932 246 1119 289 poetarum
1154 245 1260 279 lectio
1296 247 1400 280 vnice
1436 246 1643 288 delectaret,
1679 250 1720 281 vt
1754 259 1832 282 eam
1863 248 1930 282 sibi

159 294 324 328 omnibus
351 295 660 330 exhortationibus
687 297 918 331 domesticis¹
946 297 1126 332 vtiliorem
1153 298 1290 333 diceret
1315 299 1362 333 M.
1383 298 1515 334 Simon.
1568 300 1634 334 Est
1659 303 1847 345 praeterea
1873 301 1930 335 hic

159 347 342 381 Joannes2
378 349 528 391 Anglus,
564 349 624 393 qui
652 349 843 394 Oeniponti
879 362 1009 394 graeca.
1045 351 1166 385 docuit
1197 354 1232 385 et
1257 363 1403 386 cursum
1430 352 1676 398 philosophiae
1703 354 1837 388 Romae
1863 354 1930 388 sub

159 403 261 445 patre
287 401 427 435 Achille
454 402 602 443 audiuit,
639 402 734 437 hunc
761 403 917 437 vidimus
944 405 1202 438 consuetudine
1228 405 1277 439 M.
1306 405 1503 440 Alexandri
1529 406 1705 441 Saxonis³
1732 434 1738 441 .
1760 435 1766 441 .
1788 434 1794 442 .
1822 407 1930 441 vehe-

158 455 297 487 menter
322 454 358 488 in
385 455 607 489 obedientiae
643 456 876 501 simplicitate
912 460 1130 502 corruptum,
1165 459 1202 491 et
1229 459 1432 493 Auerroicis
1459 459 1684 504 opinionibus
1709 460 1930 505 pertinacius

158 507 351 541 addictum.
402 507 501 541 Nihil
527 511 646 542 tamen
674 509 769 543 circa
796 509 902 543 fidem
929 511 1159 544 obseruatum
1196 514 1261 552 est,
1298 512 1484 556 Loquutus
1512 515 1568 546 est
1591 515 1711 546 autem
1737 513 1929 557 aliquando

159 560 397 594 irreuerenter
424 561 466 594 de
493 560 527 595 S.
547 561 705 595 Thomae
733 563 905 603 doctrina,
942 566 979 597 et
1010 563 1053 597 de
1079 563 1114 597 id
1140 575 1256 607 genus
1281 565 1530 610 scriptoribus.
1582 565 1716 600 Verum
1743 568 1930 611 correptus

158 612 306 646 meliora
333 616 368 646 et
394 615 568 658 promisit,
596 617 632 649 et
657 616 841 659 praestitit
867 616 1054 657 hactenus,
1081 618 1118 650 et
1143 616 1371 652 Rhetoricam
1399 630 1494 652 nunc
1520 618 1635 653 docet.
1663 645 1671 653 .
1692 646 1698 653 .
1719 645 1726 652 .
1763 618 1930 662 Vagatur

158 677 251 699 nunc
277 666 374 700 fama
393 668 608 711 Apostasiae
632 667 864 702 IESvitarum
892 681 962 703 non
988 670 1104 703 solum
1124 671 1320 713 Augustae,
1347 672 1409 705 sed
1438 683 1500 716 per
1525 683 1694 715 magnam
1712 666 1929 706 Germaniae

158 721 308 762 partem,
345 722 384 753 vt
419 732 464 753 ex
500 720 615 754 literis
649 721 801 755 aliorum
836 722 1085 765 intelligimus,
1121 725 1157 756 et
1182 723 1300 768 opinio
1327 724 1420 768 apud
1448 724 1597 767 vulgum
1624 727 1689 765 est,
1726 725 1928 770 complures

157 782 236 805 esse
274 773 369 816 apud
408 785 491 814 nos,
532 774 593 817 qui
631 774 732 808 breui
767 776 966 819 Apostatas
1002 787 1041 809 se
1076 776 1326 817 declarabunt,
1364 778 1457 820 quod
1496 789 1598 811 omen
1633 778 1754 811 diuina
1787 777 1929 812 bonitas

157 836 177 858 a
212 825 315 859 nobis
350 825 546 860 clementer
581 830 733 862 auertat.
794 829 849 862 Ad
884 829 1073 871 sacrificia,
1109 829 1272 871 litanias,
1308 830 1577 865 verberationes
1613 831 1851 874 confugimus,
1888 834 1929 865 vt

157 878 331 913 Dominus
365 882 438 913 tam
476 881 615 914 exitiali
650 893 715 915 nos
746 884 848 926 peste
879 881 1018 916 liberet.
1070 882 1236 926 Egeram,
1273 895 1353 917 cum
1388 884 1437 918 M.
1464 884 1645 918 Anthonio
1671 884 1849 919 Germano
1885 884 1927 918 de

158 932 318 966 Romana
352 933 584 977 profectione,
620 934 683 968 sed
719 934 780 968 ille
815 935 916 969 visus
952 939 1008 969 est
1034 935 1136 969 initio
1172 936 1217 970 ab
1253 948 1295 970 ea
1330 937 1491 971 nonnihil
1518 938 1720 978 abhorrere,
1756 937 1846 971 duas
1882 937 1927 971 ob

158 996 299 1027 causas,
326 985 442 1020 altera
468 987 537 1020 fuit
563 992 624 1021 aer
650 987 844 1028 Romanus,
873 988 933 1032 qui
960 989 1036 1023 eius
1063 989 1264 1023 valetudini
1290 990 1375 1024 olim
1402 991 1528 1030 obfuit,
1568 991 1682 1025 altera
1709 1002 1795 1024 vero
1821 991 1927 1024 timor

158 1038 338 1073 recidendi
373 1039 409 1073 in
444 1040 664 1074 tentationes
698 1041 835 1086 priores
862 1042 958 1076 circa
983 1042 1089 1076 fidem
1115 1054 1207 1086 quas
1242 1055 1287 1077 ex
1312 1043 1558 1088 philosophico
1585 1045 1760 1082 acumine,
1797 1048 1833 1077 et
1859 1044 1927 1077 dis-

158 1093 405 1136 putationibus
440 1093 688 1128 subtilioribus
724 1106 762 1128 se
790 1095 1015 1129 contraxisse
1051 1095 1248 1130 arbitratur
1282 1108 1414 1140 magna
1441 1109 1486 1131 ex
1512 1100 1625 1142 parte.
1676 1097 1780 1130 Nunc
1805 1099 1925 1131 tamen

160 1157 239 1179 cum
267 1149 303 1179 et
328 1157 430 1180 suam
459 1149 494 1180 et
520 1147 713 1182 Societatis
739 1148 873 1182 famam
900 1149 1097 1193 periclitari
1124 1149 1234 1189 videt,
1271 1149 1314 1183 ob
1341 1161 1526 1184 accessum
1561 1153 1597 1184 et
1622 1150 1747 1184 literas
1773 1149 1924 1184 haereti-

159 1210 291 1239 corum,
319 1199 378 1242 qui
405 1199 481 1233 eius
507 1199 617 1234 saluti
643 1201 869 1241 insidiantur,
897 1202 1042 1236 videtur
1068 1202 1112 1236 ad
1139 1201 1338 1237 Romanum
1365 1203 1435 1237 iter
1461 1215 1540 1238 esse
1566 1203 1784 1248 propensior,
1813 1203 1925 1247 cupit-

160 1264 228 1295 que
254 1253 377 1286 statim
413 1253 457 1286 ad
484 1253 523 1287 P.
551 1254 814 1288 Prouincialem
840 1255 1021 1301 Monachij
1048 1258 1215 1299 agentem
1242 1257 1347 1298 mitti,
1384 1259 1424 1290 vt
1458 1268 1516 1290 res
1551 1268 1636 1291 suas
1671 1268 1751 1291 cum
1778 1268 1819 1290 eo
1845 1267 1924 1289 con-

159 1306 263 1340 ferat.
303 1307 478 1349 Jgnoscat
503 1307 591 1340 mihi
616 1307 656 1341 P.
671 1307 711 1342 T.
739 1308 832 1352 quod
859 1309 902 1342 de
928 1309 1035 1343 rebus
1062 1309 1144 1354 alijs
1170 1321 1215 1343 ex
1241 1321 1338 1343 more
1364 1321 1460 1344 nunc
1485 1322 1554 1344 non
1581 1310 1755 1344 scribam:
1784 1309 1924 1343 Turbae

159 1360 252 1393 enim
279 1360 371 1394 istae
398 1362 434 1394 et
460 1361 616 1394 animum
644 1363 678 1395 et
705 1373 834 1406 corpus
860 1362 1040 1396 infirmum
1066 1364 1118 1396 ita
1144 1363 1319 1405 afficiunt,
1347 1366 1388 1397 vt
1413 1363 1544 1397 debitis
1563 1364 1693 1408 officijs
1711 1374 1842 1396 vacare
1860 1362 1923 1396 vix

157 1414 312 1457 possim“
355 1413 417 1457 (ex
454 1413 612 1458 imagine
650 1415 936 1460 photographica
973 1416 1178 1450 litterarum
1217 1417 1534 1462 autographarum,
1573 1429 1665 1461 quae
1704 1418 1851 1450 exstant
1887 1416 1922 1449 in

161 1466 220 1508 „E.
248 1467 285 1501 C.
312 1467 348 1500 1⁶⁴
378 1479 412 1501 n.
443 1467 539 1511 183).

155 1587 312 1624 1500.
408 1588 625 1623 CANISIUS
654 1587 920 1625 SANCTO
948 1589 1337 1627 FRANCISCO
1366 1588 1684 1627 BORGIAE
1718 1589 1923 1635 praeposito

344 1642 504 1685 generali
530 1642 722 1677 Societatis
748 1643 840 1677 Iesu.
1229 1645 1419 1679 Monachio
1446 1645 1502 1679 25.
1522 1643 1742 1689 Septembris
1772 1644 1872 1677 1567.

273 1718 328 1751 Ex
355 1718 560 1763 apographo
581 1718 656 1762 (A),
684 1720 777 1763 quod
801 1719 867 1753 sub
886 1731 916 1753 a.
935 1720 1026 1755 1860
1045 1720 1179 1755 Romae
1198 1733 1243 1755 ex
1260 1721 1393 1755 litteris
1412 1720 1620 1765 archetypis
1643 1717 1922 1762 (autographis),

154 1782 245 1815 quae
292 1772 328 1805 in
371 1772 474 1805 domo
517 1772 738 1816 probationis
778 1772 811 1806 S.
839 1773 871 1807 J.
912 1773 961 1814 (S.
989 1774 1131 1808 Andrea
1176 1786 1197 1808 a
1234 1774 1357 1808 Monte
1396 1773 1560 1817 Cavallo)
1601 1773 1859 1813 servabantur,
1899 1783 1920 1804 a

154 1825 192 1859 P.
212 1826 358 1869 Iosepleo
380 1827 494 1860 Boero
521 1826 553 1860 S.
573 1826 618 1866 «1.,
645 1826 839 1868 scriptione
867 1826 1051 1870 paululum
1078 1828 1122 1861 ad
1149 1830 1294 1862 nostrae
1321 1828 1453 1862 aetatis
1479 1838 1612 1861 morem
1640 1825 1918 1865 accommodata,

154 1878 375 1923 exscriptum
403 1883 468 1913 est.
505 1879 625 1913 Germ.
648 1879 725 1920 183,
751 1891 785 1913 n.
806 1880 885 1914 211.
922 1880 961 1914 In
979 1892 1119 1914 summo
1142 1881 1226 1915 folio
1244 1893 1352 1915 manu
1371 1881 1474 1915 Boeri
1492 1882 1655 1914 notatum
1675 1881 1749 1913 est:
1781 1878 1837 1919 „L'
1852 1879 1919 1912 ori·

153 1932 272 1974 ginale
308 1932 342 1965 di
378 1935 506 1976 questa
541 1932 671 1966 lettera
707 1933 745 1966 fu
776 1933 858 1967 dato
894 1945 960 1967 con
995 1933 1132 1968 licenza
1167 1934 1224 1968 del
1259 1935 1300 1968 R.
1327 1935 1368 1968 P.
1395 1933 1580 1968 Roothaan
1609 1934 1643 1967 al
1668 1932 1858 1966 Noviziato
1884 1932 1918 1965 di

153 1984 187 2019 S.
215 1985 360 2019 Andrea
386 1987 428 2019 ed
455 1988 599 2030 esposto
625 1985 718 2019 nelle
745 1986 962 2031 cappellette
998 1987 1031 2020 di
1059 1988 1093 2022 S.
1113 1987 1302 2022 Stanislao.
1355 1987 1397 2022 G.
1425 1988 1538 2021 Boero
1565 1987 1598 2021 S.
1619 1987 1671 2021 J.“
1734 1986 1847 2019 Boero
1882 1986 1917 2018 in

152 2038 238 2072 vitis
258 2039 296 2073 Β.
312 2038 446 2073 Canisii
473 2042 509 2072 et
527 2039 561 2072 S.
577 2039 748 2073 Stanislai
767 2039 959 2084 epistulam
979 2043 1086 2074 vocat
1107 2040 1421 2086 „autographam“;
1449 2041 1500 2074 ita
1527 2051 1604 2074 eam
1632 2039 1790 2085 appellat
1809 2038 1915 2072 etiam

151 2092 360 2134 Ubaldinus‚
389 2093 431 2126 de
457 2104 527 2136 qno
555 2092 659 2137 paulo
685 2092 791 2127 infra.
834 2093 902 2127 Sed
930 2094 1084 2128 fortasse
1111 2094 1178 2128 hoc
1203 2094 1318 2128 solum
1346 2094 1551 2137 significare
1577 2093 1629 2127 illi
1656 2093 1799 2127 volunt:
1829 2092 1915 2125 Eam

148 2157 228 2179 esse
254 2145 489 2190 archetypam
515 2146 594 2179 sive
625 2145 890 2189 „originalem“,
918 2158 1025 2190 quam
1054 2159 1224 2181 vocamus
1252 2147 1313 2191 (cf.
1337 2149 1422 2182 Can.
1439 2148 1470 2181 V
1491 2146 1632 2190 LXXVI).
1662 2146 1850 2180 Caeterum
1869 2156 1914 2178 ex

146 2199 223 2243 ipso
243 2199 347 2232 Boeri
365 2199 573 2243 apographo
591 2199 658 2233 1100
676 2199 767 2233 satis
786 2203 883 2233 certe
902 2199 1103 2243 colligitur:
1131 2200 1296 2235 Canisius
1314 2201 1444 2234 saltem
1462 2212 1590 2235 nomen
1610 2199 1804 2242 („Servus“
1826 2200 1910 2241 etc.)

143 2264 209 2286 sua
235 2263 342 2286 manu
361 2252 517 2297 scripsit.
548 2252 808 2297 Apographum
830 2252 905 2296 (B),
924 2253 1069 2287 saeculo
1088 2254 1202 2288 XVII.
1222 2254 1280 2287 vel
1299 2254 1431 2288 XVIII.
1449 2255 1636 2299 scriptum,
1656 2253 1712 2287 cui
1729 2264 1795 2286 nec
1813 2251 1913 2286 locus

143 2317 208 2340 nec
235 2306 311 2339 dies
337 2306 518 2350 ascriptus
545 2312 611 2347 est,
647 2309 771 2340 exstat
796 2306 977 2340 Monachii
1004 2307 1040 2340 in
1067 2307 1284 2341 bibliotheca
1309 2308 1421 2351 regia,
1458 2308 1540 2342 cod.
1561 2307 1638 2341 Lat.
1660 2307 1749 2340 1606
1776 2305 1910 2339 f.124³.

144 2359 232 2393 Pars
261 2359 324 2403 (U)
353 2358 556 2393 litterarum
595 2359 780 2402 („Tertius
815 2359 972 2393 mittitur
1007 2360 1229 2394 Stanislaus“
1269 2361 1314 2394 ad
1354 2361 1452 2402 „Non
1488 2361 1603 2394 dicam
1635 2360 1677 2394 de
1703 2358 1906 2392 Matthae0“

143 2412 250 2456 excl.)
279 2424 359 2446 cum
386 2412 578 2446 earundem
598 2412 830 2456 inscriptione
848 2416 932 2457 post
949 2413 1106 2447 medium
1124 2414 1308 2448 saeculum
1328 2414 1442 2448 XVII.
1463 2415 1507 2448 ab
1526 2414 1701 2448 Ubaldino
1722 2411 1783 2455 (cf.
1802 2422 1911 2455 supra

143 2476 175 2508 p.
195 2466 231 2507 5)
260 2465 480 2510 transcripta
507 2468 563 2499 est
589 2477 634 2499 ex
661 2465 859 2510 archetypo
889 2466 963 2509 („in
991 2466 1216 2511 autographo
1237 2467 1380 2508 Canisii⁷
1408 2467 1500 2510 quod
1519 2466 1663 2510 Dilinga
1681 2464 1908 2498 Monachium

143 2518 255 2551 redux
282 2519 325 2552 25
352 2518 568 2563 septembris
604 2530 694 2552 anno
724 2520 812 2553 1567
847 2520 1024 2561 exaravit,
1060 2531 1081 2553 a
1116 2531 1172 2553 me
1208 2520 1341 2563 lect-(1⁴)
1379 2520 1414 2553 in
1442 2519 1562 2553 Vitam
1598 2519 1632 2553 S.
1660 2517 1830 2553 Stanislai
1866 2517 1909 2550 ab

144 2573 219 2615 ipso
247 2572 480 2616 compositam
508 2574 544 2605 et
570 2583 590 2605 a
617 2572 656 2606 P.
676 2574 769 2616 Auy.
789 2573 910 2606 Arndt
929 2572 963 2606 S.
979 2573 1011 2607 J.
1039 2573 1192 2617 primum
1219 2573 1352 2607 editam
1382 2573 1573 2616 (Analecta
1598 2571 1832 2605 Bollandiana
1860 2569 1909 2603 XI

143 2624 361 2667 443—444).
396 2624 583 2669 Epistulae
610 2628 741 2670 partes,
769 2625 926 2659 maxime
945 2626 1055 2667 illam,
1083 2638 1174 2670 quae
1193 2627 1235 2660 de
1254 2626 1288 2661 S.
1305 2626 1462 2660 Stanislo
1481 2629 1545 2666 est,
1569 2627 1764 2670 posuerunt
1782 2625 1908 2667 Boero,

146 2677 228 2710 Can.
250 2678 447 2717 319—320,
466 2680 503 2711 et
523 2678 622 2712 Stan.
642 2678 782 2713 83—85
810 2679 956 2720 (italice,
983 2691 1029 2713 ex
1048 2680 1281 2725 archetypo);
1309 2681 1410 2713 Riess
1428 2679 1450 2713 l.
1466 2692 1495 2713 c.
1516 2679 1584 2713 370
1606 2678 1835 2721 (germanice,
1863 2688 1907 2710 ex

144 2730 350 2774 apographo
376 2730 439 2773 B);
476 2732 564 2773 Eny.
586 2732 719 2774 Se'yzcin
746 2731 779 2765 S.
795 2732 838 2771 J.‚
866 2731 932 2765 Vie
959 2732 1006 2766 du
1032 2732 1286 2767 Bienheureux
1311 2733 1434 2767 Pierre
1462 2732 1637 2772 Canisius,
1674 2731 1777 2764 Paris
1806 2730 1906 2769 1864,

266 2854 274 2872 ¹
306 2854 500 2895 „Convenit
526 2866 648 2888 omnes
676 2855 846 2896 exerceri,
873 2855 902 2890 si
930 2856 1086 2900 aliquem
1112 2856 1281 2901 Superior
1307 2868 1375 2890 non
1403 2856 1588 2896 eximeret,
1614 2855 1649 2888 in
1677 2854 1905 2888 concionibus

143 2906 361 2948 domesticis,
392 2935 396 2940 .
420 2934 453 2940 ..
483 2907 524 2940 de
553 2907 595 2941 iis
623 2908 747 2941 crebro
773 2911 985 2950 tractantes,
1014 2921 1105 2953 quae
1133 2910 1176 2943 ad
1203 2909 1256 2943 sui
1285 2910 1559 2952 abnegationem
1587 2911 1624 2942 et
1648 2909 1683 2941 in
1710 2906 1905 2941 virtutibus

141 2960 341 3004 profectum
379 2963 413 2993 et
440 2960 677 2994 omnimodam
713 2962 970 3005 perfectionem
997 2963 1171 3002 attinent;
1208 2963 1251 2996 ad
1279 2974 1320 2996 ea
1355 2974 1393 2996 se
1420 2962 1573 2996 invicem
1601 2961 1832 3002 exhortando,
1869 2963 1905 2993 et

142 3013 331 3057 praecipue
368 3013 411 3046 ad
447 3013 612 3047 unionem
650 3017 686 3047 et
720 3013 932 3048 charitatem
964 3015 1205 3049 fraternam‘:
1244 3016 1279 3049 S.
1309 3016 1481 3058 Iynatias,
1509 3014 1791 3049 Constitutiones
1817 3013 1850 3047 S.
1870 3013 1902 3047 J.

142 3067 181 3100 P.
208 3066 239 3106 3,
267 3078 296 3099 c.
327 3067 355 3106 1,
386 3077 420 3099 n.
447 3066 501 3099 21.
650 3067 662 3086 ²
689 3066 800 3101 Vicus
829 3067 984 3111 (Wick).

263 3120 275 3138 ²³
300 3118 352 3152 De
378 3118 445 3152 hoc
472 3119 600 3152 iuvene
627 3130 690 3163 per
716 3118 897 3154 Canisium
926 3133 970 3154 ex
997 3120 1175 3155 Societate
1202 3122 1314 3155 eiecto
1341 3133 1375 3155 v.
1406 3122 1492 3156 Can.
1521 3121 1551 3155 V
1577 3122 1657 3155 469.
