2044 3335
743 93 855 128 Roma
881 93 937 127 21.
958 92 1036 127 Iulii
1064 93 1165 126 1571.
1753 94 1838 134 449

74 212 280 265 ragionar
312 211 350 252 di
386 210 528 264 quello
558 209 624 251 col
647 209 788 251 Padre
810 209 962 262 Lanoy
984 209 1215 261 passando,
1250 212 1294 251 et
1327 211 1504 262 aspetar
1537 207 1614 249 che
1647 207 1673 249 il
1702 208 1840 249 Padre

77 276 374 319 Theodoricol
407 277 452 316 et
484 274 514 315 il
537 274 676 316 Padre
699 273 799 316 Pisa
830 273 861 314 li
884 272 1085 314 mandino
1119 273 1158 314 le
1191 287 1267 315 sue
1298 273 1514 315 sententie
1548 286 1626 314 con
1656 272 1696 314 le
1719 272 1840 326 copie

75 342 171 383 dela
201 340 481 383 Resolutione
514 339 582 380 del
612 338 772 380 Senato
806 338 945 380 aulico
980 340 1021 379 et
1056 337 1108 378 de
1140 338 1167 378 l’
1188 338 1490 380 emendatione
1524 338 1602 380 che
1635 351 1764 392 sopra
1799 336 1841 378 di

75 407 218 460 quella
257 406 352 447 fece
393 406 543 446 nostro
585 404 720 458 padre
754 403 966 445 Generale
1007 403 1047 444 le
1080 403 1207 455 quale
1250 403 1289 444 io
1323 403 1377 444 ho
1410 403 1615 444 mandato
1659 404 1684 444 a
1718 402 1839 444 detto

75 472 244 514 Padre2
285 473 329 512 et
361 469 475 512 visto
508 472 604 512 tuto
638 469 690 510 V.
725 467 989 510 Reuerentia
1031 468 1096 508 col
1129 481 1259 521 parer
1291 468 1382 509 loro
1425 482 1492 509 me
1525 467 1734 509 mandara
1775 467 1841 508 in-

75 537 207 579 sieme
239 536 266 577 il
303 549 379 577 suo
413 537 458 576 et
489 534 547 575 dil
571 534 711 575 Padre
733 534 896 587 Lanoy,
932 532 1043 585 quel'
1064 532 1142 573 che
1175 532 1210 573 si
1243 532 1299 573 ha
1333 532 1384 573 de
1418 532 1576 574 uedere
1608 532 1842 586 principal-

75 605 220 643 mente
253 604 275 643 e
308 599 558 654 suponendo
591 599 631 640 le
665 598 967 640 emendatione
1001 597 1042 639 di
1069 597 1123 639 N.
1149 597 1194 639 P.
1222 597 1433 638 Generale
1465 599 1498 638 s’
1518 611 1693 639 occorre
1727 597 1842 639 altra

76 680 177 709 cosa
210 666 324 707 circa.
356 664 501 718 quella
532 663 786 706 risolutione
820 666 902 705 etc.

194 741 330 774 Harum
366 740 568 774 litterarum
605 739 821 773 mentionem
857 737 945 771 fecit
980 737 1019 772 P.
1046 738 1219 771 Nic-olaus
1245 738 1409 771 Latmius
1435 737 1468 771 S.
1489 737 1532 778 J„
1569 748 1649 771 cum
1678 738 1843 780 Augusta

77 794 133 829 30.
152 794 309 837 Augusti
331 794 418 827 1571
440 792 560 827 Natali
586 795 604 811 ἦ
615 792 808 826 scriberet:
840 791 964 833 „Nella
989 791 1119 824 lettera
1146 789 1211 824 che
1237 790 1258 823 l'
1275 790 1369 824 altra
1394 790 1494 824 volta
1519 791 1651 824 scrisse
1677 790 1712 823 la
1738 790 1779 823 R.
1798 789 1842 823 V.

77 847 111 882 al
137 848 178 882 P.
198 847 341 882 Canisio
367 858 472 891 sopra
499 846 533 880 di
560 845 582 879 l’
598 847 747 879 assunto
774 844 867 878 della
892 843 1029 878 faculta
1055 843 1148 877 delle
1174 843 1254 877 Arti
1281 845 1318 877 et
1343 843 1400 877 del
1426 843 1632 886 Pedagogio
1659 843 1694 876 in
1721 842 1844 885 Jngol-

77 903 160 943 stat,
195 901 224 935 si
261 901 388 934 faceua
415 899 594 933 mentione
621 897 686 932 che
715 898 860 942 Lanoyo
888 897 1022 931 anchor
1049 897 1179 931 dicessi
1207 908 1272 930 con
1298 897 1323 930 li
1351 896 1434 930 altri
1460 897 1485 931 il
1510 908 1574 930 suo
1601 897 1746 941 parere“
1776 898 1844 930 etc.

78 953 140 997 (ex
167 953 411 997 autog1·apho;
440 952 480 986 G.
502 952 566 996 Ep.
584 951 699 986 coll.I
726 951 750 986 f.
778 949 892 994 220³).
931 950 1124 994 Negotium
1152 953 1273 984 autem
1300 949 1388 983 illud
1420 950 1624 992 „facultatis
1651 949 1782 983 artium
1809 951 1845 982 et

76 1006 310 1052 paedagogii“
353 1006 430 1040 sive
457 1004 704 1050 philosophiae
733 1004 948 1038 scholastico
976 1004 1078 1038 modo
1107 1015 1169 1047 per
1198 1004 1383 1045 „cursum“
1415 1004 1590 1047 quendam
1619 1003 1712 1037 2—3
1739 1014 1844 1036 anno-

77 1072 155 1094 rum
191 1062 228 1094 et
252 1059 518 1103 grammaticae,
555 1058 758 1091 litterarum
785 1057 1045 1099 humaniorum,
1084 1057 1285 1091 rhetoricae
1320 1057 1354 1090 in
1382 1057 1604 1101 paedagogio
1639 1058 1718 1091 sive
1744 1068 1845 1101 gym-

78 1113 188 1153 nasio,
215 1113 308 1157 quod
334 1124 429 1146 nunc
454 1122 635 1151 vocamus,
661 1111 916 1144 tradendarum
943 1111 996 1145 sic
1022 1111 1198 1145 habebat:
1226 1109 1317 1150 Quia
1343 1110 1586 1154 superioribus
1613 1110 1716 1144 annis
1741 1109 1845 1143 multi

76 1166 203 1201 harum
231 1165 499 1210 disciplinarum
526 1164 679 1199 studiosi
706 1164 749 1198 ob
781 1165 986 1205 „confusam
1013 1164 1178 1198 studendi
1205 1163 1399 1197 rationem“
1432 1164 1493 1207 (cf.
1516 1164 1651 1198 Can.V
1672 1164 1738 1198 715
1759 1163 1842 1206 723)

78 1219 239 1264 aliasque
264 1219 422 1253 rationes
456 1218 491 1252 in
517 1217 650 1252 litteris
686 1220 722 1251 et
749 1218 883 1262 pietate
909 1229 1036 1262 parum
1063 1217 1300 1262 profecerant,
1337 1219 1373 1250 et
1399 1217 1483 1260 quia
1519 1229 1599 1251 cum
1627 1217 1749 1258 Sociis,
1786 1216 1846 1260 qui

77 1273 113 1307 in
149 1273 386 1307 universitate
422 1272 606 1312 docebant,
644 1271 771 1314 reliqui
807 1271 1029 1315 professores
1064 1283 1172 1316 saepe
1208 1270 1471 1311 discordabant,
1507 1270 1678 1305 Albertus
1697 1270 1740 1304 V.
1773 1270 1846 1304 dux

80 1339 111 1361 a.
132 1327 232 1367 1570,
261 1328 444 1371 expertus,
474 1326 662 1359 Bavariam
688 1344 734 1348 —
761 1325 811 1358 ita
838 1324 915 1369 ipse
942 1325 976 1358 in
1003 1324 1137 1358 litteris
1164 1336 1195 1358 a.
1217 1324 1306 1358 1571
1335 1324 1378 1357 ad
1407 1324 1575 1367 Borgiam
1602 1324 1846 1369 praepositum

81 1379 285 1424 generalem
323 1380 417 1414 datis
453 1379 611 1413 affirmat
635 1398 679 1401 —
711 1378 922 1420 „restitutae
957 1378 1078 1412 avitae
1114 1377 1261 1422 pietatis
1295 1389 1465 1420 magnam
1500 1380 1638 1422 partem
1676 1377 1847 1411 Societati

80 1434 245 1475 debere“,
267 1436 302 1467 et
321 1433 544 1473 existimans,
564 1432 768 1466 academiae
788 1431 1059 1475 ingolstadiensi
1084 1431 1234 1476 „optime
1254 1431 1476 1465 consultum“
1499 1431 1586 1470 fore,
1609 1432 1658 1473 „si
1674 1431 1849 1476 juventus

82 1499 218 1520 morum
256 1498 297 1520 ac
323 1487 469 1531 pietatis
494 1485 691 1529 Magistros
718 1497 778 1519 eos
804 1485 911 1519 simul
937 1484 1097 1523 haberet,
1133 1496 1222 1529 quos
1250 1485 1461 1518 eruditionis
1495 1496 1537 1518 ac
1562 1484 1755 1518 Doctrinae
1782 1484 1847 1518 Pa-

81 1543 204 1574 tronos
231 1544 304 1574 tam
330 1540 438 1573 utiles
465 1541 560 1573 esset
588 1539 772 1583 experta“‚
808 1550 872 1582 per
898 1538 1077 1572 Simonem
1096 1538 1326 1572 Thaddaeum
1356 1538 1431 1571 Eck
1458 1538 1711 1572 cancellarium
1743 1549 1848 1571 suurn

81 1596 117 1628 et
142 1594 337 1627 Martinum
367 1592 577 1636 Eisengrein
612 1591 949 1626 vicecancellarium
982 1592 1232 1626 universitatis
1271 1591 1346 1635 (qui
1383 1592 1482 1625 ducis
1519 1591 1706 1625 consilium
1742 1591 1848 1625 valde

84 1647 297 1692 probabant)
339 1658 421 1680 cum
456 1646 571 1680 Sociis
607 1657 714 1689 agere
750 1646 878 1690 coepit,
920 1648 980 1687 „ut
1017 1645 1237 1689 Paedagogii
1273 1645 1490 1686 Academici,
1530 1656 1571 1678 ac
1606 1644 1850 1690 Philosophici

81 1712 207 1735 cursus
246 1712 368 1734 curam
408 1702 444 1734 et
482 1699 747 1733 solicitudinem
785 1699 821 1732 in
858 1710 938 1733 sese
976 1699 1197 1744 reciperent⁴⁴
1242 1699 1422 1742 (Mederer
1447 1698 1470 1733 l.
1497 1710 1527 1732 c.
1554 1697 1605 1731 IV
1632 1698 1848 1741 324—325).

81 1752 159 1795 Qua
186 1754 228 1788 de
255 1766 293 1787 re
319 1755 474 1797 Boryias
499 1752 611 1787 Paulo
638 1753 786 1786 Hoffaeo
819 1752 1031 1797 provinciali
1067 1752 1179 1786 Roma
1207 1753 1261 1786 31.
1290 1752 1511 1797 Septembris
1541 1752 1631 1787 1570
1657 1751 1849 1797 *scripsitz

85 1807 172 1849 ,δ’ὁ
198 1807 293 1841 uista
328 1807 362 1840 la
389 1806 560 1840 richiesta
596 1807 688 1840 satta
724 1817 787 1851 per
821 1805 846 1839 il
883 1805 1004 1849 signor
1032 1805 1240 1840 Cancelario
1276 1808 1311 1839 et
1346 1806 1369 1839 il
1397 1805 1520 1848 signor
1545 1805 1780 1849 Eisengrenio
1807 1805 1850 1838 de

81 1863 181 1905 parte
209 1860 288 1894 dell’
306 1860 553 1894 illustrissimo
573 1860 673 1899 duca,
701 1871 808 1904 sopra
834 1859 859 1893 il
878 1859 1008 1903 pigliar
1034 1859 1054 1893 l'
1072 1862 1257 1904 assumpto
1285 1859 1364 1893 dela
1383 1859 1516 1893 facolta
1535 1859 1630 1893 della
1649 1858 1849 1904 philosofia,

81 1916 116 1948 et
141 1914 269 1948 lettere
296 1914 329 1948 di
356 1913 587 1954 humanita“;
615 1924 707 1957 quae
734 1912 826 1947 Socii
854 1924 967 1956 usque
993 1912 1109 1946 adhuc
1136 1913 1257 1953 libere,
1285 1924 1353 1946 non
1377 1924 1460 1956 „per
1477 1911 1616 1956 obligo“
1639 1913 1848 1951 tradebant;

81 1967 300 2012 permittitur
325 1967 436 2010 igitur
462 1967 620 2007 Hoffaeo,
656 1969 696 2000 ut
723 1966 883 2011 proximo
919 1978 1011 2000 anno
1037 1966 1088 2000 rei
1115 1966 1313 2011 periculum
1347 1965 1468 2006 faciat,
1504 1965 1554 1999 ita
1580 1968 1711 2006 tamen,
1748 1968 1789 2000 ut
1814 1968 1851 1999 et

81 2019 193 2055 Sociis
220 2023 255 2054 et
281 2021 441 2054 externis
466 2031 532 2054 sua
559 2022 699 2054 constet
724 2020 892 2059 libertas;
930 2019 1067 2060 deinde,
1103 2020 1133 2053 si
1161 2031 1236 2053 rem
1263 2031 1342 2053 cum
1371 2019 1521 2053 aliorum
1549 2019 1787 2053 emolumento
1814 2020 1851 2052 et

80 2074 157 2108 sine
183 2085 313 2117 magno
339 2073 514 2107 sodalium
543 2073 757 2107 detrimento
782 2073 859 2107 fieri
887 2084 992 2118 posse
1011 2074 1129 2106 visum
1157 2074 1234 2113 erit,
1262 2073 1304 2106 de
1336 2076 1528 2117 „perpetuo
1555 2073 1760 2118 assumpto⁴‘
1791 2073 1851 2116 agi

81 2127 223 2171 poterit.
262 2127 308 2161 Et
334 2128 368 2161 in
397 2127 545 2161 eandem
573 2127 647 2161 fere
674 2126 889 2160 sententiam
918 2126 1069 2169 Borgias
1098 2126 1245 2160 Hoffaeo
1272 2127 1402 2160 iterum
1429 2125 1604 2171 *scripsit
1622 2127 1678 2160 25.
1698 2126 1851 2160 Novem·

80 2181 154 2215 bris
182 2182 273 2215 1570
301 2180 361 2223 (ex
388 2180 605 2224 apographis
632 2181 744 2214 eiusd.
771 2182 901 2224 temp.;
930 2179 1050 2214 Germ.
1079 2180 1123 2214 70
1150 2180 1174 2213 f.
1206 2180 1288 2213 123¹)
1317 2180 1412 2222 136).
1465 2180 1603 2224 ltaque,
1641 2192 1719 2213 cum
1756 2180 1851 2213 inter

84 2234 379 2276 Eisengreinium,
407 2234 463 2268 cui
491 2234 564 2267 dux
585 2234 640 2268 20.
657 2234 824 2268 Octobris
842 2235 933 2268 1570
959 2245 1163 2278 supremam
1190 2233 1442 2267 universitatis
1469 2245 1592 2268 curam
1611 2245 1689 2267 cum
1710 2233 1851 2267 nomine

85 2288 336 2332 „inspectoris“
367 2287 425 2321 vel
457 2287 637 2332 „patroni“
668 2287 815 2321 dederat
844 2288 1007 2330 (Pfleqer,
1034 2287 1198 2330 Eisengr.
1218 2288 1273 2322 86,
1314 2288 1478 2321 Mederer
1503 2287 1526 2321 1.
1546 2299 1575 2321 c.
1595 2288 1627 2321 H
1656 2288 1724 2321 328
1753 2287 1849 2330 331),

82 2341 242 2382 Eckium‚
280 2341 478 2381 Hoffaeum,
515 2341 736 2385 professores
771 2343 940 2374 externos
971 2341 1116 2384 (quibus
1143 2340 1244 2374 ducis
1271 2340 1459 2374 consilium
1488 2340 1593 2374 valde
1620 2341 1848 2385 displicebat)

82 2395 195 2429 multa
221 2394 372 2428 consilia
399 2394 530 2428 collata
557 2397 687 2435 essent,
723 2393 902 2428 Monachii
931 2395 985 2429 30.
1014 2394 1170 2428 Ianuarii
1199 2394 1287 2428 1571
1322 2394 1384 2435 „ad
1412 2394 1639 2427 mandatum⁶‘
1672 2394 1772 2428 ducis
1807 2394 1851 2428 ab

83 2449 231 2482 Erasmo
250 2447 388 2481 Vendio
415 2448 492 2481 sive
512 2447 632 2480 Vendt
657 2459 725 2480 uno
760 2459 805 2480 ex
832 2447 1034 2491 praecipuis
1067 2447 1168 2481 ducis
1195 2447 1420 2488 consiliariis,
1447 2447 1524 2480 viro
1551 2447 1657 2481 valde
1683 2447 1851 2490 religioso

82 2504 118 2535 et
142 2501 345 2535 litterarum
364 2500 613 2534 amantissimo
635 2500 696 2543 (K.
717 2512 743 2534 v.
764 2501 1100 2534 Rei›zlza⁷·dst‹'›'ttne7·
1126 2501 1148 2534 1.
1169 2512 1197 2534 0.
1224 2500 1273 2544 [v.
1292 2512 1400 2545 supra
1428 2512 1460 2544 p.
1479 2499 1537 2544 99]
1566 2500 1612 2533 lV
1639 2501 1682 2534 57
1712 2500 1853 2535 62—64

85 2555 180 2597 138),
207 2555 312 2588 datus
339 2556 395 2588 est
420 2556 569 2588 senatus
595 2554 703 2588 aulici
727 2555 930 2595 „recessus“
954 2554 1031 2587 sive
1055 2554 1265 2595 „resoluti0“
1288 2554 1505 2597 germanica,
1533 2565 1613 2597 qua,
1641 2554 1725 2598 quid
1752 2555 1851 2596 iuris,

83 2609 169 2652 quid
194 2608 303 2642 officii
330 2620 370 2642 ea
406 2608 440 2641 in
477 2620 514 2641 re
541 2607 671 2641 rectori
697 2607 957 2648 universitatis,
993 2609 1146 2648 senatui,
1183 2607 1366 2645 Societati.
1402 2607 1666 2652 professoribus
1692 2607 1851 2653 reliquis,

82 2662 254 2696 studiosis
272 2664 380 2703 esset,
399 2664 567 2695 accurate
587 2661 824 2695 definiebatur
845 2661 981 2703 (exstat
1000 2661 1094 2705 apud
1114 2662 1277 2695 Mederer
1295 2661 1316 2694 1.
1333 2672 1360 2695 c.
1379 2661 1427 2694 IV
1446 2661 1650 2702 326—333;
1678 2662 1723 2696 cf.
1743 2662 1851 2696 etiam

83 2715 187 2755 infra,
214 2717 297 2749 ante
324 2727 377 2760 ep.
396 2727 430 2749 n.
452 2715 573 2757 1744).
617 2714 731 2756 Quam
762 2714 1056 2757 „resolutione1n“
1087 2715 1131 2748 ab
1159 2715 1306 2748 Hoffaeo
1334 2714 1483 2748 Romam
1510 2715 1658 2749 missam
1686 2716 1806 2760 ibique
1833 2728 1853 2750 a

85 2769 186 2804 Socio
221 2768 340 2812 aliquo
376 2768 487 2802 latine
514 2768 688 2802 redditam
726 2770 762 2802 et
787 2768 947 2802 numeris
974 2768 1182 2802 distinctam
1218 2780 1296 2802 cum
1325 2770 1546 2802 Franeiscns
1570 2770 1727 2812 Boryias
1753 2781 1852 2814 prae-

84 2823 220 2867 positus
246 2821 426 2866 generalis
451 2821 612 2865 legisset,
640 2821 753 2856 Roma
780 2823 811 2856 7.
828 2822 962 2866 Aprilis
983 2822 1070 2856 1571
1101 2821 1145 2856 ad
1172 2822 1360 2856 Hoffaeum
1386 2825 1404 2841 '³⁶
1417 2822 1558 2856 litteras
1585 2822 1701 2863 misit,
1722 2823 1853 2866 quibus

84 2888 174 2917 eum,
210 2887 302 2920 quae
337 2876 372 2909 in
406 2875 469 2909 illa
494 2875 717 2909 immutanda
744 2887 822 2910 esse
850 2877 1024 2916 censeret,
1061 2875 1272 2918 singulatim
1301 2876 1469 2916 docebat;
1506 2876 1605 2917 haec,
1642 2876 1724 2920 quia
1760 2888 1852 2911 com-

208 2981 214 3000 ¹
241 2981 482 3015 Theodoricus
509 2981 685 3016 Canisius.

204 3035 216 3054 ²
242 3034 480 3075 Theodori003
506 3035 541 3069 id
569 3047 614 3069 ex
640 3036 784 3069 Natalis
810 3035 970 3069 *litteris
997 3035 1052 3069 21.
1072 3035 1152 3069 Iulii
1183 3036 1269 3070 1571
1300 3036 1344 3070 ad
1371 3037 1410 3071 P.
1429 3036 1652 3082 Alphonsum
1681 3037 1853 3072 Pisanum

85 3087 179 3122 datis
205 3087 429 3131 intellegitur
458 3088 519 3131 (ex
545 3100 668 3133 apogr.
689 3088 799 3124 eiusd.
820 3091 950 3133 temp.;
979 3088 1097 3123 Germ.
1118 3090 1159 3124 71
1189 3090 1213 3123 f.
1235 3089 1325 3133 11¹').

155 3151 468 3185 Braunsberger,
490 3152 603 3178 Canisii
623 3153 777 3186 Epistulae
798 3153 829 3179 et
849 3153 936 3180 Acta.
963 3153 1012 3180 VI.
1521 3150 1566 3184 29
