2044 3335
558 87 725 128 Augusta
743 85 1010 120 Vindelicorum
1030 86 1084 121 19.
1103 84 1286 119 Februarii
1307 84 1410 119 1569.
1794 86 1878 127 253

107 205 236 247 rebus
273 202 475 257 gerendis
517 202 559 243 in
592 202 810 245 Heluetia.
875 203 1076 256 Cogimur
1107 203 1219 244 hunc
1250 201 1479 245 Monachio
1511 201 1754 243 transferre
1786 201 1877 242 Au-

107 272 280 323 gustam
315 268 369 310 ad
401 270 585 320 tempus,
620 269 712 309 tum
746 267 846 320 quia
879 282 963 309 non
995 269 1140 322 placet
1171 267 1215 309 in
1243 267 1461 309 Oathedra
1483 265 1875 315 Monachiensibus,

106 337 200 376 tum
232 333 332 386 quia
363 332 571 374 molestus
605 334 650 374 et
681 331 768 373 illic
803 346 898 374 esse
931 334 1074 387 coepit
1106 332 1329 382 fratribus,
1373 332 1474 374 dum
1507 330 1652 385 pergit
1684 344 1778 372 esse
1812 330 1876 372 sui

106 398 271 440 similis.
316 397 419 439 Cum
451 411 588 450 nuper
620 398 738 438 esset
759 398 874 450 apud
897 411 977 447 me,
1012 398 1130 439 suasi
1150 397 1464 450 profectionem
1486 397 1547 438 illi
1571 396 1614 437 in
1639 395 1874 446 Austriam,

108 465 155 505 ut
185 462 324 504 literis
357 462 403 504 P.
438 462 485 504 T.
519 462 697 503 Doctori
732 462 865 503 Paulo
898 462 981 505 fuit
1014 462 1318 515 significatum,
1362 465 1406 504 et
1438 462 1669 515 sperabam
1703 463 1875 514 gratam

106 527 168 569 illi
200 527 293 569 fore
326 526 570 581 prouintiae
607 526 905 570 mutationem.
970 527 1212 582 Respondit
1253 529 1413 577 autem,
1456 526 1537 568 sibi
1571 541 1655 567 non
1688 526 1875 580 placere,

106 595 155 633 vt
187 605 242 634 ex
274 591 355 634 hac
388 591 530 645 patria
562 591 809 645 prouintia1
843 592 1037 634 discedat
1070 592 1168 641 alio,
1202 605 1430 646 superesse
1463 591 1626 633 amicos
1647 604 1874 644 pauperes,

106 657 259 710 quibus
293 656 440 711 cupiat
471 656 714 698 subuenire.
760 657 1183 711 Proposuitigitu1·2,
1219 656 1255 698 si
1287 670 1313 698 a
1345 657 1461 698 votis
1493 658 1642 710 posset
1664 656 1831 697 absolui
1844 656 1873 705 2,

106 722 175 764 uel
208 724 337 763 extra
371 721 601 775 collegium
635 721 783 763 uiuere
816 722 857 764 in
892 723 1075 764 honesta
1108 721 1354 764 conditione
1386 721 1502 776 apud
1524 723 1797 774 magnatem:
1832 721 1874 762 id

105 787 186 828 sibi
208 786 401 829 futurum
425 786 615 829 ostendit
637 787 819 839 gratius.
845 801 972 840 quam
996 788 1032 829 si
1055 788 1109 830 ad
1132 787 1393 841 prouintiam
1416 786 1544 828 aliam
1565 785 1872 828 destinaretur.

106 851 218 893 Hinc
251 851 396 893 uidere
428 851 531 894 licet
562 851 688 893 huius
716 852 859 894 Patris
892 853 934 893 in
967 866 1044 894 sua
1071 852 1300 895 vocatione
1322 851 1679 900 imbecillitatem,
1714 850 1767 891 de
1791 863 1874 902 qua

106 930 412 969 nonnunquam
443 916 515 958 ille
548 930 644 958 cum
676 916 761 958 alio
795 917 925 958 etiarn
959 917 1174 959 imbecillo
1207 917 1345 959 fratre
1367 916 1493 958 nimis
1516 915 1734 957 luculente
1756 917 1873 957 trac-

104 982 230 1032 tauit,
273 984 322 1023 ut
363 983 481 1023 certe
521 982 633 1024 solet
675 982 761 1023 alia
803 996 973 1035 quoque
1015 996 1225 1036 spargere
1268 981 1474 1032 uenenab,
1518 981 1630 1022 sicut
1661 980 1872 1032 intelligo.

105 1046 317 1088 Veremur
348 1045 483 1099 igitur
514 1046 612 1087 huic
636 1047 770 1095 Patri,
806 1050 850 1089 et
883 1048 936 1089 ab
969 1047 1042 1089 illo
1066 1047 1259 1102 pluribus
1281 1047 1505 1096 fratribus,
1538 1059 1677 1099 neque
1700 1045 1871 1096 scimus,

106 1125 188 1164 quo
220 1111 341 1153 illum
373 1111 614 1154 transferre
647 1112 872 1165 possimus,
908 1115 1139 1166 postquam
1162 1112 1441 1166 Jngolstadij,
1476 1111 1678 1164 Dilingae
1711 1114 1755 1154 et
1781 1112 1873 1153 Mo-

106 1176 246 1230 nachij
279 1176 385 1218 ferri
417 1191 502 1218 non
535 1176 678 1231 potuit
710 1177 853 1220 miser.
919 1180 1146 1231 Augustae
1178 1177 1385 1220 maiorem
1419 1177 1578 1219 sentiet
1610 1177 1873 1220 libertatem.

105 1256 232 1295 quam
266 1241 382 1284 illius
413 1241 586 1295 ingenio
621 1245 857 1295 congruat:
900 1246 944 1285 et
976 1243 1044 1285 hic
1075 1246 1223 1286 tamen
1255 1243 1376 1285 illum
1409 1241 1625 1295 tantisper
1657 1241 1771 1284 ferre
1804 1256 1874 1284 co·

103 1321 270 1360 gemur,
314 1307 449 1348 donec
490 1306 582 1349 eius
624 1307 763 1350 literis
805 1322 913 1361 quas
955 1322 1091 1363 nuper
1129 1308 1258 1358 misit,
1292 1322 1319 1350 a
1351 1308 1397 1350 P.
1432 1308 1481 1350 T.
1516 1307 1873 1361 respondeatur&

105 1372 197 1414 Nos
228 1375 482 1426 putaremus
514 1372 577 1415 ita
609 1373 956 1427 respondendum
991 1388 1099 1423 esse,
1134 1377 1180 1416 ut
1212 1373 1363 1416 statim
1396 1372 1677 1425 intelligeret,
1721 1386 1767 1414 se
1800 1386 1874 1414 uo-

105 1437 194 1479 cari
219 1437 415 1487 Romam,
450 1440 498 1480 ut
531 1439 662 1480 antea
693 1438 861 1493 scripsi,
895 1442 1071 1482 secutus
1094 1440 1145 1482 D.
1170 1439 1293 1481 Pauli
1328 1439 1606 1487 sententiam,
1640 1438 1709 1479 uel
1741 1452 1788 1480 66
1822 1438 1876 1480 ad

106 1503 332 1545 Heluetios
364 1502 492 1554 mitti,
535 1503 572 1544 si
605 1503 760 1556 aliquis
793 1504 875 1545 huc
909 1505 991 1547 erit
1023 1504 1273 1547 mittendus
1338 1504 1451 1546 Nam
1485 1503 1638 1556 ingens
1669 1503 1731 1544 illi
1762 1503 1876 1558 peri—

103 1569 245 1610 culum
279 1568 488 1618 imminet,
523 1568 736 1622 simulque
765 1569 989 1619 fratribus,
1024 1570 1096 1622 qui
1119 1584 1215 1611 cum
1240 1583 1290 1611 eo
1314 1572 1560 1619 uersantur,
1594 1568 1629 1609 si
1652 1568 1724 1610 diu
1746 1568 1875 1610 relin-

104 1635 265 1686 quatur
297 1633 339 1674 in
382 1633 602 1687 prouintia
643 1637 809 1685 nostra,
852 1635 923 1676 ubi
956 1635 1145 1689 patriam
1177 1638 1222 1677 et
1255 1634 1417 1677 amicos
1451 1637 1585 1677 tenet.
1649 1634 1746 1687 Ago
1780 1648 1874 1676 cum

102 1698 177 1741 illo
210 1698 480 1750 suauissime,
516 1701 565 1741 ut
597 1699 714 1742 dicat
747 1715 815 1742 me
847 1700 1002 1743 timere
1036 1701 1088 1742 ab
1121 1700 1228 1755 ipso,
1262 1700 1347 1742 imo
1376 1700 1508 1742 audet
1532 1699 1688 1750 dicere,
1722 1714 1769 1742 se
1791 1700 1874 1742 iam

108 1767 339 1818 exceptum
372 1778 397 1805 a
429 1764 521 1806 iure
553 1765 826 1808 obedientiae
860 1766 961 1808 mihi
997 1766 1274 1820 praestando.
1341 1765 1500 1807 Videat
1532 1770 1717 1818 quaesoc
1749 1766 1795 1808 Ρ.
1827 1766 1874 1807 Τ.

104 1831 153 1871 ut
184 1829 282 1871 huic
316 1830 534 1880 scandalo,
578 1830 614 1871 si
644 1830 738 1872 fieri
777 1835 937 1885 potest,
981 1831 1297 1886 quamprimum
1333 1831 1458 1885 serijs
1492 1830 1632 1872 literis
1665 1830 1721 1872 ad
1755 1831 1874 1872 illum

104 1895 219 1937 datis
260 1894 499 1946 occurratd,
547 1909 600 1937 ne
633 1899 812 1951 propter
844 1912 974 1939 unum
1008 1900 1103 1940 tota
1135 1896 1354 1952 prouintia
1386 1900 1645 1949 torqueatur
1677 1897 1874 1950 amplius.

224 1960 509 2002 Commissum
541 1965 638 2003 erat
670 1962 773 2003 mihi
806 1977 961 2004 munus
994 1962 1237 2016 excipiendi
1270 1965 1375 2004 uota
1407 1977 1570 2011 eorum,
1604 1961 1676 2016 qui
1700 1962 1753 2004 ad
1776 1976 1875 2016 pro-

104 2025 360 2067 sessioneme
394 2026 652 2069 admittendi
684 2029 801 2071 sunt.
864 2027 1015 2070 Liceat
1049 2031 1195 2070 autem
1228 2042 1349 2082 rogo,
1383 2027 1496 2070 sicut
1527 2032 1572 2070 et
1604 2027 1741 2069 nostri
1775 2041 1876 2068 con-

104 2091 265 2141 sulunt,
299 2104 390 2132 rem
422 2091 465 2132 in
499 2094 713 2135 aestatem
748 2093 933 2144 differre,
969 2096 1017 2135 ut
1049 2098 1149 2148 post
1180 2094 1343 2148 pascha
1376 2093 1560 2147 primum
1593 2094 1644 2135 de
1666 2092 1876 2134 faciendis

106 2156 435 2210 probationibus
467 2157 625 2210 singuli
658 2158 974 2201 admoneantur
987 2160 1015 2202 4.
1060 2159 1248 2201 Tantum
1284 2159 1336 2200 de
1369 2159 1420 2201 D.
1445 2159 1671 2200 Theodoro
1694 2158 1876 2200 Peltano

106 2221 233 2263 ualde
267 2221 468 2264 dubitant
500 2222 687 2275 quidam,
722 2225 984 2278 expediatne
1015 2225 1134 2266 illum
1160 2225 1257 2279 alijs
1281 2227 1468 2278 quatuor
1490 2228 1593 2266 uota
1616 2224 1877 2278 professuris

107 2287 286 2340 iungere
300 2288 327 2329 5.
367 2287 460 2328 Nec
493 2288 606 2329 enim
639 2302 734 2330 cum
758 2289 946 2332 Rectore
978 2291 1083 2332 61106
1114 2293 1190 2332 aut
1213 2290 1310 2343 alijs
1334 2289 1565 2331 conuenire
1588 2290 1712 2339 solet,
1747 2293 1791 2332 et
1813 2290 1878 2331 fa-

108 2353 188 2394 cile
221 2352 341 2394 abuti
369 2356 518 2406 posset
541 2353 695 2396 altiore
717 2355 870 2408 gradu,
904 2369 1113 2409 suamque
1136 2358 1320 2409 augeret
1342 2356 1384 2396 in
1408 2355 1592 2397 uiuendo
1615 2355 1877 2403 libertatem,

108 2417 214 2470 quaf
243 2418 378 2459 bonos
411 2418 525 2459 domi
559 2421 603 2460 et
634 2418 741 2461 foris
774 2421 952 2463 offendit
985 2435 1129 2475 saepe.
1186 2421 1373 2462 Dubium
1407 2434 1525 2471 sane,
1561 2434 1614 2462 an
1649 2421 1880 2463 conueniat

227 2494 256 2524 a)
283 2493 330 2517 Ita
357 2494 386 2517 C.
408 2493 470 2524 ipse
491 2494 619 2518 correxit
639 2502 674 2518 ex
694 2493 766 2519 fecit
786 2495 817 2520 et
838 2495 1032 2521 mentionem.
1125 2494 1153 2526 b)
1175 2496 1315 2527 Sequitur
1334 2502 1372 2520 110
1394 2503 1455 2521 111111
1479 2497 1519 2521 vel
1540 2502 1769 2528 nonnunquam,
1789 2497 1879 2521 omitt.

107 2533 135 2564 c)
157 2535 216 2558 Hoc
236 2542 259 2558 ν.
280 2542 298 2558 α
319 2535 347 2559 C.
367 2542 460 2566 supra
482 2543 597 2559 versum
617 2536 759 2567 scriptum
780 2539 830 2561 est.
924 2536 953 2567 d)
980 2538 1005 2561 A
1027 2538 1055 2562 ζ’.
1076 2545 1151 2562 corr.
1172 2545 1208 2562 ex
1228 2536 1415 2563 occurratur.
1508 2539 1535 2569 θ)
1561 2538 1585 2562 Α
1608 2539 1635 2562 C.
1658 2546 1732 2562 corr.
1753 2546 1789 2563 ea·
1808 2545 1878 2570 pro-

109 2574 269 2602 fessiones.
348 2575 377 2607 f)
399 2577 445 2601 Ita
468 2577 496 2601 C.
517 2577 646 2602 cori-erit
666 2585 702 2602 ea·
723 2584 809 2610 quae.

232 2660 242 2679 ¹
267 2659 464 2703 Fridberga
494 2660 733 2705 (Friedberg)‚
770 2673 815 2695 ex
843 2661 1019 2696 Bavariae
1055 2663 1251 2707 superioris
1278 2663 1407 2707 oppido
1434 2674 1544 2707 prope
1570 2664 1773 2707 Augustam
1799 2663 1880 2703 sito,

109 2715 210 2747 ortus
236 2715 331 2754 erat;
359 2725 394 2748 V.
417 2715 503 2748 Can.
524 2714 555 2748 V
577 2715 671 2749 145⁵.

231 2767 244 2787 ²
269 2767 403 2801 Romae
430 2768 461 2802 6.
481 2768 637 2802 Ianuarii
660 2769 747 2803 1561
773 2771 878 2811 „vota
897 2768 1215 2803 scholasticorum‘
1238 2769 1416 2814 simplicia
1434 2773 1708 2815 nuncupaverat
1729 2772 1762 2814 (*
1778 2772 1881 2805 Cata-

109 2821 211 2864 309ch
236 2820 442 2864 dilinganus
469 2822 525 2856 31.
552 2821 761 2856 Decembris
790 2823 881 2858 1566
908 2823 1142 2867 compositus3
1174 2822 1261 2857 GSO
1288 2824 1333 2858 66
1360 2823 1384 2857 f.
1403 2824 1517 2867 402³).

232 2875 244 2893 ³
270 2873 360 2908 Vide
387 2886 496 2919 supra
522 2887 555 2920 p.
578 2876 642 2910 147
673 2876 751 2909 172.

232 2929 244 2947 4
271 2926 322 2961 De
348 2928 405 2962 his
430 2928 700 2972 probationibus
726 2930 805 2963 sive
836 2929 1132 2974 „experimentis“
1163 2942 1198 2964 V.
1221 2931 1307 2965 Can.
1328 2930 1361 2964 11
1388 2931 1473 2965 396¹
1500 2931 1586 2965 6132
1613 2932 1692 2966 684.

232 2982 245 3000 ⁵
270 2980 306 3015 Is
332 2981 369 3014 in
395 2982 633 3016 universitate
659 2983 935 3027 ingolstadiensi
961 2983 1178 3027 theologiam
1208 2984 1378 3025 docebat;
1414 2984 1457 3018 de
1493 2985 1569 3019 eius
1596 2986 1714 3020 indole
1750 2988 1785 3020 et
1811 2998 1881 3020 mo·

113 3033 212 3068 ribus
238 3035 283 3068 cf.
310 3045 420 3078 supra
447 3047 478 3080 p.
502 3036 699 3071 131—132.

234 3088 246 3107 ⁶
272 3087 311 3122 P.
338 3088 494 3122 Martino
521 3089 774 3123 Leubenstain.

1900 3093 1917 3109 ἱ
