<?xml version="1.0" encoding="UTF-8"?>
<!DOCTYPE html PUBLIC "-//W3C//DTD XHTML 1.0 Transitional//EN"
    "http://www.w3.org/TR/xhtml1/DTD/xhtml1-transitional.dtd">
<html xmlns="http://www.w3.org/1999/xhtml" xml:lang="en" lang="en">
 <head>
  <title>
</title>
<meta http-equiv="Content-Type" content="text/html;charset=utf-8" />
  <meta name='ocr-system' content='tesseract 3.04.00' />
  <meta name='ocr-capabilities' content='ocr_page ocr_carea ocr_par ocr_line ocrx_word'/>
</head>
<body>
  <div class='ocr_page' id='page_1' title='image "beatipetricanisi06cani_0815.png"; bbox 0 0 2044 3335; ppageno 0'>
   <div class='ocr_carea' id='block_1_1' title="bbox 586 125 1878 171">
    <p class='ocr_par' dir='ltr' id='par_1_1' title="bbox 586 125 1878 171">
     <span class='ocr_line' id='line_1_1' title="bbox 586 125 1878 171; baseline -0.006 -7"><span class='ocrx_word' id='word_1_1' title='bbox 586 130 681 164; x_wconf 89' lang='lat' dir='ltr'>Mon.</span> <span class='ocrx_word' id='word_1_2' title='bbox 712 129 799 164; x_wconf 77' lang='lat'>1081</span> <span class='ocrx_word' id='word_1_3' title='bbox 829 129 906 163; x_wconf 86' lang='lat' dir='ltr'>sive</span> <span class='ocrx_word' id='word_1_4' title='bbox 933 139 1008 162; x_wconf 88' lang='lat' dir='ltr'>var.</span> <span class='ocrx_word' id='word_1_5' title='bbox 1032 127 1120 171; x_wconf 84' lang='grc'>(17).</span> <span class='ocrx_word' id='word_1_6' title='bbox 1167 125 1410 161; x_wconf 89' lang='grc'>1567-1571.</span> <span class='ocrx_word' id='word_1_7' title='bbox 1796 125 1878 166; x_wconf 83' lang='lat'>741</span> 
     </span>
    </p>
   </div>
   <div class='ocr_carea' id='block_1_2' title="bbox 112 241 1889 1277">
    <p class='ocr_par' dir='ltr' id='par_1_2' title="bbox 116 241 1885 558">
     <span class='ocr_line' id='line_1_2' title="bbox 117 241 1884 301; baseline -0.005 -11"><span class='ocrx_word' id='word_1_8' title='bbox 117 248 185 290; x_wconf 90' lang='lat' dir='ltr'>hic</span> <span class='ocrx_word' id='word_1_9' title='bbox 218 248 457 290; x_wconf 75' lang='lat' dir='ltr'>defecerint</span> <span class='ocrx_word' id='word_1_10' title='bbox 490 261 617 300; x_wconf 86' lang='lat' dir='ltr'>quam</span> <span class='ocrx_word' id='word_1_11' title='bbox 651 245 927 301; x_wconf 73' lang='lat' dir='ltr'>profecerint.</span> <span class='ocrx_word' id='word_1_12' title='bbox 977 245 1061 287; x_wconf 81' lang='lat' dir='ltr'>Sed</span> <span class='ocrx_word' id='word_1_13' title='bbox 1094 259 1191 286; x_wconf 89' lang='lat' dir='ltr'>cum</span> <span class='ocrx_word' id='word_1_14' title='bbox 1223 257 1335 285; x_wconf 91' lang='lat' dir='ltr'>nouo</span> <span class='ocrx_word' id='word_1_15' title='bbox 1369 241 1672 284; x_wconf 84' lang='lat' dir='ltr'>Prouinciale1</span> <span class='ocrx_word' id='word_1_16' title='bbox 1694 254 1783 294; x_wconf 76' lang='lat' dir='ltr'>pax</span> <span class='ocrx_word' id='word_1_17' title='bbox 1815 242 1884 282; x_wconf 89' lang='lat' dir='ltr'>est</span> 
     </span>
     <span class='ocr_line' id='line_1_3' title="bbox 118 304 1883 366; baseline -0.006 -11"><span class='ocrx_word' id='word_1_18' title='bbox 118 313 313 355; x_wconf 86' lang='lat' dir='ltr'>omnibus</span> <span class='ocrx_word' id='word_1_19' title='bbox 336 313 530 366; x_wconf 85' lang='lat' dir='ltr'>collegijs</span> <span class='ocrx_word' id='word_1_20' title='bbox 552 312 769 355; x_wconf 86' lang='lat' dir='ltr'>restituta.</span> <span class='ocrx_word' id='word_1_21' title='bbox 789 346 797 353; x_wconf 92' lang='lat'>.</span> <span class='ocrx_word' id='word_1_22' title='bbox 816 346 823 353; x_wconf 92' lang='lat'>.</span> <span class='ocrx_word' id='word_1_23' title='bbox 843 346 850 353; x_wconf 92' lang='lat'>.</span> <span class='ocrx_word' id='word_1_24' title='bbox 901 311 1064 352; x_wconf 81' lang='lat' dir='ltr'>Eodem</span> <span class='ocrx_word' id='word_1_25' title='bbox 1097 313 1293 362; x_wconf 89' lang='lat' dir='ltr'>tempore</span> <span class='ocrx_word' id='word_1_26' title='bbox 1316 322 1410 350; x_wconf 89' lang='lat' dir='ltr'>cum</span> <span class='ocrx_word' id='word_1_27' title='bbox 1434 308 1484 351; x_wconf 92' lang='lat' dir='ltr'>D.</span> <span class='ocrx_word' id='word_1_28' title='bbox 1509 307 1665 349; x_wconf 88' lang='lat' dir='ltr'>Petrus</span> <span class='ocrx_word' id='word_1_29' title='bbox 1687 304 1883 347; x_wconf 84' lang='lat' dir='ltr'>Canisius</span> 
     </span>
     <span class='ocr_line' id='line_1_4' title="bbox 117 369 1883 427; baseline -0.005 -7"><span class='ocrx_word' id='word_1_30' title='bbox 117 379 255 420; x_wconf 87' lang='lat' dir='ltr'>adhuc</span> <span class='ocrx_word' id='word_1_31' title='bbox 287 377 572 419; x_wconf 83' lang='lat' dir='ltr'>Prouincialis</span> <span class='ocrx_word' id='word_1_32' title='bbox 615 378 745 427; x_wconf 89' lang='lat' dir='ltr'>esset,</span> <span class='ocrx_word' id='word_1_33' title='bbox 784 376 916 418; x_wconf 86' lang='lat' dir='ltr'>Pater</span> <span class='ocrx_word' id='word_1_34' title='bbox 956 377 1106 416; x_wconf 87' lang='lat' dir='ltr'>noster</span> <span class='ocrx_word' id='word_1_35' title='bbox 1136 375 1282 416; x_wconf 89' lang='lat' dir='ltr'>rector</span> <span class='ocrx_word' id='word_1_36' title='bbox 1313 372 1476 426; x_wconf 81' lang='lat' dir='ltr'>sibiipsi</span> <span class='ocrx_word' id='word_1_37' title='bbox 1509 371 1642 424; x_wconf 88' lang='lat' dir='ltr'>elegit</span> <span class='ocrx_word' id='word_1_38' title='bbox 1674 369 1883 412; x_wconf 84' lang='lat' dir='ltr'>officiales</span> 
     </span>
     <span class='ocr_line' id='line_1_5' title="bbox 117 435 1885 494; baseline -0.005 -9"><span class='ocrx_word' id='word_1_39' title='bbox 117 457 171 485; x_wconf 83' lang='lat' dir='ltr'>ex</span> <span class='ocrx_word' id='word_1_40' title='bbox 205 442 305 492; x_wconf 85' lang='lat' dir='ltr'>suis,</span> <span class='ocrx_word' id='word_1_41' title='bbox 339 446 388 485; x_wconf 89' lang='lat' dir='ltr'>ut</span> <span class='ocrx_word' id='word_1_42' title='bbox 420 442 750 491; x_wconf 85' lang='lat' dir='ltr'>admonitorem,</span> <span class='ocrx_word' id='word_1_43' title='bbox 784 440 1008 494; x_wconf 81' lang='lat' dir='ltr'>syndicum</span> <span class='ocrx_word' id='word_1_44' title='bbox 1042 442 1138 488; x_wconf 70' lang='grc'>0130,</span> <span class='ocrx_word' id='word_1_45' title='bbox 1172 439 1240 480; x_wconf 91' lang='lat' dir='ltr'>An</span> <span class='ocrx_word' id='word_1_46' title='bbox 1267 452 1352 479; x_wconf 91' lang='lat' dir='ltr'>non</span> <span class='ocrx_word' id='word_1_47' title='bbox 1385 437 1595 479; x_wconf 88' lang='lat' dir='ltr'>deberent</span> <span class='ocrx_word' id='word_1_48' title='bbox 1627 435 1835 478; x_wconf 87' lang='lat' dir='ltr'>officiales</span> <span class='ocrx_word' id='word_1_49' title='bbox 1858 448 1885 476; x_wconf 83' lang='lat' dir='ltr'>a</span> 
     </span>
     <span class='ocr_line' id='line_1_6' title="bbox 116 502 1476 558; baseline -0.004 -9"><span class='ocrx_word' id='word_1_50' title='bbox 116 509 247 551; x_wconf 87' lang='lat' dir='ltr'>Patre</span> <span class='ocrx_word' id='word_1_51' title='bbox 280 507 541 548; x_wconf 70' lang='lat' dir='ltr'>prouinciali</span> <span class='ocrx_word' id='word_1_52' title='bbox 573 509 650 548; x_wconf 83' lang='lat' dir='ltr'>aut</span> <span class='ocrx_word' id='word_1_53' title='bbox 681 504 1008 548; x_wconf 86' lang='lat' dir='ltr'>Consultoribus</span> <span class='ocrx_word' id='word_1_54' title='bbox 1041 503 1206 558; x_wconf 87' lang='lat' dir='ltr'>pariter</span> <span class='ocrx_word' id='word_1_55' title='bbox 1239 502 1476 545; x_wconf 77' lang='lat' dir='ltr'>constitui?</span> 
     </span>
    </p>

    <p class='ocr_par' dir='ltr' id='par_1_3' title="bbox 112 563 1889 1277">
     <span class='ocr_line' id='line_1_7' title="bbox 234 563 1881 627; baseline -0.005 -13"><span class='ocrx_word' id='word_1_56' title='bbox 234 572 319 614; x_wconf 64' lang='lat' dir='ltr'>His</span> <span class='ocrx_word' id='word_1_57' title='bbox 344 574 524 627; x_wconf 74' lang='lat' dir='ltr'>querelis</span> <span class='ocrx_word' id='word_1_58' title='bbox 546 573 701 614; x_wconf 61' lang='lat' dir='ltr'>similes</span> <span class='ocrx_word' id='word_1_59' title='bbox 723 576 820 613; x_wconf 70' lang='lat' dir='ltr'>sum}</span> <span class='ocrx_word' id='word_1_60' title='bbox 852 572 949 612; x_wconf 78' lang='lat' dir='ltr'>illae</span> <span class='ocrx_word' id='word_1_61' title='bbox 972 584 1078 625; x_wconf 73' lang='lat' dir='ltr'>quas</span> <span class='ocrx_word' id='word_1_62' title='bbox 1103 603 1121 622; x_wconf 82' lang='lat'>,‚</span> <span class='ocrx_word' id='word_1_63' title='bbox 1132 569 1178 612; x_wconf 87' lang='lat' dir='ltr'>P.</span> <span class='ocrx_word' id='word_1_64' title='bbox 1204 569 1431 622; x_wconf 73' lang='lat' dir='ltr'>Gasparus</span> <span class='ocrx_word' id='word_1_65' title='bbox 1453 567 1668 609; x_wconf 68' lang='lat' dir='ltr'>Heivodus</span> <span class='ocrx_word' id='word_1_66' title='bbox 1690 563 1881 621; x_wconf 66' lang='lat' dir='ltr'>Anylus“</span> 
     </span>
     <span class='ocr_line' id='line_1_8' title="bbox 116 632 1885 692; baseline -0.005 -12"><span class='ocrx_word' id='word_1_67' title='bbox 116 640 299 692; x_wconf 60' lang='lat' dir='ltr'>Boryiae</span> <span class='ocrx_word' id='word_1_68' title='bbox 335 652 416 692; x_wconf 73' lang='lat' dir='ltr'>pro</span> <span class='ocrx_word' id='word_1_69' title='bbox 463 637 619 691; x_wconf 75' lang='lat' dir='ltr'>„officii</span> <span class='ocrx_word' id='word_1_70' title='bbox 659 638 728 678; x_wconf 74' lang='lat' dir='ltr'>sui</span> <span class='ocrx_word' id='word_1_71' title='bbox 768 634 957 677; x_wconf 44' lang='lat' dir='ltr'>ration&amp;</span> <span class='ocrx_word' id='word_1_72' title='bbox 999 635 1178 688; x_wconf 67' lang='lat' dir='ltr'>Ddinqa</span> <span class='ocrx_word' id='word_1_73' title='bbox 1220 636 1259 675; x_wconf 68' lang='lat'>8.</span> <span class='ocrx_word' id='word_1_74' title='bbox 1295 634 1500 674; x_wconf 72' lang='lat' dir='ltr'>Ianuarii</span> <span class='ocrx_word' id='word_1_75' title='bbox 1542 634 1654 674; x_wconf 78' lang='lat'><strong><em>1571</em></strong></span> <span class='ocrx_word' id='word_1_76' title='bbox 1698 632 1885 673; x_wconf 67' lang='lat' dir='ltr'>scribens</span> 
     </span>
     <span class='ocr_line' id='line_1_9' title="bbox 115 695 1884 759; baseline -0.005 -14"><span class='ocrx_word' id='word_1_77' title='bbox 115 704 380 759; x_wconf 72' lang='lat' dir='ltr'>proferebat:</span> <span class='ocrx_word' id='word_1_78' title='bbox 421 700 793 754; x_wconf 84' lang='lat' dir='ltr'>Requieuisse</span> <span class='ocrx_word' id='word_1_79' title='bbox 826 700 1000 742; x_wconf 88' lang='lat' dir='ltr'>videtur</span> <span class='ocrx_word' id='word_1_80' title='bbox 1031 712 1162 752; x_wconf 87' lang='lat' dir='ltr'>super</span> <span class='ocrx_word' id='word_1_81' title='bbox 1194 698 1307 739; x_wconf 87' lang='lat' dir='ltr'>hunc</span> <span class='ocrx_word' id='word_1_82' title='bbox 1340 700 1538 739; x_wconf 90' lang='lat' dir='ltr'>sanctum</span> <span class='ocrx_word' id='word_1_83' title='bbox 1570 699 1741 750; x_wconf 87' lang='lat' dir='ltr'>patrem</span> <span class='ocrx_word' id='word_1_84' title='bbox 1773 695 1884 737; x_wconf 86' lang='lat' dir='ltr'>Rec-</span> 
     </span>
     <span class='ocr_line' id='line_1_10' title="bbox 116 761 1888 821; baseline -0.005 -11"><span class='ocrx_word' id='word_1_85' title='bbox 116 772 254 810; x_wconf 85' lang='lat' dir='ltr'>torem</span> <span class='ocrx_word' id='word_1_86' title='bbox 277 767 497 821; x_wconf 90' lang='lat' dir='ltr'>spiritus</span> <span class='ocrx_word' id='word_1_87' title='bbox 518 766 741 816; x_wconf 83' lang='lat' dir='ltr'>timoris,</span> <span class='ocrx_word' id='word_1_88' title='bbox 766 765 841 806; x_wconf 90' lang='lat' dir='ltr'>sed</span> <span class='ocrx_word' id='word_1_89' title='bbox 865 779 949 806; x_wconf 89' lang='lat' dir='ltr'>non</span> <span class='ocrx_word' id='word_1_90' title='bbox 971 761 1347 806; x_wconf 79' lang='lat' dir='ltr'>fortitudinis2.</span> <span class='ocrx_word' id='word_1_91' title='bbox 1371 764 1503 815; x_wconf 90' lang='lat' dir='ltr'>atque</span> <span class='ocrx_word' id='word_1_92' title='bbox 1525 761 1692 803; x_wconf 82' lang='lat' dir='ltr'>vtinam</span> <span class='ocrx_word' id='word_1_93' title='bbox 1710 763 1888 815; x_wconf 85' lang='lat' dir='ltr'>praeter</span> 
     </span>
     <span class='ocr_line' id='line_1_11' title="bbox 115 825 1888 883; baseline -0.004 -8"><span class='ocrx_word' id='word_1_94' title='bbox 115 835 267 883; x_wconf 90' lang='lat' dir='ltr'>Deum,</span> <span class='ocrx_word' id='word_1_95' title='bbox 301 846 386 874; x_wconf 89' lang='lat' dir='ltr'>non</span> <span class='ocrx_word' id='word_1_96' title='bbox 418 831 635 874; x_wconf 88' lang='lat' dir='ltr'>hominem</span> <span class='ocrx_word' id='word_1_97' title='bbox 667 831 799 873; x_wconf 89' lang='lat' dir='ltr'>etiam</span> <span class='ocrx_word' id='word_1_98' title='bbox 831 830 1009 872; x_wconf 85' lang='lat' dir='ltr'>nimium</span> <span class='ocrx_word' id='word_1_99' title='bbox 1040 829 1229 871; x_wconf 83' lang='lat' dir='ltr'>timeret.</span> <span class='ocrx_word' id='word_1_100' title='bbox 1279 827 1482 881; x_wconf 85' lang='lat' dir='ltr'>Perpetui</span> <span class='ocrx_word' id='word_1_101' title='bbox 1515 826 1696 869; x_wconf 90' lang='lat' dir='ltr'>timores</span> <span class='ocrx_word' id='word_1_102' title='bbox 1728 825 1819 867; x_wconf 92' lang='lat' dir='ltr'>eius</span> <span class='ocrx_word' id='word_1_103' title='bbox 1842 828 1888 868; x_wconf 87' lang='lat' dir='ltr'>et</span> 
     </span>
     <span class='ocr_line' id='line_1_12' title="bbox 112 890 1886 952; baseline -0.005 -12"><span class='ocrx_word' id='word_1_104' title='bbox 112 898 390 952; x_wconf 88' lang='lat' dir='ltr'>jncredibiles</span> <span class='ocrx_word' id='word_1_105' title='bbox 412 897 544 939; x_wconf 85' lang='lat' dir='ltr'>animi</span> <span class='ocrx_word' id='word_1_106' title='bbox 576 895 891 950; x_wconf 75' lang='lat' dir='ltr'>trepidationes</span> <span class='ocrx_word' id='word_1_107' title='bbox 924 908 1053 948; x_wconf 88' lang='lat' dir='ltr'>quam</span> <span class='ocrx_word' id='word_1_108' title='bbox 1075 893 1226 941; x_wconf 83' lang='lat' dir='ltr'>multa,</span> <span class='ocrx_word' id='word_1_109' title='bbox 1261 895 1305 935; x_wconf 90' lang='lat' dir='ltr'>et</span> <span class='ocrx_word' id='word_1_110' title='bbox 1338 906 1464 945; x_wconf 88' lang='lat' dir='ltr'>quam</span> <span class='ocrx_word' id='word_1_111' title='bbox 1488 905 1650 945; x_wconf 87' lang='lat' dir='ltr'>magna</span> <span class='ocrx_word' id='word_1_112' title='bbox 1680 891 1794 932; x_wconf 88' lang='lat' dir='ltr'>bona</span> <span class='ocrx_word' id='word_1_113' title='bbox 1819 890 1886 932; x_wconf 92' lang='lat' dir='ltr'>his</span> 
     </span>
     <span class='ocr_line' id='line_1_13' title="bbox 116 955 1885 1017; baseline -0.005 -12"><span class='ocrx_word' id='word_1_114' title='bbox 116 963 239 1006; x_wconf 90' lang='lat' dir='ltr'>annis</span> <span class='ocrx_word' id='word_1_115' title='bbox 261 962 457 1017; x_wconf 86' lang='lat' dir='ltr'>plurimis</span> <span class='ocrx_word' id='word_1_116' title='bbox 478 961 767 1016; x_wconf 86' lang='lat' dir='ltr'>impedierint,</span> <span class='ocrx_word' id='word_1_117' title='bbox 799 963 844 1003; x_wconf 88' lang='lat' dir='ltr'>et</span> <span class='ocrx_word' id='word_1_118' title='bbox 870 960 1009 1002; x_wconf 83' lang='lat' dir='ltr'>adhuc</span> <span class='ocrx_word' id='word_1_119' title='bbox 1033 958 1165 1001; x_wconf 87' lang='lat' dir='ltr'>etiam</span> <span class='ocrx_word' id='word_1_120' title='bbox 1188 957 1419 1011; x_wconf 88' lang='lat' dir='ltr'>aliquando</span> <span class='ocrx_word' id='word_1_121' title='bbox 1439 956 1693 1012; x_wconf 85' lang='lat' dir='ltr'>jmpediant‚</span> <span class='ocrx_word' id='word_1_122' title='bbox 1719 955 1885 998; x_wconf 86' lang='lat' dir='ltr'>vtinam</span> 
     </span>
     <span class='ocr_line' id='line_1_14' title="bbox 115 1021 1888 1080; baseline -0.005 -10"><span class='ocrx_word' id='word_1_123' title='bbox 115 1031 207 1071; x_wconf 86' lang='lat' dir='ltr'>tam</span> <span class='ocrx_word' id='word_1_124' title='bbox 229 1028 358 1070; x_wconf 85' lang='lat' dir='ltr'>facile</span> <span class='ocrx_word' id='word_1_125' title='bbox 381 1029 498 1070; x_wconf 88' lang='lat' dir='ltr'>esset</span> <span class='ocrx_word' id='word_1_126' title='bbox 528 1027 609 1069; x_wconf 93' lang='grc'>1100</span> <span class='ocrx_word' id='word_1_127' title='bbox 637 1027 699 1068; x_wconf 90' lang='grc'>1111</span> <span class='ocrx_word' id='word_1_128' title='bbox 722 1025 998 1080; x_wconf 84' lang='lat' dir='ltr'>persuadere,</span> <span class='ocrx_word' id='word_1_129' title='bbox 1033 1037 1161 1077; x_wconf 85' lang='lat' dir='ltr'>quarn</span> <span class='ocrx_word' id='word_1_130' title='bbox 1184 1023 1307 1064; x_wconf 88' lang='lat' dir='ltr'>nobis</span> <span class='ocrx_word' id='word_1_131' title='bbox 1330 1022 1610 1064; x_wconf 82' lang='lat' dir='ltr'>lamentabile</span> <span class='ocrx_word' id='word_1_132' title='bbox 1633 1024 1700 1063; x_wconf 92' lang='lat' dir='ltr'>est</span> <span class='ocrx_word' id='word_1_133' title='bbox 1722 1021 1888 1074; x_wconf 83' lang='lat' dir='ltr'>absque</span> 
     </span>
     <span class='ocr_line' id='line_1_15' title="bbox 116 1085 1888 1142; baseline -0.005 -7"><span class='ocrx_word' id='word_1_134' title='bbox 116 1094 203 1135; x_wconf 90' lang='lat' dir='ltr'>vllo</span> <span class='ocrx_word' id='word_1_135' title='bbox 236 1092 427 1135; x_wconf 84' lang='lat' dir='ltr'>remedio</span> <span class='ocrx_word' id='word_1_136' title='bbox 459 1095 550 1134; x_wconf 88' lang='lat' dir='ltr'>tam</span> <span class='ocrx_word' id='word_1_137' title='bbox 585 1092 654 1133; x_wconf 89' lang='lat' dir='ltr'>diu</span> <span class='ocrx_word' id='word_1_138' title='bbox 688 1090 1042 1132; x_wconf 80' lang='lat' dir='ltr'>manifestissime</span> <span class='ocrx_word' id='word_1_139' title='bbox 1075 1102 1266 1131; x_wconf 87' lang='lat' dir='ltr'>cernere.</span> <span class='ocrx_word' id='word_1_140' title='bbox 1330 1088 1457 1130; x_wconf 88' lang='lat' dir='ltr'>Alter</span> <span class='ocrx_word' id='word_1_141' title='bbox 1489 1085 1801 1142; x_wconf 83' lang='lat' dir='ltr'>prouincialis3</span> <span class='ocrx_word' id='word_1_142' title='bbox 1834 1086 1888 1127; x_wconf 90' lang='lat' dir='ltr'>de</span> 
     </span>
     <span class='ocr_line' id='line_1_16' title="bbox 115 1150 1886 1212; baseline -0.005 -12"><span class='ocrx_word' id='word_1_143' title='bbox 115 1159 188 1200; x_wconf 91' lang='grc'>1110</span> <span class='ocrx_word' id='word_1_144' title='bbox 212 1173 258 1200; x_wconf 88' lang='grc'>50</span> <span class='ocrx_word' id='word_1_145' title='bbox 285 1158 529 1212; x_wconf 82' lang='lat' dir='ltr'>jnformari,</span> <span class='ocrx_word' id='word_1_146' title='bbox 565 1156 816 1199; x_wconf 85' lang='lat' dir='ltr'>difficillime</span> <span class='ocrx_word' id='word_1_147' title='bbox 849 1155 1111 1209; x_wconf 87' lang='lat' dir='ltr'>patiebatur.</span> <span class='ocrx_word' id='word_1_148' title='bbox 1161 1154 1212 1196; x_wconf 85' lang='lat' dir='ltr'>Js</span> <span class='ocrx_word' id='word_1_149' title='bbox 1234 1168 1339 1196; x_wconf 89' lang='lat' dir='ltr'>vero</span> <span class='ocrx_word' id='word_1_150' title='bbox 1373 1153 1446 1206; x_wconf 90' lang='lat' dir='ltr'>qui</span> <span class='ocrx_word' id='word_1_151' title='bbox 1477 1167 1590 1194; x_wconf 90' lang='lat' dir='ltr'>nunc</span> <span class='ocrx_word' id='word_1_152' title='bbox 1613 1151 1754 1194; x_wconf 77' lang='lat' dir='ltr'>officio</span> <span class='ocrx_word' id='word_1_153' title='bbox 1787 1150 1886 1193; x_wconf 88' lang='lat' dir='ltr'>fun-</span> 
     </span>
     <span class='ocr_line' id='line_1_17' title="bbox 116 1217 1889 1277; baseline -0.005 -11"><span class='ocrx_word' id='word_1_154' title='bbox 116 1224 233 1277; x_wconf 83' lang='lat' dir='ltr'>gitur</span> <span class='ocrx_word' id='word_1_155' title='bbox 248 1225 277 1275; x_wconf 72' lang='grc'>4,</span> <span class='ocrx_word' id='word_1_156' title='bbox 319 1224 428 1265; x_wconf 86' lang='grc'>10000</span> <span class='ocrx_word' id='word_1_157' title='bbox 469 1223 550 1264; x_wconf 84' lang='grc'>1100</span> <span class='ocrx_word' id='word_1_158' title='bbox 591 1222 643 1264; x_wconf 91' lang='lat' dir='ltr'>de</span> <span class='ocrx_word' id='word_1_159' title='bbox 676 1235 722 1263; x_wconf 89' lang='lat' dir='ltr'>re</span> <span class='ocrx_word' id='word_1_160' title='bbox 760 1220 1036 1275; x_wconf 85' lang='lat' dir='ltr'>jnformatus,</span> <span class='ocrx_word' id='word_1_161' title='bbox 1081 1221 1125 1262; x_wconf 85' lang='lat' dir='ltr'>et</span> <span class='ocrx_word' id='word_1_162' title='bbox 1166 1219 1388 1261; x_wconf 88' lang='lat' dir='ltr'>nobiscum</span> <span class='ocrx_word' id='word_1_163' title='bbox 1427 1218 1632 1269; x_wconf 88' lang='lat' dir='ltr'>sentiens,</span> <span class='ocrx_word' id='word_1_164' title='bbox 1675 1217 1889 1259; x_wconf 86' lang='lat' dir='ltr'>hactenus</span> 
     </span>
    </p>
   </div>
   <div class='ocr_carea' id='block_1_3' title="bbox 115 1286 816 1332">
    <p class='ocr_par' dir='ltr' id='par_1_4' title="bbox 115 1286 816 1332">
     <span class='ocr_line' id='line_1_18' title="bbox 115 1286 816 1332; baseline -0.006 -1"><span class='ocrx_word' id='word_1_165' title='bbox 115 1292 263 1332; x_wconf 88' lang='lat' dir='ltr'>tamen</span> <span class='ocrx_word' id='word_1_166' title='bbox 295 1303 433 1330; x_wconf 90' lang='lat' dir='ltr'>nouus</span> <span class='ocrx_word' id='word_1_167' title='bbox 465 1288 508 1330; x_wconf 91' lang='lat' dir='ltr'>in</span> <span class='ocrx_word' id='word_1_168' title='bbox 542 1287 685 1329; x_wconf 88' lang='lat' dir='ltr'>officio</span> <span class='ocrx_word' id='word_1_169' title='bbox 720 1286 816 1328; x_wconf 86' lang='lat' dir='ltr'>fuit.</span> 
     </span>
    </p>
   </div>
   <div class='ocr_carea' id='block_1_4' title="bbox 112 1351 1891 2302">
    <p class='ocr_par' dir='ltr' id='par_1_5' title="bbox 112 1351 1891 2302">
     <span class='ocr_line' id='line_1_19' title="bbox 235 1351 1888 1402; baseline -0.004 -11"><span class='ocrx_word' id='word_1_170' title='bbox 235 1359 273 1393; x_wconf 83' lang='lat' dir='ltr'>P.</span> <span class='ocrx_word' id='word_1_171' title='bbox 301 1358 543 1392; x_wconf 79' lang='lat' dir='ltr'>Theodericus</span> <span class='ocrx_word' id='word_1_172' title='bbox 570 1357 713 1402; x_wconf 88' lang='lat' dir='ltr'>quidem</span> <span class='ocrx_word' id='word_1_173' title='bbox 742 1355 908 1390; x_wconf 85' lang='lat' dir='ltr'>Canisius</span> <span class='ocrx_word' id='word_1_174' title='bbox 934 1355 1006 1389; x_wconf 87' lang='lat' dir='ltr'>iam</span> <span class='ocrx_word' id='word_1_175' title='bbox 1032 1366 1077 1388; x_wconf 86' lang='lat' dir='ltr'>m.</span> <span class='ocrx_word' id='word_1_176' title='bbox 1105 1353 1238 1388; x_wconf 85' lang='lat' dir='ltr'>Martio</span> <span class='ocrx_word' id='word_1_177' title='bbox 1264 1366 1295 1388; x_wconf 87' lang='lat' dir='ltr'>a.</span> <span class='ocrx_word' id='word_1_178' title='bbox 1319 1354 1408 1388; x_wconf 86' lang='lat'>1565</span> <span class='ocrx_word' id='word_1_179' title='bbox 1437 1365 1457 1386; x_wconf 86' lang='lat' dir='ltr'>a</span> <span class='ocrx_word' id='word_1_180' title='bbox 1484 1352 1517 1387; x_wconf 79' lang='lat' dir='ltr'>S.</span> <span class='ocrx_word' id='word_1_181' title='bbox 1538 1352 1729 1387; x_wconf 84' lang='lat' dir='ltr'>Francisco</span> <span class='ocrx_word' id='word_1_182' title='bbox 1755 1351 1888 1395; x_wconf 85' lang='lat' dir='ltr'>Borgia</span> 
     </span>
     <span class='ocr_line' id='line_1_20' title="bbox 116 1405 1888 1455; baseline -0.005 -9"><span class='ocrx_word' id='word_1_183' title='bbox 116 1412 366 1446; x_wconf 81' lang='lat' dir='ltr'>universitatis</span> <span class='ocrx_word' id='word_1_184' title='bbox 384 1411 598 1455; x_wconf 86' lang='lat' dir='ltr'>collegiique</span> <span class='ocrx_word' id='word_1_185' title='bbox 617 1409 792 1453; x_wconf 85' lang='lat' dir='ltr'>dilingani</span> <span class='ocrx_word' id='word_1_186' title='bbox 811 1411 929 1443; x_wconf 85' lang='lat' dir='ltr'>rector</span> <span class='ocrx_word' id='word_1_187' title='bbox 948 1407 1167 1442; x_wconf 82' lang='lat' dir='ltr'>constitutus</span> <span class='ocrx_word' id='word_1_188' title='bbox 1186 1410 1263 1441; x_wconf 85' lang='lat' dir='ltr'>erat</span> <span class='ocrx_word' id='word_1_189' title='bbox 1282 1409 1318 1441; x_wconf 86' lang='lat' dir='ltr'>et</span> <span class='ocrx_word' id='word_1_190' title='bbox 1341 1407 1449 1441; x_wconf 87' lang='lat' dir='ltr'>simul</span> <span class='ocrx_word' id='word_1_191' title='bbox 1474 1419 1537 1452; x_wconf 88' lang='lat' dir='ltr'>per</span> <span class='ocrx_word' id='word_1_192' title='bbox 1555 1405 1688 1440; x_wconf 87' lang='lat' dir='ltr'>multos</span> <span class='ocrx_word' id='word_1_193' title='bbox 1714 1416 1888 1439; x_wconf 86' lang='lat' dir='ltr'>annorum</span> 
     </span>
     <span class='ocr_line' id='line_1_21' title="bbox 119 1458 1888 1506; baseline -0.005 -6"><span class='ocrx_word' id='word_1_194' title='bbox 119 1466 220 1505; x_wconf 88' lang='grc'>1565,</span> <span class='ocrx_word' id='word_1_195' title='bbox 258 1467 360 1506; x_wconf 86' lang='grc'>1566,</span> <span class='ocrx_word' id='word_1_196' title='bbox 398 1466 486 1500; x_wconf 85' lang='grc'>1567</span> <span class='ocrx_word' id='word_1_197' title='bbox 524 1475 667 1499; x_wconf 86' lang='grc'>1000505</span> <span class='ocrx_word' id='word_1_198' title='bbox 703 1463 861 1498; x_wconf 89' lang='lat' dir='ltr'>eiusdem</span> <span class='ocrx_word' id='word_1_199' title='bbox 890 1462 1042 1505; x_wconf 85' lang='lat' dir='ltr'>Borgiae</span> <span class='ocrx_word' id='word_1_200' title='bbox 1077 1461 1250 1495; x_wconf 84' lang='lat' dir='ltr'>mandatu</span> <span class='ocrx_word' id='word_1_201' title='bbox 1285 1473 1347 1505; x_wconf 92' lang='lat' dir='ltr'>pro</span> <span class='ocrx_word' id='word_1_202' title='bbox 1374 1460 1482 1494; x_wconf 87' lang='lat' dir='ltr'>Petro</span> <span class='ocrx_word' id='word_1_203' title='bbox 1518 1461 1631 1494; x_wconf 85' lang='lat' dir='ltr'>fratre</span> <span class='ocrx_word' id='word_1_204' title='bbox 1666 1458 1888 1504; x_wconf 86' lang='lat' dir='ltr'>provinciam</span> 
     </span>
     <span class='ocr_line' id='line_1_22' title="bbox 117 1512 1890 1564; baseline -0.003 -12"><span class='ocrx_word' id='word_1_205' title='bbox 117 1519 331 1553; x_wconf 62' lang='lat' dir='ltr'>Germaniae</span> <span class='ocrx_word' id='word_1_206' title='bbox 357 1519 552 1564; x_wconf 89' lang='lat' dir='ltr'>superioris</span> <span class='ocrx_word' id='word_1_207' title='bbox 588 1529 669 1552; x_wconf 92' lang='lat' dir='ltr'>cum</span> <span class='ocrx_word' id='word_1_208' title='bbox 711 1515 1063 1561; x_wconf 83' lang='lat' dir='ltr'>„viceprovincialis“</span> <span class='ocrx_word' id='word_1_209' title='bbox 1092 1514 1235 1549; x_wconf 88' lang='lat' dir='ltr'>nomine</span> <span class='ocrx_word' id='word_1_210' title='bbox 1270 1514 1600 1548; x_wconf 82' lang='lat' dir='ltr'>administraverat.</span> <span class='ocrx_word' id='word_1_211' title='bbox 1652 1512 1721 1547; x_wconf 85' lang='lat' dir='ltr'>Sed</span> <span class='ocrx_word' id='word_1_212' title='bbox 1746 1512 1890 1546; x_wconf 87' lang='lat' dir='ltr'>iuvenis</span> 
     </span>
     <span class='ocr_line' id='line_1_23' title="bbox 117 1567 1891 1615; baseline -0.005 -8"><span class='ocrx_word' id='word_1_213' title='bbox 117 1573 176 1606; x_wconf 88' lang='lat' dir='ltr'>ille</span> <span class='ocrx_word' id='word_1_214' title='bbox 203 1572 402 1606; x_wconf 80' lang='lat' dir='ltr'>Balduinus</span> <span class='ocrx_word' id='word_1_215' title='bbox 438 1584 483 1606; x_wconf 83' lang='lat' dir='ltr'>ex</span> <span class='ocrx_word' id='word_1_216' title='bbox 519 1571 620 1606; x_wconf 89' lang='lat' dir='ltr'>brevi</span> <span class='ocrx_word' id='word_1_217' title='bbox 655 1573 817 1615; x_wconf 88' lang='lat' dir='ltr'>tempore</span> <span class='ocrx_word' id='word_1_218' title='bbox 843 1569 1011 1612; x_wconf 86' lang='lat' dir='ltr'>Dilingae</span> <span class='ocrx_word' id='word_1_219' title='bbox 1045 1568 1265 1602; x_wconf 75' lang='lat' dir='ltr'>morabatur.</span> <span class='ocrx_word' id='word_1_220' title='bbox 1317 1568 1384 1609; x_wconf 82' lang='lat' dir='ltr'>Qui</span> <span class='ocrx_word' id='word_1_221' title='bbox 1420 1569 1455 1601; x_wconf 91' lang='lat' dir='ltr'>in</span> <span class='ocrx_word' id='word_1_222' title='bbox 1490 1567 1547 1601; x_wconf 85' lang='grc'>1115</span> <span class='ocrx_word' id='word_1_223' title='bbox 1578 1567 1711 1601; x_wconf 87' lang='lat' dir='ltr'>litteris</span> <span class='ocrx_word' id='word_1_224' title='bbox 1746 1568 1891 1610; x_wconf 82' lang='lat' dir='ltr'>praeter</span> 
     </span>
     <span class='ocr_line' id='line_1_24' title="bbox 115 1619 1888 1670; baseline -0.004 -10"><span class='ocrx_word' id='word_1_225' title='bbox 115 1638 187 1665; x_wconf 84' lang='grc'>005,</span> <span class='ocrx_word' id='word_1_226' title='bbox 224 1637 313 1669; x_wconf 86' lang='lat' dir='ltr'>quas</span> <span class='ocrx_word' id='word_1_227' title='bbox 348 1626 467 1670; x_wconf 89' lang='lat' dir='ltr'>posui,</span> <span class='ocrx_word' id='word_1_228' title='bbox 504 1624 670 1669; x_wconf 82' lang='lat' dir='ltr'>querelas</span> <span class='ocrx_word' id='word_1_229' title='bbox 705 1624 839 1658; x_wconf 87' lang='lat' dir='ltr'>multas</span> <span class='ocrx_word' id='word_1_230' title='bbox 876 1634 1017 1667; x_wconf 87' lang='lat' dir='ltr'>quoque</span> <span class='ocrx_word' id='word_1_231' title='bbox 1052 1621 1143 1656; x_wconf 83' lang='lat' dir='ltr'>alias</span> <span class='ocrx_word' id='word_1_232' title='bbox 1178 1622 1354 1656; x_wconf 87' lang='lat' dir='ltr'>adversus</span> <span class='ocrx_word' id='word_1_233' title='bbox 1389 1623 1564 1655; x_wconf 89' lang='lat' dir='ltr'>rectorem</span> <span class='ocrx_word' id='word_1_234' title='bbox 1601 1620 1757 1665; x_wconf 84' lang='lat' dir='ltr'>profert;</span> <span class='ocrx_word' id='word_1_235' title='bbox 1793 1619 1888 1653; x_wconf 89' lang='lat' dir='ltr'>idem</span> 
     </span>
     <span class='ocr_line' id='line_1_25' title="bbox 115 1672 1891 1723; baseline -0.005 -9"><span class='ocrx_word' id='word_1_236' title='bbox 115 1680 157 1713; x_wconf 90' lang='lat' dir='ltr'>de</span> <span class='ocrx_word' id='word_1_237' title='bbox 179 1679 217 1714; x_wconf 87' lang='lat' dir='ltr'>P.</span> <span class='ocrx_word' id='word_1_238' title='bbox 237 1679 422 1723; x_wconf 83' lang='lat' dir='ltr'>Alphonso</span> <span class='ocrx_word' id='word_1_239' title='bbox 441 1679 583 1720; x_wconf 79' lang='lat' dir='ltr'>Pisano,</span> <span class='ocrx_word' id='word_1_240' title='bbox 610 1678 671 1722; x_wconf 89' lang='lat' dir='ltr'>qui</span> <span class='ocrx_word' id='word_1_241' title='bbox 698 1680 795 1712; x_wconf 86' lang='lat' dir='ltr'>certe</span> <span class='ocrx_word' id='word_1_242' title='bbox 821 1689 866 1711; x_wconf 87' lang='lat' dir='ltr'>ex</span> <span class='ocrx_word' id='word_1_243' title='bbox 892 1676 1120 1720; x_wconf 83' lang='lat' dir='ltr'>gravissimis</span> <span class='ocrx_word' id='word_1_244' title='bbox 1147 1675 1288 1718; x_wconf 87' lang='lat' dir='ltr'>collegii</span> <span class='ocrx_word' id='word_1_245' title='bbox 1307 1674 1396 1709; x_wconf 88' lang='lat' dir='ltr'>viris</span> <span class='ocrx_word' id='word_1_246' title='bbox 1423 1676 1510 1716; x_wconf 88' lang='lat' dir='ltr'>erat,</span> <span class='ocrx_word' id='word_1_247' title='bbox 1538 1674 1719 1718; x_wconf 85' lang='lat' dir='ltr'>queritur;</span> <span class='ocrx_word' id='word_1_248' title='bbox 1747 1675 1783 1707; x_wconf 79' lang='lat' dir='ltr'>et·</span> <span class='ocrx_word' id='word_1_249' title='bbox 1809 1672 1891 1717; x_wconf 92' lang='lat' dir='ltr'>plus</span> 
     </span>
     <span class='ocr_line' id='line_1_26' title="bbox 114 1726 1889 1777; baseline -0.004 -10"><span class='ocrx_word' id='word_1_250' title='bbox 114 1745 201 1767; x_wconf 87' lang='lat' dir='ltr'>sane</span> <span class='ocrx_word' id='word_1_251' title='bbox 229 1733 325 1774; x_wconf 86' lang='lat' dir='ltr'>dicit,</span> <span class='ocrx_word' id='word_1_252' title='bbox 352 1744 459 1777; x_wconf 87' lang='lat' dir='ltr'>quam</span> <span class='ocrx_word' id='word_1_253' title='bbox 486 1732 623 1766; x_wconf 90' lang='lat' dir='ltr'>veritas</span> <span class='ocrx_word' id='word_1_254' title='bbox 649 1731 805 1776; x_wconf 83' lang='lat' dir='ltr'>patitur;</span> <span class='ocrx_word' id='word_1_255' title='bbox 841 1742 923 1764; x_wconf 83' lang='grc'>00111</span> <span class='ocrx_word' id='word_1_256' title='bbox 951 1731 987 1763; x_wconf 88' lang='grc'>01</span> <span class='ocrx_word' id='word_1_257' title='bbox 1012 1729 1178 1773; x_wconf 86' lang='lat' dir='ltr'>Dilingae</span> <span class='ocrx_word' id='word_1_258' title='bbox 1214 1728 1250 1762; x_wconf 89' lang='lat' dir='ltr'>in</span> <span class='ocrx_word' id='word_1_259' title='bbox 1276 1728 1476 1773; x_wconf 84' lang='lat' dir='ltr'>parochiali</span> <span class='ocrx_word' id='word_1_260' title='bbox 1502 1727 1656 1762; x_wconf 87' lang='lat' dir='ltr'>ecclesia</span> <span class='ocrx_word' id='word_1_261' title='bbox 1684 1726 1776 1761; x_wconf 84' lang='lat' dir='ltr'>Socii</span> <span class='ocrx_word' id='word_1_262' title='bbox 1803 1738 1889 1760; x_wconf 91' lang='lat' dir='ltr'>non-</span> 
     </span>
     <span class='ocr_line' id='line_1_27' title="bbox 113 1780 1891 1831; baseline -0.004 -10"><span class='ocrx_word' id='word_1_263' title='bbox 113 1798 294 1831; x_wconf 87' lang='lat' dir='ltr'>nunquam</span> <span class='ocrx_word' id='word_1_264' title='bbox 314 1787 579 1820; x_wconf 88' lang='lat' dir='ltr'>contionatores</span> <span class='ocrx_word' id='word_1_265' title='bbox 597 1785 765 1830; x_wconf 82' lang='lat' dir='ltr'>agebant,</span> <span class='ocrx_word' id='word_1_266' title='bbox 793 1787 829 1818; x_wconf 89' lang='lat' dir='ltr'>et</span> <span class='ocrx_word' id='word_1_267' title='bbox 854 1785 888 1817; x_wconf 88' lang='lat' dir='ltr'>in</span> <span class='ocrx_word' id='word_1_268' title='bbox 909 1783 1116 1827; x_wconf 80' lang='lat' dir='ltr'>regionibus</span> <span class='ocrx_word' id='word_1_269' title='bbox 1139 1783 1220 1828; x_wconf 88' lang='lat' dir='ltr'>plus</span> <span class='ocrx_word' id='word_1_270' title='bbox 1237 1783 1355 1816; x_wconf 88' lang='lat' dir='ltr'>minus</span> <span class='ocrx_word' id='word_1_271' title='bbox 1374 1782 1515 1823; x_wconf 91' lang='lat' dir='ltr'>vicinis,</span> <span class='ocrx_word' id='word_1_272' title='bbox 1541 1784 1581 1815; x_wconf 89' lang='lat' dir='ltr'>ut</span> <span class='ocrx_word' id='word_1_273' title='bbox 1606 1782 1642 1815; x_wconf 91' lang='lat' dir='ltr'>in</span> <span class='ocrx_word' id='word_1_274' title='bbox 1660 1780 1891 1822; x_wconf 84' lang='lat' dir='ltr'>bissingensi,</span> 
     </span>
     <span class='ocr_line' id='line_1_28' title="bbox 112 1835 1891 1884; baseline -0.003 -11"><span class='ocrx_word' id='word_1_275' title='bbox 112 1839 365 1883; x_wconf 79' lang='lat' dir='ltr'>maihingana,</span> <span class='ocrx_word' id='word_1_276' title='bbox 400 1839 631 1884; x_wconf 86' lang='lat' dir='ltr'>elvangensi,</span> <span class='ocrx_word' id='word_1_277' title='bbox 666 1837 974 1881; x_wconf 77' lang='lat' dir='ltr'>wisensteigensi,</span> <span class='ocrx_word' id='word_1_278' title='bbox 1015 1836 1126 1880; x_wconf 88' lang='lat' dir='ltr'>aliqui</span> <span class='ocrx_word' id='word_1_279' title='bbox 1161 1847 1283 1870; x_wconf 89' lang='lat' dir='ltr'>eorum</span> <span class='ocrx_word' id='word_1_280' title='bbox 1318 1835 1554 1870; x_wconf 79' lang='lat' dir='ltr'>contionando</span> <span class='ocrx_word' id='word_1_281' title='bbox 1589 1837 1626 1868; x_wconf 91' lang='lat' dir='ltr'>et</span> <span class='ocrx_word' id='word_1_282' title='bbox 1663 1836 1891 1868; x_wconf 86' lang='lat' dir='ltr'>sacramenta</span> 
     </span>
     <span class='ocr_line' id='line_1_29' title="bbox 113 1887 1890 1935; baseline -0.004 -7"><span class='ocrx_word' id='word_1_283' title='bbox 113 1893 396 1928; x_wconf 78' lang='lat' dir='ltr'>administrando</span> <span class='ocrx_word' id='word_1_284' title='bbox 423 1893 621 1927; x_wconf 85' lang='lat' dir='ltr'>catholicos</span> <span class='ocrx_word' id='word_1_285' title='bbox 647 1892 919 1932; x_wconf 85' lang='lat' dir='ltr'>confirmabant,</span> <span class='ocrx_word' id='word_1_286' title='bbox 953 1892 1197 1935; x_wconf 77' lang='lat' dir='ltr'>protestantes</span> <span class='ocrx_word' id='word_1_287' title='bbox 1233 1889 1279 1923; x_wconf 85' lang='lat' dir='ltr'>ad</span> <span class='ocrx_word' id='word_1_288' title='bbox 1305 1889 1494 1923; x_wconf 88' lang='lat' dir='ltr'>ecclesiam</span> <span class='ocrx_word' id='word_1_289' title='bbox 1530 1888 1770 1928; x_wconf 86' lang='lat' dir='ltr'>reducebant;</span> <span class='ocrx_word' id='word_1_290' title='bbox 1805 1887 1890 1921; x_wconf 86' lang='lat' dir='ltr'>vide</span> 
     </span>
     <span class='ocr_line' id='line_1_30' title="bbox 117 1941 1889 1988; baseline -0.002 -10"><span class='ocrx_word' id='word_1_291' title='bbox 117 1947 295 1981; x_wconf 78' lang='lat' dir='ltr'>Can.V8</span> <span class='ocrx_word' id='word_1_292' title='bbox 322 1947 366 1981; x_wconf 78' lang='lat'>87</span> <span class='ocrx_word' id='word_1_293' title='bbox 403 1947 468 1981; x_wconf 80' lang='lat'>321</span> <span class='ocrx_word' id='word_1_294' title='bbox 507 1947 576 1981; x_wconf 85' lang='lat'>614</span> <span class='ocrx_word' id='word_1_295' title='bbox 610 1946 800 1980; x_wconf 78' lang='lat'>452—454</span> <span class='ocrx_word' id='word_1_296' title='bbox 836 1944 1034 1984; x_wconf 75' lang='lat'>787—798‚</span> <span class='ocrx_word' id='word_1_297' title='bbox 1070 1946 1106 1977; x_wconf 89' lang='lat' dir='ltr'>et</span> <span class='ocrx_word' id='word_1_298' title='bbox 1139 1954 1249 1988; x_wconf 87' lang='lat' dir='ltr'>supra</span> <span class='ocrx_word' id='word_1_299' title='bbox 1267 1955 1300 1988; x_wconf 90' lang='lat' dir='ltr'>p.</span> <span class='ocrx_word' id='word_1_300' title='bbox 1319 1943 1363 1977; x_wconf 83' lang='lat'>85</span> <span class='ocrx_word' id='word_1_301' title='bbox 1401 1942 1588 1977; x_wconf 76' lang='lat'>183-184</span> <span class='ocrx_word' id='word_1_302' title='bbox 1625 1942 1705 1976; x_wconf 84' lang='lat'>738.</span> <span class='ocrx_word' id='word_1_303' title='bbox 1756 1941 1889 1983; x_wconf 82' lang='lat' dir='ltr'>Quodsi</span> 
     </span>
     <span class='ocr_line' id='line_1_31' title="bbox 114 1994 1891 2045; baseline -0.003 -11"><span class='ocrx_word' id='word_1_304' title='bbox 114 2000 195 2044; x_wconf 85' lang='lat' dir='ltr'>plus</span> <span class='ocrx_word' id='word_1_305' title='bbox 221 1999 274 2033; x_wconf 87' lang='lat' dir='ltr'>illi</span> <span class='ocrx_word' id='word_1_306' title='bbox 300 2011 370 2033; x_wconf 89' lang='grc'>11011</span> <span class='ocrx_word' id='word_1_307' title='bbox 396 2000 641 2045; x_wconf 69' lang='lat' dir='ltr'>praestabant,</span> <span class='ocrx_word' id='word_1_308' title='bbox 668 1999 704 2033; x_wconf 90' lang='lat' dir='ltr'>id</span> <span class='ocrx_word' id='word_1_309' title='bbox 730 2011 799 2033; x_wconf 91' lang='lat' dir='ltr'>non</span> <span class='ocrx_word' id='word_1_310' title='bbox 827 2010 872 2032; x_wconf 79' lang='lat' dir='ltr'>ex</span> <span class='ocrx_word' id='word_1_311' title='bbox 898 1998 1054 2032; x_wconf 86' lang='lat' dir='ltr'>solorum</span> <span class='ocrx_word' id='word_1_312' title='bbox 1079 1996 1304 2030; x_wconf 86' lang='lat' dir='ltr'>Canisiorum</span> <span class='ocrx_word' id='word_1_313' title='bbox 1331 1996 1501 2036; x_wconf 78' lang='lat' dir='ltr'>consiliis,</span> <span class='ocrx_word' id='word_1_314' title='bbox 1527 1995 1589 2030; x_wconf 90' lang='lat' dir='ltr'>sed</span> <span class='ocrx_word' id='word_1_315' title='bbox 1618 2007 1662 2029; x_wconf 80' lang='lat' dir='ltr'>ex</span> <span class='ocrx_word' id='word_1_316' title='bbox 1688 1995 1727 2029; x_wconf 90' lang='lat' dir='ltr'>P.</span> <span class='ocrx_word' id='word_1_317' title='bbox 1747 1994 1891 2028; x_wconf 84' lang='lat' dir='ltr'>Natalis</span> 
     </span>
     <span class='ocr_line' id='line_1_32' title="bbox 114 2047 1891 2097; baseline -0.003 -11"><span class='ocrx_word' id='word_1_318' title='bbox 114 2053 313 2087; x_wconf 80' lang='lat' dir='ltr'>visitatoris</span> <span class='ocrx_word' id='word_1_319' title='bbox 348 2065 389 2088; x_wconf 85' lang='lat' dir='ltr'>ac</span> <span class='ocrx_word' id='word_1_320' title='bbox 416 2052 533 2087; x_wconf 88' lang='lat' dir='ltr'>Lainii</span> <span class='ocrx_word' id='word_1_321' title='bbox 569 2055 605 2087; x_wconf 88' lang='lat' dir='ltr'>et</span> <span class='ocrx_word' id='word_1_322' title='bbox 631 2053 785 2096; x_wconf 82' lang='lat' dir='ltr'>Borgiae</span> <span class='ocrx_word' id='word_1_323' title='bbox 821 2052 1108 2097; x_wconf 86' lang='lat' dir='ltr'>praepositorum</span> <span class='ocrx_word' id='word_1_324' title='bbox 1143 2049 1365 2094; x_wconf 84' lang='lat' dir='ltr'>generalium</span> <span class='ocrx_word' id='word_1_325' title='bbox 1399 2049 1513 2095; x_wconf 86' lang='lat' dir='ltr'>repeti</span> <span class='ocrx_word' id='word_1_326' title='bbox 1545 2049 1652 2083; x_wconf 89' lang='lat' dir='ltr'>debet</span> <span class='ocrx_word' id='word_1_327' title='bbox 1677 2047 1891 2093; x_wconf 76' lang='lat' dir='ltr'>praeceptis,</span> 
     </span>
     <span class='ocr_line' id='line_1_33' title="bbox 115 2101 1890 2150; baseline -0.003 -10"><span class='ocrx_word' id='word_1_328' title='bbox 115 2107 244 2150; x_wconf 81' lang='lat' dir='ltr'>quibus</span> <span class='ocrx_word' id='word_1_329' title='bbox 278 2106 316 2140; x_wconf 89' lang='lat' dir='ltr'>hi</span> <span class='ocrx_word' id='word_1_330' title='bbox 351 2111 386 2140; x_wconf 81' lang='lat' dir='ltr'>et</span> <span class='ocrx_word' id='word_1_331' title='bbox 413 2106 583 2141; x_wconf 83' lang='lat' dir='ltr'>Societati</span> <span class='ocrx_word' id='word_1_332' title='bbox 618 2117 722 2140; x_wconf 85' lang='lat' dir='ltr'>suam</span> <span class='ocrx_word' id='word_1_333' title='bbox 757 2105 963 2139; x_wconf 82' lang='lat' dir='ltr'>libertatem</span> <span class='ocrx_word' id='word_1_334' title='bbox 999 2107 1035 2138; x_wconf 89' lang='lat' dir='ltr'>et</span> <span class='ocrx_word' id='word_1_335' title='bbox 1070 2104 1299 2138; x_wconf 85' lang='lat' dir='ltr'>universitati</span> <span class='ocrx_word' id='word_1_336' title='bbox 1335 2103 1541 2146; x_wconf 83' lang='lat' dir='ltr'>dilinganae</span> <span class='ocrx_word' id='word_1_337' title='bbox 1577 2103 1725 2147; x_wconf 89' lang='lat' dir='ltr'>eiusque</span> <span class='ocrx_word' id='word_1_338' title='bbox 1760 2101 1890 2136; x_wconf 88' lang='lat' dir='ltr'>studiis</span> 
     </span>
     <span class='ocr_line' id='line_1_34' title="bbox 113 2155 1890 2204; baseline -0.003 -10"><span class='ocrx_word' id='word_1_339' title='bbox 113 2160 302 2194; x_wconf 83' lang='lat' dir='ltr'>litterariis</span> <span class='ocrx_word' id='word_1_340' title='bbox 340 2171 442 2194; x_wconf 90' lang='lat' dir='ltr'>suum</span> <span class='ocrx_word' id='word_1_341' title='bbox 479 2159 705 2204; x_wconf 85' lang='lat' dir='ltr'>splendorem</span> <span class='ocrx_word' id='word_1_342' title='bbox 741 2170 957 2193; x_wconf 85' lang='lat' dir='ltr'>conservare</span> <span class='ocrx_word' id='word_1_343' title='bbox 992 2158 1182 2198; x_wconf 85' lang='lat' dir='ltr'>volebant;</span> <span class='ocrx_word' id='word_1_344' title='bbox 1222 2169 1255 2191; x_wconf 93' lang='lat' dir='ltr'>v.</span> <span class='ocrx_word' id='word_1_345' title='bbox 1287 2158 1376 2191; x_wconf 81' lang='lat' dir='ltr'>Can.</span> <span class='ocrx_word' id='word_1_346' title='bbox 1403 2157 1453 2190; x_wconf 90' lang='lat' dir='ltr'>IV</span> <span class='ocrx_word' id='word_1_347' title='bbox 1488 2156 1557 2191; x_wconf 79' lang='lat'>382</span> <span class='ocrx_word' id='word_1_348' title='bbox 1591 2155 1659 2191; x_wconf 80' lang='lat'>398</span> <span class='ocrx_word' id='word_1_349' title='bbox 1696 2155 1763 2190; x_wconf 75' lang='lat'>638</span> <span class='ocrx_word' id='word_1_350' title='bbox 1800 2155 1890 2194; x_wconf 87' lang='lat'>650;</span> 
     </span>
     <span class='ocr_line' id='line_1_35' title="bbox 115 2208 1889 2258; baseline -0.003 -11"><span class='ocrx_word' id='word_1_351' title='bbox 115 2213 146 2246; x_wconf 76' lang='lat' dir='ltr'>V</span> <span class='ocrx_word' id='word_1_352' title='bbox 174 2214 218 2247; x_wconf 86' lang='lat'>50</span> <span class='ocrx_word' id='word_1_353' title='bbox 254 2216 289 2247; x_wconf 87' lang='lat' dir='ltr'>et</span> <span class='ocrx_word' id='word_1_354' title='bbox 324 2224 434 2258; x_wconf 84' lang='lat' dir='ltr'>supra</span> <span class='ocrx_word' id='word_1_355' title='bbox 469 2225 502 2258; x_wconf 86' lang='lat' dir='ltr'>p.</span> <span class='ocrx_word' id='word_1_356' title='bbox 532 2213 609 2248; x_wconf 88' lang='grc'>109.</span> <span class='ocrx_word' id='word_1_357' title='bbox 669 2212 721 2246; x_wconf 88' lang='lat' dir='ltr'>De</span> <span class='ocrx_word' id='word_1_358' title='bbox 748 2213 788 2247; x_wconf 89' lang='lat' dir='ltr'>P.</span> <span class='ocrx_word' id='word_1_359' title='bbox 816 2211 971 2246; x_wconf 88' lang='lat' dir='ltr'>Haivodi</span> <span class='ocrx_word' id='word_1_360' title='bbox 1008 2211 1125 2245; x_wconf 87' lang='lat' dir='ltr'>indole</span> <span class='ocrx_word' id='word_1_361' title='bbox 1160 2211 1250 2245; x_wconf 89' lang='lat' dir='ltr'>mira</span> <span class='ocrx_word' id='word_1_362' title='bbox 1284 2222 1497 2254; x_wconf 86' lang='lat' dir='ltr'>morosaque</span> <span class='ocrx_word' id='word_1_363' title='bbox 1533 2222 1566 2244; x_wconf 91' lang='lat' dir='ltr'>v.</span> <span class='ocrx_word' id='word_1_364' title='bbox 1598 2210 1685 2244; x_wconf 77' lang='lat' dir='ltr'>Ccm.</span> <span class='ocrx_word' id='word_1_365' title='bbox 1713 2208 1763 2242; x_wconf 88' lang='lat' dir='ltr'>IV</span> <span class='ocrx_word' id='word_1_366' title='bbox 1799 2208 1889 2249; x_wconf 85' lang='lat'>460;</span> 
     </span>
     <span class='ocr_line' id='line_1_36' title="bbox 113 2267 372 2302; baseline -0.004 0"><span class='ocrx_word' id='word_1_367' title='bbox 113 2267 145 2301; x_wconf 81' lang='lat' dir='ltr'><strong>V</strong></span> <span class='ocrx_word' id='word_1_368' title='bbox 174 2267 372 2302; x_wconf 71' lang='lat'>633-635.</span> 
     </span>
    </p>
   </div>
   <div class='ocr_carea' id='block_1_5' title="bbox 113 2363 1892 3062">
    <p class='ocr_par' dir='ltr' id='par_1_6' title="bbox 115 2363 936 2410">
     <span class='ocr_line' id='line_1_37' title="bbox 115 2363 936 2410; baseline -0.002 -9"><span class='ocrx_word' id='word_1_369' title='bbox 115 2365 247 2402; x_wconf 77' lang='lat'>1081</span> <span class='ocrx_word' id='word_1_370' title='bbox 274 2366 351 2401; x_wconf 90' lang='lat' dir='ltr'>sive</span> <span class='ocrx_word' id='word_1_371' title='bbox 378 2374 495 2401; x_wconf 79' lang='lat' dir='ltr'>var.</span> <span class='ocrx_word' id='word_1_372' title='bbox 516 2363 644 2410; x_wconf 70' lang='grc'>(17).</span> <span class='ocrx_word' id='word_1_373' title='bbox 720 2363 936 2400; x_wconf 81' lang='lat'>1567—1571.</span> 
     </span>
    </p>

    <p class='ocr_par' dir='ltr' id='par_1_7' title="bbox 237 2423 1653 2469">
     <span class='ocr_line' id='line_1_38' title="bbox 237 2423 1653 2469; baseline -0.002 -10"><span class='ocrx_word' id='word_1_374' title='bbox 237 2424 404 2459; x_wconf 59' lang='lat' dir='ltr'>Canisius</span> <span class='ocrx_word' id='word_1_375' title='bbox 429 2425 598 2469; x_wconf 70' lang='lat' dir='ltr'>epistulas</span> <span class='ocrx_word' id='word_1_376' title='bbox 624 2425 744 2458; x_wconf 73' lang='lat' dir='ltr'>dictat.</span> <span class='ocrx_word' id='word_1_377' title='bbox 797 2425 1015 2467; x_wconf 59' lang='lat' dir='ltr'>Ser-ignorem</span> <span class='ocrx_word' id='word_1_378' title='bbox 1037 2435 1104 2467; x_wconf 74' lang='lat' dir='ltr'>per</span> <span class='ocrx_word' id='word_1_379' title='bbox 1128 2425 1252 2457; x_wconf 73' lang='lat' dir='ltr'>varias</span> <span class='ocrx_word' id='word_1_380' title='bbox 1277 2423 1380 2457; x_wconf 75' lang='lat' dir='ltr'>urbes</span> <span class='ocrx_word' id='word_1_381' title='bbox 1405 2434 1519 2456; x_wconf 72' lang='lat' dir='ltr'>secum</span> <span class='ocrx_word' id='word_1_382' title='bbox 1546 2424 1653 2456; x_wconf 70' lang='lat' dir='ltr'>(lucit.</span> 
     </span>
    </p>

    <p class='ocr_par' dir='ltr' id='par_1_8' title="bbox 113 2480 1892 2956">
     <span class='ocr_line' id='line_1_39' title="bbox 232 2480 1890 2529; baseline -0.002 -11"><span class='ocrx_word' id='word_1_383' title='bbox 232 2485 287 2518; x_wconf 75' lang='lat' dir='ltr'>Ex</span> <span class='ocrx_word' id='word_1_384' title='bbox 313 2484 479 2529; x_wconf 86' lang='lat' dir='ltr'>epistulis</span> <span class='ocrx_word' id='word_1_385' title='bbox 507 2483 701 2518; x_wconf 85' lang='lat' dir='ltr'>canisianis</span> <span class='ocrx_word' id='word_1_386' title='bbox 726 2482 835 2517; x_wconf 89' lang='lat' dir='ltr'>huius</span> <span class='ocrx_word' id='word_1_387' title='bbox 861 2482 1055 2517; x_wconf 87' lang='lat' dir='ltr'>voluminis</span> <span class='ocrx_word' id='word_1_388' title='bbox 1087 2483 1281 2527; x_wconf 86' lang='lat' dir='ltr'>pleraeque</span> <span class='ocrx_word' id='word_1_389' title='bbox 1308 2482 1351 2516; x_wconf 88' lang='lat' dir='ltr'>ad</span> <span class='ocrx_word' id='word_1_390' title='bbox 1388 2493 1574 2526; x_wconf 88' lang='lat' dir='ltr'>supremos</span> <span class='ocrx_word' id='word_1_391' title='bbox 1601 2480 1792 2516; x_wconf 78' lang='lat' dir='ltr'>Societatis</span> <span class='ocrx_word' id='word_1_392' title='bbox 1818 2492 1890 2514; x_wconf 84' lang='lat' dir='ltr'>mo-</span> 
     </span>
     <span class='ocr_line' id='line_1_40' title="bbox 115 2535 1889 2580; baseline -0.002 -9"><span class='ocrx_word' id='word_1_393' title='bbox 115 2539 297 2573; x_wconf 84' lang='lat' dir='ltr'>deratores</span> <span class='ocrx_word' id='word_1_394' title='bbox 316 2537 450 2572; x_wconf 87' lang='lat' dir='ltr'>Romae</span> <span class='ocrx_word' id='word_1_395' title='bbox 477 2538 650 2580; x_wconf 81' lang='lat' dir='ltr'>degentes</span> <span class='ocrx_word' id='word_1_396' title='bbox 676 2548 696 2570; x_wconf 89' lang='lat' dir='ltr'>a</span> <span class='ocrx_word' id='word_1_397' title='bbox 716 2536 858 2570; x_wconf 87' lang='lat' dir='ltr'>Canisio</span> <span class='ocrx_word' id='word_1_398' title='bbox 886 2537 991 2570; x_wconf 86' lang='lat' dir='ltr'>datae</span> <span class='ocrx_word' id='word_1_399' title='bbox 1017 2538 1111 2571; x_wconf 86' lang='lat' dir='ltr'>sunt.</span> <span class='ocrx_word' id='word_1_400' title='bbox 1155 2535 1264 2577; x_wconf 82' lang='lat' dir='ltr'>Quae,</span> <span class='ocrx_word' id='word_1_401' title='bbox 1291 2535 1385 2580; x_wconf 87' lang='lat' dir='ltr'>quod</span> <span class='ocrx_word' id='word_1_402' title='bbox 1412 2535 1456 2569; x_wconf 87' lang='lat' dir='ltr'>ad</span> <span class='ocrx_word' id='word_1_403' title='bbox 1483 2535 1690 2580; x_wconf 89' lang='lat' dir='ltr'>scriptionis</span> <span class='ocrx_word' id='word_1_404' title='bbox 1715 2535 1889 2568; x_wconf 80' lang='lat' dir='ltr'>rationem</span> 
     </span>
     <span class='ocr_line' id='line_1_41' title="bbox 113 2587 1889 2634; baseline -0.002 -9"><span class='ocrx_word' id='word_1_405' title='bbox 113 2592 254 2634; x_wconf 86' lang='lat' dir='ltr'>attinet,</span> <span class='ocrx_word' id='word_1_406' title='bbox 282 2591 388 2625; x_wconf 89' lang='lat' dir='ltr'>valde</span> <span class='ocrx_word' id='word_1_407' title='bbox 413 2591 508 2625; x_wconf 88' lang='lat' dir='ltr'>inter</span> <span class='ocrx_word' id='word_1_408' title='bbox 533 2603 572 2625; x_wconf 88' lang='lat' dir='ltr'>se</span> <span class='ocrx_word' id='word_1_409' title='bbox 598 2590 787 2624; x_wconf 85' lang='lat' dir='ltr'>differunt:</span> <span class='ocrx_word' id='word_1_410' title='bbox 814 2589 870 2624; x_wconf 81' lang='lat' dir='ltr'>Ex</span> <span class='ocrx_word' id='word_1_411' title='bbox 898 2601 989 2624; x_wconf 86' lang='lat' dir='ltr'>anno</span> <span class='ocrx_word' id='word_1_412' title='bbox 1018 2590 1109 2624; x_wconf 87' lang='lat'>1570</span> <span class='ocrx_word' id='word_1_413' title='bbox 1135 2601 1204 2623; x_wconf 90' lang='lat' dir='ltr'>non</span> <span class='ocrx_word' id='word_1_414' title='bbox 1241 2591 1438 2633; x_wconf 87' lang='lat' dir='ltr'>supersunt</span> <span class='ocrx_word' id='word_1_415' title='bbox 1472 2589 1541 2623; x_wconf 90' lang='lat' dir='ltr'>nisi</span> <span class='ocrx_word' id='word_1_416' title='bbox 1577 2589 1644 2623; x_wconf 90' lang='lat' dir='ltr'>duo</span> <span class='ocrx_word' id='word_1_417' title='bbox 1680 2587 1889 2633; x_wconf 82' lang='lat' dir='ltr'>apographa</span> 
     </span>
     <span class='ocr_line' id='line_1_42' title="bbox 115 2641 1891 2689; baseline -0.003 -10"><span class='ocrx_word' id='word_1_418' title='bbox 115 2645 259 2679; x_wconf 86' lang='lat' dir='ltr'>saeculo</span> <span class='ocrx_word' id='word_1_419' title='bbox 287 2644 399 2679; x_wconf 80' lang='lat' dir='ltr'>XVII.</span> <span class='ocrx_word' id='word_1_420' title='bbox 418 2645 553 2689; x_wconf 87' lang='lat' dir='ltr'>scripta</span> <span class='ocrx_word' id='word_1_421' title='bbox 574 2644 625 2689; x_wconf 85' lang='lat' dir='ltr'>(v.</span> <span class='ocrx_word' id='word_1_422' title='bbox 644 2655 754 2688; x_wconf 88' lang='lat' dir='ltr'>supra</span> <span class='ocrx_word' id='word_1_423' title='bbox 772 2656 805 2688; x_wconf 88' lang='lat' dir='ltr'>p.</span> <span class='ocrx_word' id='word_1_424' title='bbox 825 2643 894 2677; x_wconf 80' lang='lat'>398</span> <span class='ocrx_word' id='word_1_425' title='bbox 912 2642 998 2686; x_wconf 78' lang='lat'>418)</span> <span class='ocrx_word' id='word_1_426' title='bbox 1014 2656 1020 2683; x_wconf 91' lang='lat'>;</span> <span class='ocrx_word' id='word_1_427' title='bbox 1048 2645 1122 2677; x_wconf 87' lang='lat' dir='ltr'>tres</span> <span class='ocrx_word' id='word_1_428' title='bbox 1145 2642 1320 2687; x_wconf 87' lang='lat' dir='ltr'>epistulas</span> <span class='ocrx_word' id='word_1_429' title='bbox 1338 2642 1447 2676; x_wconf 85' lang='lat' dir='ltr'>habet·</span> <span class='ocrx_word' id='word_1_430' title='bbox 1465 2653 1579 2676; x_wconf 88' lang='lat' dir='ltr'>annus</span> <span class='ocrx_word' id='word_1_431' title='bbox 1601 2641 1710 2682; x_wconf 63' lang='lat'>156&amp;</span> <span class='ocrx_word' id='word_1_432' title='bbox 1739 2652 1891 2685; x_wconf 87' lang='lat' dir='ltr'>quarum</span> 
     </span>
     <span class='ocr_line' id='line_1_43' title="bbox 116 2694 1891 2742; baseline -0.002 -10"><span class='ocrx_word' id='word_1_433' title='bbox 116 2710 222 2732; x_wconf 84' lang='lat' dir='ltr'>unam</span> <span class='ocrx_word' id='word_1_434' title='bbox 250 2698 392 2732; x_wconf 84' lang='lat' dir='ltr'>Canisio</span> <span class='ocrx_word' id='word_1_435' title='bbox 428 2698 587 2732; x_wconf 87' lang='lat' dir='ltr'>dictante</span> <span class='ocrx_word' id='word_1_436' title='bbox 622 2697 770 2742; x_wconf 86' lang='lat' dir='ltr'>scripsit</span> <span class='ocrx_word' id='word_1_437' title='bbox 795 2696 974 2730; x_wconf 86' lang='lat' dir='ltr'>Antonius</span> <span class='ocrx_word' id='word_1_438' title='bbox 1000 2696 1182 2731; x_wconf 81' lang='lat' dir='ltr'>Guisanus</span> <span class='ocrx_word' id='word_1_439' title='bbox 1209 2695 1243 2730; x_wconf 82' lang='lat' dir='ltr'>S.</span> <span class='ocrx_word' id='word_1_440' title='bbox 1264 2696 1308 2737; x_wconf 87' lang='lat' dir='ltr'>J.‚</span> <span class='ocrx_word' id='word_1_441' title='bbox 1344 2695 1478 2730; x_wconf 89' lang='lat' dir='ltr'>Canisii</span> <span class='ocrx_word' id='word_1_442' title='bbox 1512 2695 1632 2729; x_wconf 87' lang='lat' dir='ltr'>socius</span> <span class='ocrx_word' id='word_1_443' title='bbox 1659 2694 1891 2738; x_wconf 84' lang='lat' dir='ltr'>elvangensis</span> 
     </span>
     <span class='ocr_line' id='line_1_44' title="bbox 116 2748 1889 2796; baseline -0.002 -11"><span class='ocrx_word' id='word_1_444' title='bbox 116 2753 166 2791; x_wconf 90' lang='lat' dir='ltr'>(v.</span> <span class='ocrx_word' id='word_1_445' title='bbox 194 2763 302 2796; x_wconf 81' lang='lat' dir='ltr'>supra</span> <span class='ocrx_word' id='word_1_446' title='bbox 328 2764 362 2796; x_wconf 90' lang='lat' dir='ltr'>p.</span> <span class='ocrx_word' id='word_1_447' title='bbox 393 2751 496 2794; x_wconf 84' lang='lat'>179);</span> <span class='ocrx_word' id='word_1_448' title='bbox 524 2751 681 2795; x_wconf 88' lang='lat' dir='ltr'>reliquas</span> <span class='ocrx_word' id='word_1_449' title='bbox 708 2751 784 2795; x_wconf 84' lang='lat' dir='ltr'>ipse</span> <span class='ocrx_word' id='word_1_450' title='bbox 817 2749 964 2794; x_wconf 86' lang='lat' dir='ltr'>scripsit</span> <span class='ocrx_word' id='word_1_451' title='bbox 990 2749 1168 2784; x_wconf 88' lang='lat' dir='ltr'>Canisius.</span> <span class='ocrx_word' id='word_1_452' title='bbox 1219 2749 1316 2783; x_wconf 87' lang='lat' dir='ltr'>Idem</span> <span class='ocrx_word' id='word_1_453' title='bbox 1353 2760 1475 2783; x_wconf 86' lang='lat' dir='ltr'>omnes</span> <span class='ocrx_word' id='word_1_454' title='bbox 1512 2748 1688 2793; x_wconf 86' lang='lat' dir='ltr'>epistulas</span> <span class='ocrx_word' id='word_1_455' title='bbox 1715 2759 1889 2783; x_wconf 88' lang='lat' dir='ltr'>annorum</span> 
     </span>
     <span class='ocr_line' id='line_1_45' title="bbox 117 2802 1889 2850; baseline -0.002 -11"><span class='ocrx_word' id='word_1_456' title='bbox 117 2805 207 2839; x_wconf 85' lang='grc'>1569</span> <span class='ocrx_word' id='word_1_457' title='bbox 234 2808 271 2838; x_wconf 86' lang='lat' dir='ltr'>et</span> <span class='ocrx_word' id='word_1_458' title='bbox 299 2805 385 2839; x_wconf 88' lang='lat'>1571</span> <span class='ocrx_word' id='word_1_459' title='bbox 424 2805 588 2850; x_wconf 84' lang='lat' dir='ltr'>scripsit,</span> <span class='ocrx_word' id='word_1_460' title='bbox 624 2806 768 2849; x_wconf 87' lang='lat' dir='ltr'>praeter</span> <span class='ocrx_word' id='word_1_461' title='bbox 804 2804 912 2843; x_wconf 86' lang='lat' dir='ltr'>duas,</span> <span class='ocrx_word' id='word_1_462' title='bbox 950 2814 1100 2847; x_wconf 88' lang='lat' dir='ltr'>quarum</span> <span class='ocrx_word' id='word_1_463' title='bbox 1135 2814 1242 2836; x_wconf 84' lang='lat' dir='ltr'>unam</span> <span class='ocrx_word' id='word_1_464' title='bbox 1278 2814 1310 2836; x_wconf 89' lang='lat' dir='ltr'>a.</span> <span class='ocrx_word' id='word_1_465' title='bbox 1340 2803 1426 2837; x_wconf 88' lang='lat'>1571</span> <span class='ocrx_word' id='word_1_466' title='bbox 1460 2802 1628 2845; x_wconf 83' lang='lat' dir='ltr'>Dilingae</span> <span class='ocrx_word' id='word_1_467' title='bbox 1663 2802 1889 2836; x_wconf 85' lang='lat' dir='ltr'>scribendam</span> 
     </span>
     <span class='ocr_line' id='line_1_46' title="bbox 115 2856 1892 2902; baseline -0.002 -10"><span class='ocrx_word' id='word_1_468' title='bbox 115 2858 258 2892; x_wconf 86' lang='lat' dir='ltr'>curavit</span> <span class='ocrx_word' id='word_1_469' title='bbox 292 2869 356 2902; x_wconf 88' lang='lat' dir='ltr'>per</span> <span class='ocrx_word' id='word_1_470' title='bbox 383 2858 578 2892; x_wconf 89' lang='lat' dir='ltr'>Antonium</span> <span class='ocrx_word' id='word_1_471' title='bbox 607 2857 817 2898; x_wconf 81' lang='lat' dir='ltr'>Guisanum,</span> <span class='ocrx_word' id='word_1_472' title='bbox 853 2856 912 2900; x_wconf 86' lang='lat' dir='ltr'>qui</span> <span class='ocrx_word' id='word_1_473' title='bbox 951 2856 981 2890; x_wconf 90' lang='lat' dir='ltr'>ei</span> <span class='ocrx_word' id='word_1_474' title='bbox 1017 2860 1104 2890; x_wconf 86' lang='lat' dir='ltr'>tunc</span> <span class='ocrx_word' id='word_1_475' title='bbox 1139 2857 1183 2890; x_wconf 86' lang='lat' dir='ltr'>ad</span> <span class='ocrx_word' id='word_1_476' title='bbox 1210 2856 1400 2890; x_wconf 78' lang='lat' dir='ltr'>Centurias</span> <span class='ocrx_word' id='word_1_477' title='bbox 1435 2856 1646 2890; x_wconf 84' lang='lat' dir='ltr'>refutandas</span> <span class='ocrx_word' id='word_1_478' title='bbox 1681 2856 1787 2889; x_wconf 86' lang='lat' dir='ltr'>datus</span> <span class='ocrx_word' id='word_1_479' title='bbox 1814 2857 1892 2889; x_wconf 89' lang='lat' dir='ltr'>erat</span> 
     </span>
     <span class='ocr_line' id='line_1_47' title="bbox 115 2909 1309 2956; baseline -0.002 -11"><span class='ocrx_word' id='word_1_480' title='bbox 115 2911 256 2945; x_wconf 81' lang='lat' dir='ltr'>adiutor</span> <span class='ocrx_word' id='word_1_481' title='bbox 284 2911 334 2954; x_wconf 90' lang='lat' dir='ltr'>(v.</span> <span class='ocrx_word' id='word_1_482' title='bbox 361 2922 471 2955; x_wconf 87' lang='lat' dir='ltr'>supra</span> <span class='ocrx_word' id='word_1_483' title='bbox 497 2923 530 2956; x_wconf 88' lang='lat' dir='ltr'>p.</span> <span class='ocrx_word' id='word_1_484' title='bbox 557 2910 664 2953; x_wconf 83' lang='lat'>435):</span> <span class='ocrx_word' id='word_1_485' title='bbox 693 2911 736 2944; x_wconf 89' lang='lat' dir='ltr'>de</span> <span class='ocrx_word' id='word_1_486' title='bbox 762 2910 878 2943; x_wconf 87' lang='lat' dir='ltr'>altera</span> <span class='ocrx_word' id='word_1_487' title='bbox 904 2909 1011 2954; x_wconf 90' lang='lat' dir='ltr'>paulo</span> <span class='ocrx_word' id='word_1_488' title='bbox 1038 2910 1133 2943; x_wconf 85' lang='lat' dir='ltr'>infra</span> <span class='ocrx_word' id='word_1_489' title='bbox 1159 2909 1309 2943; x_wconf 86' lang='lat' dir='ltr'>dicetur.</span> 
     </span>
    </p>

    <p class='ocr_par' dir='ltr' id='par_1_9' title="bbox 115 2962 1891 3062">
     <span class='ocr_line' id='line_1_48' title="bbox 235 2962 1891 3008; baseline -0.001 -10"><span class='ocrx_word' id='word_1_490' title='bbox 235 2963 334 3005; x_wconf 75' lang='lat' dir='ltr'>Quod</span> <span class='ocrx_word' id='word_1_491' title='bbox 362 2964 514 3008; x_wconf 84' lang='lat' dir='ltr'>denique</span> <span class='ocrx_word' id='word_1_492' title='bbox 540 2964 584 2998; x_wconf 90' lang='lat' dir='ltr'>ad</span> <span class='ocrx_word' id='word_1_493' title='bbox 612 2963 787 3008; x_wconf 84' lang='lat' dir='ltr'>epistulas</span> <span class='ocrx_word' id='word_1_494' title='bbox 813 2974 904 2996; x_wconf 91' lang='lat' dir='ltr'>anno</span> <span class='ocrx_word' id='word_1_495' title='bbox 934 2963 1023 2997; x_wconf 83' lang='lat'>1567</span> <span class='ocrx_word' id='word_1_496' title='bbox 1052 2963 1096 2996; x_wconf 86' lang='lat' dir='ltr'>ab</span> <span class='ocrx_word' id='word_1_497' title='bbox 1122 2963 1267 2996; x_wconf 90' lang='lat' dir='ltr'>ineunte</span> <span class='ocrx_word' id='word_1_498' title='bbox 1294 2963 1459 3006; x_wconf 86' lang='lat' dir='ltr'>Augusto</span> <span class='ocrx_word' id='word_1_499' title='bbox 1490 2962 1549 3005; x_wconf 87' lang='lat' dir='ltr'>(ab</span> <span class='ocrx_word' id='word_1_500' title='bbox 1587 2962 1654 2996; x_wconf 90' lang='lat' dir='ltr'>hoc</span> <span class='ocrx_word' id='word_1_501' title='bbox 1680 2973 1802 2996; x_wconf 88' lang='lat' dir='ltr'>mense</span> <span class='ocrx_word' id='word_1_502' title='bbox 1828 2973 1891 2996; x_wconf 87' lang='lat' dir='ltr'>vo-</span> 
     </span>
     <span class='ocr_line' id='line_1_49' title="bbox 115 3015 1890 3062; baseline -0.001 -12"><span class='ocrx_word' id='word_1_503' title='bbox 115 3017 235 3050; x_wconf 88' lang='lat' dir='ltr'>lumen</span> <span class='ocrx_word' id='word_1_504' title='bbox 263 3016 329 3051; x_wconf 90' lang='lat' dir='ltr'>hoc</span> <span class='ocrx_word' id='word_1_505' title='bbox 355 3016 494 3062; x_wconf 89' lang='lat' dir='ltr'>incipit)</span> <span class='ocrx_word' id='word_1_506' title='bbox 525 3017 570 3051; x_wconf 89' lang='lat' dir='ltr'>ad</span> <span class='ocrx_word' id='word_1_507' title='bbox 597 3018 790 3051; x_wconf 84' lang='lat' dir='ltr'>exeuntem</span> <span class='ocrx_word' id='word_1_508' title='bbox 809 3015 1042 3050; x_wconf 90' lang='lat' dir='ltr'>Decembrem</span> <span class='ocrx_word' id='word_1_509' title='bbox 1067 3016 1169 3050; x_wconf 88' lang='lat' dir='ltr'>datas</span> <span class='ocrx_word' id='word_1_510' title='bbox 1196 3018 1347 3060; x_wconf 84' lang='lat' dir='ltr'>spectat,</span> <span class='ocrx_word' id='word_1_511' title='bbox 1375 3016 1463 3050; x_wconf 80' lang='lat' dir='ltr'>duas</span> <span class='ocrx_word' id='word_1_512' title='bbox 1489 3016 1566 3060; x_wconf 86' lang='lat' dir='ltr'>ipse</span> <span class='ocrx_word' id='word_1_513' title='bbox 1589 3015 1755 3050; x_wconf 81' lang='lat' dir='ltr'>Canisius</span> <span class='ocrx_word' id='word_1_514' title='bbox 1781 3015 1890 3060; x_wconf 86' lang='lat' dir='ltr'>scrip-</span> 
     </span>
    </p>
   </div>
   <div class='ocr_carea' id='block_1_6' title="bbox 208 3114 1806 3164">
    <p class='ocr_par' dir='ltr' id='par_1_10' title="bbox 208 3114 1806 3164">
     <span class='ocr_line' id='line_1_50' title="bbox 208 3114 1806 3164; baseline 0 -8"><span class='ocrx_word' id='word_1_515' title='bbox 208 3114 212 3118; x_wconf 33' lang='lat'><em>*</em></span> <span class='ocrx_word' id='word_1_516' title='bbox 240 3125 247 3143; x_wconf 89' lang='lat'><strong>¹</strong></span> <span class='ocrx_word' id='word_1_517' title='bbox 275 3123 387 3157; x_wconf 86' lang='lat' dir='ltr'>Paulo</span> <span class='ocrx_word' id='word_1_518' title='bbox 414 3123 572 3158; x_wconf 86' lang='lat' dir='ltr'>Hoffaeo.</span> <span class='ocrx_word' id='word_1_519' title='bbox 696 3124 708 3144; x_wconf 82' lang='lat'><strong>²</strong></span> <span class='ocrx_word' id='word_1_520' title='bbox 736 3123 770 3157; x_wconf 85' lang='lat' dir='ltr'>Is</span> <span class='ocrx_word' id='word_1_521' title='bbox 801 3123 854 3164; x_wconf 91' lang='grc'>11,</span> <span class='ocrx_word' id='word_1_522' title='bbox 882 3123 902 3156; x_wconf 80' lang='grc'><strong>2</strong></span> <span class='ocrx_word' id='word_1_523' title='bbox 930 3122 961 3157; x_wconf 80' lang='lat'>3.</span> <span class='ocrx_word' id='word_1_524' title='bbox 1087 3123 1098 3142; x_wconf 78' lang='lat'>³</span> <span class='ocrx_word' id='word_1_525' title='bbox 1125 3122 1256 3157; x_wconf 89' lang='lat' dir='ltr'>Petrus</span> <span class='ocrx_word' id='word_1_526' title='bbox 1284 3122 1459 3157; x_wconf 87' lang='lat' dir='ltr'>Canisius.</span> <span class='ocrx_word' id='word_1_527' title='bbox 1585 3124 1596 3142; x_wconf 65' lang='lat'>4</span> <span class='ocrx_word' id='word_1_528' title='bbox 1623 3122 1806 3157; x_wconf 87' lang='lat' dir='ltr'>Hoffaeus.</span> 
     </span>
    </p>
   </div>
  </div>
 </body>
</html>
