2044 3335
407 143 503 177 Mon.
532 143 764 178 1085—1086
790 144 868 178 sive
894 155 969 179 var.
989 143 1209 188 (21)-(22).
1252 144 1483 178 lau—Mart.
1512 143 1613 178 1571.
1804 146 1885 186 747

125 256 349 291 ketzerische
366 256 453 291 Luft
475 260 654 301 geatmet²
685 262 753 295 etc.
773 273 780 294 :
800 260 898 294 Petri
917 260 1051 294 Canisii
1069 260 1325 295 Katechismen
1352 260 1399 294 im
1417 259 1566 294 Dienste
1592 259 1890 294 konfessioneller

124 309 367 353 Verhetzung,
394 311 429 344 in
461 313 684 352 „Kirchliche
703 314 981 356 Monatsschrift.
1026 313 1146 357 Organ
1174 314 1233 347 fiir
1258 314 1314 347 die
1332 313 1604 357 Bestrebungen
1628 313 1691 348 der
1709 313 1888 358 positiven

127 363 277 403 Uni0n“‚
306 364 358 397 17.
386 364 522 407 Jahrg„
551 365 611 399 Gr.
640 365 1020 400 Lichterfelde-Berlin
1049 367 1149 407 1898,
1179 366 1374 401 105-112.

124 475 262 513 1085
290 477 367 512 sive
394 487 509 513 var.
531 478 659 524 (21).
736 458 908 516 Ianuario
936 480 987 523 (et
1014 479 1193 527 proximis
1219 480 1444 525 mensibus?)
1472 479 1555 516 1571.

241 541 297 576 Ex
334 543 558 587 autographo
596 543 654 578 vel
692 544 909 590 archetypo,
948 546 1041 589 quod
1079 547 1201 580 exstat
1237 545 1419 580 Monachii
1458 546 1492 579 in
1530 546 1677 580 archivo
1717 545 1890 580 ecclesiae

124 595 158 630 S.
184 595 383 636 Michaelis,
411 595 509 630 Tom.
538 597 580 637 Π,
607 609 640 641 p.
672 598 915 633 1004—1005.

245 655 410 688 Canisius
435 656 483 688 acl
510 656 682 689 Renacam
708 658 888 690 Bavarsae
908 658 1090 700 principis
1116 668 1265 691 uxorem
1290 658 1494 691 arcessitur.

241 715 289 757 P.
314 715 491 757 Iacobus
526 716 727 758 Canisius
760 716 813 768 (c.
840 718 1166 769 1584—1647),
1200 732 1313 759 unus
1346 732 1396 759 cx
1422 718 1540 759 Petri
1565 718 1731 759 Canini
1763 732 1890 772 nepo-

120 781 232 822 tibus
250 780 276 833 1,
310 782 384 835 qui
405 782 648 823 Societatem
682 797 719 822 α.
747 784 861 824 1606
896 785 1120 838 inqmssus,
1156 783 1230 824 diu
1264 785 1307 824 in
1342 784 1507 837 colielqio
1540 784 1779 824 monacensi
1800 798 1888 824 ver-

120 850 239 886 satus
264 850 319 886 est
353 850 387 886 ct
419 847 651 900 complures
674 847 803 888 libros
826 849 1022 889 asceticos
1044 852 1081 888 et
1112 848 1364 889 liomilcticos
1388 848 1519 888 edidit
1550 848 1888 902 (Somnecrooyel,

119 909 232 952 Bibl.
254 909 306 951 Il
324 911 592 963 614—617),
627 912 673 953 in
705 926 826 966 opere
856 926 985 954 manu
1009 913 1162 967 scripto
1189 911 1531 965 „lllzfcliaclimn“2
1566 913 1678 967 quod
1710 927 1749 954 α.
1775 914 1890 954 1642

119 974 405 1030 Ebersbcrqac
437 974 705 1030 (Elam-soem,
744 992 883 1032 payns
922 992 1051 1032 prope
1083 978 1357 1019 Monoclzium
1389 977 1518 1029 situs)
1551 979 1797 1032 conscripsit
1828 980 1889 1020 vel

120 1039 305 1094 absolvit,
341 1041 392 1082 de
415 1041 639 1082 Guiliclmo
662 1042 707 1084 V.
731 1043 949 1084 Baoariocc
973 1044 1076 1084 duce
1099 1047 1134 1084 et
1157 1044 1208 1084 dc
1229 1043 1354 1084 Petro
1379 1043 1551 1084 Canis-io
1574 1043 1686 1096 haec,
1720 1048 1890 1097 praetor

119 1106 221 1158 alia,
254 1106 474 1147 narravit:
505 1105 700 1148 Innotuit
732 1106 921 1161 Principi
955 1107 1124 1157 Petrus,
1159 1121 1253 1148 cum
1287 1107 1516 1161 Augustae
1548 1107 1886 1157 Vindelicorum,

119 1169 383 1212 cathedralis
406 1174 558 1223 ageret
580 1171 805 1213 Ecclesiae
827 1171 1138 1215 Ecclesiasten.
1171 1172 1296 1214 Vnde
1318 1172 1572 1226 frequenter
1588 1171 1886 1226 Fridpergum,

118 1235 190 1276 vbi
230 1235 478 1289 periclitata
517 1236 742 1279 lethaliter
782 1237 918 1291 primo
962 1237 1190 1291 puerperio
1232 1237 1403 1280 Renata
1444 1237 1651 1291 Princeps
1685 1237 1887 1279 Gulielmi

118 1299 330 1355 Principis
362 1301 518 1343 coniux
552 1301 875 1353 decumbebata,
910 1304 1118 1345 euocatus
1142 1302 1274 1352 venit,
1309 1302 1422 1345 sicut
1454 1305 1497 1345 et
1528 1305 1682 1357 postea
1705 1302 1887 1344 Landis-

116 1364 282 1408 hutum.

236 1435 367 1470 Petrus
386 1434 551 1470 Canisius
577 1447 608 1470 a.
631 1435 721 1470 1570
740 1438 776 1470 et
796 1437 883 1471 1571
913 1448 982 1470 non
1008 1436 1078 1470 iam
1099 1438 1177 1470 erat
1203 1436 1427 1471 contionator
1445 1436 1619 1471 ecclesiae
1647 1436 1884 1476 cathedralis;

116 1488 179 1522 sed
205 1488 356 1523 Iacobus
383 1489 549 1523 Canisius
575 1489 782 1534 compendio
810 1490 961 1534 quodam
991 1490 1165 1524 sermonis
1200 1501 1288 1524 usus
1315 1501 1394 1524 esse
1420 1490 1574 1525 videtur.
1626 1489 1731 1524 Certe
1758 1489 1886 1524 Petrus

116 1553 146 1576 a.
176 1542 422 1583 1570—1571,
449 1554 666 1587 quamquam
694 1543 860 1587 Dilingae
886 1543 1007 1577 sedem
1033 1543 1199 1585 habebat,
1235 1543 1330 1578 haud
1357 1543 1408 1578 ita
1443 1555 1523 1577 raro
1550 1544 1738 1587 Augustae
1764 1555 1885 1577 versa—

117 1596 241 1637 batur3
259 1596 361 1630 velut
378 1596 433 1630 25.
453 1596 661 1630 Decembris
682 1597 784 1637 1570,
804 1597 859 1633 23.
878 1597 1024 1642 Aprilis,
1043 1598 1075 1631 5.
1095 1597 1193 1639 Maii,
1212 1597 1244 1632 2.
1263 1597 1354 1631 Iunii
1376 1597 1464 1631 1571
1488 1596 1537 1640 (V.
1558 1609 1666 1642 supra
1685 1609 1716 1642 p.
1732 1597 1799 1631 421
1816 1597 1886 1632 439

115 1650 182 1684 441
199 1650 296 1694 443).
339 1650 536 1693 Fridberga
553 1649 779 1693 (Friedberg)
797 1652 928 1691 autem,
948 1650 1008 1684 ubi
1022 1650 1200 1685 Bavariae
1219 1650 1327 1685 duces
1346 1662 1464 1685 arcem
1482 1650 1572 1685 satis
1591 1651 1766 1684 munitam
1781 1650 1886 1684 habe-

114 1702 211 1744 bant,
223 1703 389 1746 Augusta
402 1715 471 1737 non
483 1703 586 1738 abest
597 1703 666 1738 nisi
681 1703 771 1737 1—2
783 1703 891 1737 horis.
927 1702 1078 1738 Constat
1089 1715 1239 1748 quoque,
1252 1703 1561 1749 Christophorum,
1574 1704 1634 1748 qui
1647 1716 1691 1737 ex
1705 1703 1886 1737 Guilielmi

115 1759 151 1790 et
176 1755 337 1791 Renatae
362 1756 446 1791 filiis
472 1756 609 1802 primus
635 1759 723 1799 erat,
751 1757 968 1801 Fridbergae
995 1757 1050 1792 23.
1070 1757 1227 1791 Ianuarii
1248 1758 1335 1792 1571
1356 1759 1492 1799 natum,
1519 1757 1654 1797 eadem,
1683 1769 1753 1802 qua
1780 1760 1885 1791 natus

114 1812 180 1852 est,
206 1809 294 1844 hora
320 1812 510 1848 mortuum,
536 1811 573 1844 in
599 1810 816 1844 monasterio
835 1811 1026 1845 andecensi
1047 1810 1246 1854 (Andechs)
1276 1810 1457 1855 sepultum
1485 1822 1563 1845 esse
1585 1811 1707 1852 (Mieh.
1729 1812 1885 1853 Messon,

114 1863 187 1898 Das
213 1863 445 1907 Konigshaus
464 1863 616 1908 Bayern,
644 1864 901 1908 genealogisch
920 1864 1129 1905 bearbeitet,
1155 1864 1337 1899 Miinchen
1358 1864 1458 1905 1854,
1486 1864 1551 1904 78;
1577 1866 1694 1898 Andr.
1714 1865 1886 1898 Bramme]-

114 1916 148 1950 S.
169 1917 212 1959 J.‚
239 1917 423 1952 Excubiae
449 1917 648 1959 Tutelares,
675 1917 856 1952 Monachii
877 1918 977 1959 1637,
1005 1917 1179 1963 Synopsis
1205 1930 1238 1952 n.
1259 1917 1367 1961 LIX).
1410 1917 1578 1952 Fortasse
1605 1917 1797 1952 infirmitas
1823 1917 1885 1952 illa

113 1970 274 2005 Renatae
299 1982 371 2005 una
397 1982 442 2005 ex
468 1971 666 2005 rationibus
694 1973 781 2012 erat,
809 1972 938 2015 quibus
966 1971 1131 2006 Canisius
1159 1971 1347 2015 Augustae
1374 1971 1612 2005 detinebatur.

113 2090 254 2127 1086
281 2093 359 2127 sive
386 2102 501 2128 var.
523 2092 660 2138 (22).
736 2093 779 2129 M.
798 2092 932 2129 Martio
958 2092 1044 2129 1571.

234 2157 290 2192 Ex
316 2158 551 2203 autographo.
604 2158 645 2193 G.
665 2159 729 2204 Ep.
749 2159 828 2194 coll.
849 2160 863 2193 1
889 2160 912 2193 f.
937 2160 1029 2193 199³.

231 2219 281 2261 P.
315 2220 480 2262 Paulus
512 2219 720 2273 Hoffaeus
754 2221 1013 2262 Germaniae
1045 2221 1279 2275 superioris
1307 2221 1578 2275 praepositus
1607 2220 1886 2275 provincialis

114 2285 311 2339 Auyusta
355 2285 394 2327 7.
428 2286 596 2340 Aprilis
631 2284 797 2340 15'7l1]
831 2287 875 2328 S.
910 2286 1142 2328 Francisco
1176 2286 1363 2341 Boryioe
1395 2286 1614 2327 Societatis
1645 2286 1886 2339 praeposito

109 2351 302 2404 yeizeroli
333 2352 525 2406 scripsit:

231 2421 383 2475 Nuper
405 2421 574 2476 accepit
595 2422 696 2463 Dux
720 2422 934 2464 Bauariae
956 2422 1114 2465 fortem
1138 2421 1474 2464 admonitionem
1499 2434 1524 2463 a
1539 2420 1747 2463 Pontifice
1771 2420 1886 2462 circa

114 2487 331 2540 quandam
362 2486 740 2541 importunitatem
765 2487 1035 2530 subditorum
1058 2486 1313 2529 Archiducis
1337 2486 1500 2528 Caroli:
1535 2488 1579 2528 et
1601 2486 1820 2541 Monachij
1843 2486 1887 2528 in

111 2551 400 2606 suspicionem
423 2552 621 2594 venimus
644 2567 694 2594 ac
717 2552 753 2594 si
776 2552 822 2595 P.
848 2552 1043 2594 Canisius
1066 2552 1136 2594 vel
1160 2566 1240 2605 ego
1264 2551 1355 2593 eius
1378 2551 1685 2594 admonitionis
1709 2554 1885 2593 autores

111 2631 327 2660 essemus:
371 2631 482 2671 quae
522 2618 677 2660 iccirco
721 2618 767 2660 P.
802 2618 854 2660 V.
888 2617 1044 2668 scribo,
1087 2620 1135 2659 vt
1176 2617 1337 2659 rectius
1378 2617 1507 2659 isthic
1550 2630 1705 2659 cauere
1746 2616 1885 2671 possit

112 2683 320 2725 cauenda.

231 2751 382 2787 Carolus
400 2753 444 2787 ΙΙ.
472 2752 648 2787 archidux
676 2751 735 2795 (de
761 2764 830 2796 quo
856 2763 965 2797 supra
992 2764 1025 2797 p.
1046 2752 1129 2796 366)
1157 2763 1374 2797 magnopere
1400 2751 1649 2793 contendebat,
1677 2754 1716 2786 ut
1743 2752 1886 2786 ordines

111 2805 241 2840 Stiriae
276 2805 404 2849 ingens
443 2805 528 2840 illud
569 2818 630 2840 aes
664 2806 831 2845 alienum,
867 2817 937 2849 quo
965 2817 1006 2839 ea
1041 2808 1138 2839 terra
1172 2805 1402 2850 premebatur
1427 2825 1474 2829 —
1502 2805 1604 2840 1000
1618 2805 1687 2841 OOO
1712 2805 1886 2840 florenum

112 2862 216 2893 erant
241 2878 296 2899 —‚
323 2859 360 2893 in
386 2871 425 2893 se
450 2859 675 2904 susciperent
702 2859 973 2893 exsolvendum.
1024 2859 1064 2893 Id
1098 2859 1210 2902 igitur
1235 2859 1366 2893 delecti
1401 2871 1446 2893 ex
1472 2859 1656 2893 ordinibus
1682 2860 1761 2899 viri,
1797 2870 1885 2904 quos

111 2912 286 2947 archidux
312 2924 358 2947 m.
376 2912 542 2947 Ianuario
571 2913 659 2948 1571
681 2915 977 2956 congregaverat,
1005 2913 1248 2958 promiserunt
1266 2913 1419 2957 quidem,
1447 2912 1510 2947 sed
1529 2912 1620 2947 hanc
1639 2913 1883 2947 condicionem

218 2980 245 3002 a)
267 2975 508 3002 decubumbebat
527 2977 594 3002 Cod.

232 3079 241 3098 ¹
268 3077 416 3112 Petrum
436 3078 618 3112 Canisium
638 3089 743 3112 suum
761 3077 873 3112 fuisse
892 3080 1061 3123 patruum
1079 3078 1229 3112 Iacobus
1255 3077 1332 3123 ipse
1351 3079 1508 3113 testatur
1526 3078 1561 3112 in
1580 3080 1598 3098 *
1613 3078 1843 3121 ⁷,Michaelio⁴‘
1866 3079 1881 3112 1

112 3131 263 3166 30—-34,
315 3130 434 3173 Quare
461 3131 673 3175 corrigenda
698 3133 793 3173 sunt,
821 3143 912 3176 quae
938 3131 1066 3177 scripsi
1097 3132 1183 3166 Can.
1202 3131 1235 3166 V
1261 3131 1357 3166 6624.
