2044 3335
674 103 730 138 Ab
757 103 813 138 28.
833 103 967 148 Aprilis
993 102 1037 137 ad
1064 104 1097 137 4.
1116 103 1202 137 Maii
1231 101 1331 136 1568.
1794 99 1876 141 567

462 220 630 273 gocium
664 220 742 262 sibi
766 234 791 262 a
814 220 857 264 S.
878 221 923 263 P.
951 220 1187 262 iniunctum
1204 220 1217 247 1
1252 217 1376 273 [non]
1404 216 1610 272 impedire
1634 229 1716 269 quo
1739 215 1879 257 minus

462 285 784 327 procurationis
806 285 1054 339 prouinciae
1078 281 1274 338 [mun]us
1297 283 1462 325 subiret
1486 281 1526 336 [ς
1555 281 1788 323 iudicatum
1813 284 1880 322 est

463 350 650 392 omnium
683 350 901 404 suffragijs
934 364 1019 392 non
1051 348 1279 402 impedire;
1314 347 1438 389 huius
1470 347 1532 389 rei
1563 343 1879 399 testimoni]um

462 428 487 456 a
509 415 847 468 congregatione
870 429 964 456 cum
988 414 1100 455 idem
1123 413 1256 454 Pater
1277 412 1489 466 petijsset,
1523 412 1708 454 libenter
1731 409 1883 452 annuit

462 479 742 534 congregatio
756 481 784 530 2,
818 479 946 533 idque
978 479 1058 520 hoc
1090 478 1183 532 ipso
1217 477 1390 519 decreto
1425 479 1627 519 testatur.

834 551 899 592 11.
935 550 1169 591 decretum.

520 615 655 657 Paulo
688 618 785 669 post
819 628 914 656 cum
947 614 1001 656 ad
1034 612 1288 655 electionem
1329 611 1553 653 substituti
1595 611 1637 652 in
1672 611 1882 652 Procura-

461 681 629 722 torem3
662 679 1009 729 descenderetur,
1043 692 1122 732 per
1143 676 1378 719 secundum
1401 676 1657 718 scrutinium
1681 676 1735 717 ad
1757 675 1882 729 plura

463 744 592 787 etiam
614 744 848 786 medietate
867 743 1076 796 suffragia
1093 741 1375 784 Reuerendus
1392 741 1436 783 P.
1453 741 1661 783 Nicolaus
1680 741 1883 793 Lanoyus

462 809 504 850 in
538 809 836 851 Procuratoris
868 809 1152 851 substitutum
1185 807 1349 849 electus
1382 808 1461 849 est.

835 882 901 922 12.
937 880 1170 922 decret-um.

118 945 232 987 Acta
254 945 297 988 4³.
322 944 403 986 diei
527 945 629 986 Cum
652 945 933 986 Reuerendus
956 945 1002 987 P.
1026 942 1439 998 Viceprouincialis4
1462 941 1700 984 monuisset
1722 944 1770 983 ut
1793 940 1886 993 qui-

132 1013 176 1052 et
209 1009 391 1051 aliorum
464 1009 569 1051 libet
610 1023 665 1051 ex
698 1010 900 1052 Patribus
942 1008 1220 1063 congregatis
1261 1022 1311 1049 ea
1353 1021 1464 1061 quae
1497 1007 1551 1049 ad
1583 1005 1885 1060 Praepositum

154 1074 209 1117 ad
238 1075 365 1116 finem
465 1074 723 1116 Generalem
751 1075 923 1116 nomine
947 1074 1200 1116 Prouinciae
1233 1073 1447 1116 mittenda
1478 1072 1690 1114 iudicaret
1722 1070 1886 1125 scripta

118 1153 254 1192 usque
299 1153 399 1180 con·
462 1139 517 1181 ad
549 1139 701 1193 ipsum,
737 1142 781 1181 et
804 1140 996 1182 delectos
1019 1140 1125 1181 duos
1158 1153 1213 1180 ex
1239 1138 1457 1192 primarijs
1480 1137 1683 1180 Patribus
1716 1136 1888 1178 consul-

117 1203 400 1258 gregationis.
464 1207 583 1246 tores
616 1204 901 1247 discernenda
934 1205 1172 1246 referrenta
1195 1201 1256 1258 [P]
1290 1203 1418 1257 idque
1444 1203 1531 1245 iam
1563 1202 1643 1256 ipsi
1666 1201 1886 1251 fecissent,

462 1269 602 1311 uisum
645 1271 712 1311 est
756 1269 915 1311 eisdem
960 1270 1099 1312 tribus
1131 1269 1357 1319 Patribus,
1401 1282 1453 1310 ea
1494 1281 1605 1321 quae
1649 1269 1889 1320 sequuntur

465 1334 793 1388 congregationi
826 1335 1086 1376 Prouinciali
1119 1333 1412 1376 examinanda
1443 1346 1699 1387 proponere.

526 1402 563 1443 1.
598 1399 795 1453 Largiori
829 1402 1049 1454 potestate
1083 1413 1211 1453 egere
1243 1399 1418 1441 uidetur
1450 1399 1494 1441 P.
1531 1396 1812 1440 Prouincialis
1845 1396 1887 1437 in

462 1465 690 1519 purganda
722 1465 957 1519 prouincia,
996 1465 1059 1507 ita
1092 1468 1139 1508 ut
1172 1479 1255 1506 uno
1290 1465 1371 1515 die,
1415 1464 1450 1505 si
1492 1463 1554 1506 ita
1587 1462 1793 1517 expedire
1825 1460 1889 1502 ui-

464 1530 652 1581 deretur,
695 1530 827 1573 etiam
868 1531 1014 1585 plures
1056 1530 1183 1572 simul
1217 1544 1240 1572 e
1272 1544 1350 1572 sua
1392 1529 1614 1584 prouincia
1656 1528 1723 1569 uel
1757 1526 1889 1569 etiam

465 1595 676 1638 societate
717 1596 940 1650 pellat.V.
975 1610 1016 1649 g.
1050 1598 1275 1650 suspectos
1318 1595 1370 1637 de
1411 1593 1602 1643 haeresi,
1646 1592 1888 1642 seditiosos,

466 1661 537 1714 qui
585 1660 801 1703 seminant
852 1661 968 1703 inter
1020 1661 1181 1703 fratres
1230 1660 1487 1710 discordias,
1542 1659 1773 1701 manifeste
1825 1657 1890 1699 in-

465 1726 729 1777 obedientes,
765 1726 922 1779 quique
954 1726 1217 1769 insanabiles
1244 1725 1447 1768 uidentur
1469 1725 1600 1768 etiam
1633 1723 1780 1765 multis
1814 1722 1891 1764 ad-

464 1791 611 1834 hibitis
643 1791 868 1845 remedijs:
903 1794 995 1834 tum
1029 1791 1160 1834 etiam
1195 1805 1282 1842 eos,
1318 1805 1425 1844 quos
1458 1788 1755 1839 Prouincialis,
1801 1788 1891 1830 eius

466 1857 750 1907 consultores,
785 1860 829 1898 et
862 1871 1010 1899 omnes
1043 1857 1299 1899 Prouinciae
1332 1857 1541 1899 Rectores
1581 1855 1774 1897 iudicant
1806 1868 1892 1895 non

464 1922 625 1965 habere
658 1922 857 1977 spiritum
891 1922 1138 1965 Societatis.
1202 1922 1387 1964 Videtur
1426 1921 1575 1974 itaque
1617 1920 1756 1973 magis
1793 1919 1891 1961 illu-

464 1988 645 2030 stranda
666 2002 768 2042 pars
790 1988 864 2029 illa
887 1988 1212 2042 priuilegiorum
1236 1986 1535 2035 Prouincialis,
1570 2000 1680 2039 quae
1704 1985 1757 2027 ad
1780 1984 1891 2027 hanc

464 2056 635 2107 partem
679 2053 892 2108 pertinet:
942 2053 985 2095 Si
1032 2053 1202 2107 quando
1249 2053 1359 2094 enim
1407 2051 1649 2094 huiusmodi
1697 2050 1892 2092 homines

466 2133 624 2172 magno
643 2132 739 2160 cum
756 2118 1007 2173 prouinciae
1026 2118 1287 2161 detrimento
1307 2122 1351 2161 et
1369 2117 1599 2172 temporali
1618 2120 1661 2160 et
1679 2115 1893 2170 spirituali

467 2184 644 2226 tolerati
665 2187 779 2234 sunt,
811 2198 885 2226 eos
908 2184 1085 2227 tandem
1108 2198 1186 2239 per
1209 2184 1254 2227 P.
1274 2184 1329 2228 N.
1350 2183 1606 2226 Generalem
1630 2196 1652 2224 e
1676 2181 1893 2224 Societate

470 2249 631 2303 expelli
653 2248 862 2300 uidemus,
887 2250 964 2291 sed
986 2250 1122 2292 multo
1146 2249 1301 2291 minori
1324 2263 1419 2291 cum
1442 2248 1609 2290 fructu:
1645 2247 1894 2299 relinquunt

467 2314 579 2355 enim
612 2313 704 2356 fere
736 2314 844 2356 alios
877 2314 1080 2357 uitiorum
1114 2328 1289 2357 suorum
1323 2326 1595 2356 successores
1609 2313 1637 2354 5.

241 2389 269 2421 a)
292 2390 356 2416 Sic,-
376 2389 635 2420 corrz'yendnmne:
655 2387 808 2414 referret?

244 2510 253 2530 ¹
280 2508 365 2542 Pius
392 2508 435 2542 V.
462 2519 625 2542 summus
659 2507 821 2552 pontifex
848 2507 1030 2541 Canisium
1065 2508 1222 2541 iusserat
1248 2506 1439 2542 Oenturias
1475 2505 1808 2549 Magdeburgenses
1840 2515 1895 2538 re—

120 2563 260 2602 futare;
289 2574 323 2597 V.
356 2562 441 2596 Can.
460 2561 493 2595 V
519 2560 600 2595 480.

241 2616 254 2637 2
280 2615 539 2650 Testimonium
557 2615 635 2649 sive
652 2614 794 2648 litteras
813 2625 833 2647 a
848 2614 886 2648 P.
900 2613 1012 2648 Paulo
1027 2613 1174 2647 Hoffaeo
1193 2612 1487 2657 viceprovinciali
1506 2623 1547 2646 ea
1566 2612 1608 2646 de
1626 2623 1663 2645 re
1683 2611 1724 2645 ad
1740 2611 1775 2646 S.
1788 2611 1894 2645 Fran-

119 2669 257 2704 ciscum
282 2669 451 2712 Borgiam
477 2668 720 2714 praepositum
748 2667 952 2710 generalem
980 2667 1084 2701 datas
1111 2677 1143 2700 V.
1171 2666 1274 2708 infra,
1301 2678 1393 2700 mon.
1420 2666 1458 2700 it.
1489 2666 1555 2708 (2).

242 2724 255 2743 ³
281 2722 328 2764 Si,
355 2723 415 2767 qui
442 2725 651 2767 procurator
670 2721 805 2755 electus
832 2723 920 2761 erat,
947 2720 1064 2754 officio
1091 2720 1194 2764 fungi
1212 2731 1283 2753 non
1309 2722 1463 2764 poterat,
1490 2720 1526 2753 in
1553 2719 1629 2753 eius
1655 2718 1772 2753 locum
1795 2718 1895 2761 „sub-

119 2777 292 2812 stitutus“
323 2775 551 2810 succedebat.
696 2776 709 2794 ‘²
736 2774 775 2808 P.
803 2773 937 2808 Paulus
965 2774 1147 2807 Hoffaeus.

243 2831 255 2850 ⁵
281 2830 320 2863 In
338 2828 498 2864 Indiculo
516 2828 533 2846 '¹‘
550 2829 796 2870 „Facultatum
825 2838 915 2870 quae
935 2827 1156 2872 Praepositis
1175 2826 1465 2860 Prouincialibus
1492 2825 1670 2860 ordinarie
1689 2837 1709 2859 a
1728 2824 1895 2860 Generali

122 2883 333 2929 Praeposito
377 2882 721 2921 communicantur“‚
756 2892 787 2914 a.
825 2882 913 2915 1566
952 2879 1065 2914 Roma
1103 2879 1147 2913 ad
1187 2879 1371 2914 Canisium
1408 2880 1534 2921 misso,
1579 2879 1669 2913 haec
1713 2881 1897 2924 comparet

125 2936 349 2980 „dimittendi
384 2935 561 2970 facultas“
593 2935 642 2977 (n.
671 2934 729 2977 2):
769 2933 932 2976 „Habeat
966 2932 1181 2967 facultatem
1216 2932 1419 2966 dimittendi
1454 2944 1515 2966 eos
1551 2933 1611 2976 qui
1646 2933 1682 2966 in
1717 2933 1834 2977 prima
1860 2934 1896 2966 et

121 2990 160 3024 2ει
186 2990 393 3034 probatione
420 2991 503 3023 ante
523 2988 654 3022 emissa
672 2990 766 3029 uota,
794 2987 851 3020 uel
870 2987 921 3020 eis
941 2986 1092 3027 emissis,
1119 2988 1321 3025 uer-santur,
1348 2997 1436 3030 quos
1462 2986 1538 3031 ipse
1557 2985 1615 3020 uel
1640 2998 1680 3020 eo
1708 2986 1896 3020 inferiores

121 3043 343 3083 admiserint,
378 3054 437 3077 eos
465 3042 572 3076 etiam
609 3040 670 3085 qui
705 3040 738 3074 in
775 3039 1011 3074 scholasticos
1045 3039 1261 3084 approbatos
1297 3039 1446 3074 admissi
1483 3042 1567 3074 sunt
1599 3039 1635 3073 in
1662 3039 1834 3083 grauibus
1861 3040 1897 3072 et

122 3096 336 3139 urgentibus
372 3095 533 3135 casibus,
570 3095 612 3128 de
648 3094 703 3128 his
738 3097 859 3128 tamen
895 3093 1108 3128 Generalem
1143 3093 1333 3127 admoneat
1367 3095 1448 3138 post
1483 3093 1745 3132 dimissionem,
1780 3093 1816 3126 in
1852 3092 1897 3137 ijs
