2044 3335
121 91 206 132 320
307 88 409 123 1659.
437 88 538 122 Ferd.
557 88 601 122 11.
623 86 707 122 Can.
754 86 855 121 1660.
875 86 960 120 Can.
980 85 1082 120 Ferd.
1100 85 1145 120 Π.
1192 86 1293 120 1661.
1315 86 1399 122 Can.
1420 86 1532 121 Paulo
1551 86 1710 122 Hoffaeo.

241 206 441 247 Canisius
473 205 651 258 Dilinya
677 208 743 246 15.
769 205 881 245 Maii·
914 206 1029 245 1565)
1062 203 1119 244 ad
1151 204 1194 245 S.
1217 205 1495 246 Franciscuni
1529 205 1731 261 Boryiam
1764 220 1885 259 prae-

119 271 295 325 positum
328 270 562 325 yeneralem
596 271 765 324 scripsit
789 269 839 310 de
861 269 909 310 P.
934 269 1069 310 Paulo
1092 268 1271 321 Hoffaeo
1304 269 1424 320 (tunc
1458 270 1683 324 Oeniponte
1716 272 1887 312 rectoris

121 335 319 388 officium,
354 336 493 389 quoad
526 336 690 389 colleqio
723 339 856 376 rector
877 335 1210 385 constitueretur,
1245 335 1604 388 administrante),
1640 350 1755 390 quem
1779 335 1885 377 Bor-

118 402 213 455 qias
246 400 504 440 Germaniae
541 401 774 453 superioris
813 400 1101 454 praepositum
1141 400 1439 452 provincialem
1472 401 1518 440 in
1553 401 1718 441 Canisii
1754 402 1883 441 locum

119 465 246 518 paulo
280 468 374 504 ante
405 464 678 505 substituerat
715 464 771 516 (o.
806 478 937 517 supra
969 477 1009 517 p.
1034 464 1167 514 293).-
1212 464 1408 515 „Literas
1448 465 1508 504 ad
1548 465 1664 506 illuni
1708 469 1742 505 et
1773 478 1888 506 meas

124 535 158 570 et
180 529 396 569 Romanas
421 530 530 579 misi,
559 533 646 570 tuni
669 530 915 571 Rectoribus
937 527 1128 569 omnibus
1153 529 1203 569 de
1224 543 1331 570 nouo
1354 529 1568 583 superiore
1590 530 1673 569 iam
1698 530 1887 571 instituto

123 592 402 647 siyniftcaui.“
468 595 530 634 Ac
570 594 644 636 Fr.
683 595 916 648 „Georgyius
948 592 1174 634 Schorius“
1220 591 1487 646 (Schornius,
1531 593 1741 645 Schoran)
1773 594 1816 636 S.
1842 594 1884 635 J.

124 661 164 699 in
198 659 348 700 litteris
381 660 538 700 annuis
571 660 729 713 colleyii
760 658 1115 713 inyolstadiensiS,
1150 658 1406 713 Inyolstadio
1440 663 1478 700 (j.
1496 658 1747 713 Septembris
1772 660 1886 700 1569

124 724 249 776 datis,
283 724 383 765 haec
415 724 473 764 ad
506 724 682 765 eundem
716 725 758 765 S.
785 724 1061 766 Franciscum
1094 723 1296 777 Boryiani
1331 725 1512 765 rettulit:
1557 724 1781 775 „Visitauit
1812 737 1887 765 nos

125 790 245 829 etiane
270 803 406 830 mense
430 789 548 830 Maio
571 790 622 831 R.
647 790 722 831 P.a
747 789 959 841 Canisius,
994 789 1066 843 qui
1087 788 1279 829 omnibus
1296 789 1481 842 pietatis,
1515 789 1711 844 obsequij,
1745 789 1886 829 chari·-

122 855 222 895 tatis
265 854 378 895 dedit
411 855 609 908 exempla,
652 852 921 908 cunctosqueb
953 854 1018 894 his
1056 853 1202 906 literis,
1247 867 1352 908 quas
1381 859 1473 907 post
1505 855 1732 895 discessum
1763 867 1884 894 suum

123 920 317 972 remisit⁰,
360 920 510 973 quibus
543 933 584 960 se
615 919 765 972 officio,
809 933 887 973 quo
931 919 1057 959 annis
1099 919 1413 972 quatuordecim
1451 918 1625 971 functus
1667 923 1769 971 erat,
1812 917 1887 960 ab·

125 984 304 1036 dicabat,
349 989 471 1038 atque
502 984 554 1025 R.
588 984 637 1025 P.
672 984 855 1024 Paulum
888 988 985 1024 tuae
1017 983 1068 1024 R.
1102 982 1151 1024 P.
1186 985 1412 1036 uoluntate,
1456 988 1491 1025 et
1522 983 1725 1025 mandato
1756 983 1887 1024 Prae-

121 1050 300 1103 positum
334 1049 646 1090 Prouinciaiem
681 1049 930 1102 declarauit,
964 1049 1224 1090 uehementer
1255 1046 1514 1091 commouit.“

125 1181 277 1217 1659.
393 1179 887 1217 FERDINANDUS
931 1180 1007 1216 II.
1047 1182 1233 1223 archiduX,
1271 1182 1442 1217 Austriae
1486 1182 1680 1227 superioris
1721 1182 1887 1226 princeps

314 1234 515 1269 CANISIO.
768 1234 967 1279 Oeniponte
1002 1235 1096 1269 inter
1121 1235 1303 1269 ineuntem
1330 1237 1366 1269 et
1391 1235 1547 1269 medium
1573 1235 1708 1269 Maium
1738 1235 1838 1269 1569.

243 1306 299 1339 Ex
324 1305 479 1350 epistula
505 1305 549 1339 ad
577 1305 755 1349 Borgiam,
783 1306 825 1339 de
852 1317 922 1349 qua
948 1305 1051 1346 infra,
1080 1317 1134 1350 ep.
1152 1318 1186 1341 n.
1209 1307 1310 1341 1665.

245 1379 444 1420 Canisius
466 1379 644 1433 Diiinya
670 1381 737 1420 15.
762 1379 873 1420 Maii
896 1380 1012 1420 1569
1044 1379 1101 1419 ad
1124 1380 1167 1422 S.
1185 1380 1460 1421 Franciscum
1485 1380 1686 1434 Bor-qiam
1719 1379 1888 1432 scripsit

126 1445 177 1485 de
208 1445 394 1485 contione
421 1445 673 1498 parochiali,
714 1458 839 1498 quam
874 1444 1102 1498 Oeniponte
1135 1445 1186 1486 ab
1220 1446 1377 1499 aliquot
1408 1446 1619 1486 mensibus
1651 1445 1699 1487 P.
1724 1444 1887 1484 Paulus

124 1508 332 1561 Hoffaeus
374 1509 552 1550 habebat
594 1508 656 1559 (in
701 1510 801 1550 aula
841 1510 1084 1550 archiducis
1117 1510 1165 1552 P.
1189 1511 1401 1551 Antonius
1434 1510 1645 1552 Kleselius
1677 1509 1887 1550 contiona-

126 1573 276 1625 batur,
325 1588 360 1616 v.
405 1588 537 1628 supra
579 1588 623 1628 p.
663 1575 795 1626 283):
854 1575 1058 1628 „Scripsit
1110 1576 1168 1616 ad
1220 1589 1282 1616 nie
1330 1576 1533 1629 Princeps
1580 1574 1888 1616 Ferdinandus

125 1640 331 1693 ualdeque
354 1640 576 1692 contendit,
610 1641 719 1680 utin
753 1645 960 1694 posterum
998 1641 1102 1681 duos
1135 1641 1198 1682 illi
1231 1643 1532 1682 contionatores
1560 1640 1762 1695 praebere
1792 1653 1885 1693 per·

124 1718 272 1758 yanius
315 1704 556 1759 Oeniponti,
605 1706 694 1746 siue
737 1710 918 1757 maneat,
963 1707 1051 1747 siue
1100 1706 1291 1747 discedat
1330 1720 1466 1747 nouus
1507 1706 1556 1747 P.
1590 1705 1885 1746 Prouintialis.

125 1769 350 1823 Respondi,
395 1770 454 1810 ad
485 1770 660 1811 eundem
695 1770 743 1812 P.
770 1771 1075 1813 Prouintialem
1118 1771 1190 1812 hoc
1227 1772 1437 1826 pertinere
1468 1772 1688 1826 neyotium,
1731 1771 1803 1824 qui
1834 1771 1887 1810 sit

128 1834 178 1874 de
211 1848 253 1874 eo
286 1848 426 1876 corani
459 1836 671 1877 acturus‘·

128 1965 283 2001 1660.
393 1967 610 2003 CANISIUS
649 1967 1104 2004 FERDINANDO
1144 1968 1220 2004 II.
1257 1969 1448 2010 aroffiduei,
1486 1969 1656 2004 Austriae
1694 1968 1887 2014 superioris

316 2020 480 2065 principi.
877 2022 1022 2066 Dilinga
1051 2022 1233 2066 (Augusta
1245 2022 1280 2066 ‘?)
1308 2023 1401 2057 inter
1429 2024 1459 2057 7.
1488 2025 1522 2056 et
1552 2024 1604 2057 15.
1623 2023 1709 2057 Maii
1738 2023 1838 2057 1569.

243 2092 329 2124 Vide
354 2093 538 2135 epistulam
564 2095 795 2136 superiorem,
820 2105 855 2127 n.
878 2096 977 2127 1659.

128 2218 270 2254 1661.
355 2220 571 2254 CANISIUS
598 2219 659 2255 P.
687 2219 914 2256 PsslULO
943 2219 1268 2255 HOFFAEO
1298 2219 1351 2256 S.
1371 2219 1425 2256 J.
1454 2221 1666 2256 Germaniae
1693 2220 1885 2265 superioris

313 2274 514 2318 praeposito
539 2274 763 2318 provinciali.
878 2274 1026 2317 Dilinga
1055 2274 1238 2317 (Augusta
1250 2275 1283 2317 5³)
1314 2274 1407 2308 inter
1434 2275 1465 2308 7.
1493 2277 1528 2308 eb
1557 2274 1609 2308 15.
1629 2273 1715 2307 Maii
1736 2274 1835 2309 1569.

244 2343 299 2377 Ex
325 2343 477 2388 epistula
504 2344 546 2377 ad
575 2344 752 2387 Bmgiam,
779 2345 823 2378 de
849 2356 918 2388 qua
944 2344 1047 2385 infra,
1079 2356 1134 2388 ep.
1161 2356 1195 2377 n.
1217 2344 1317 2379 1665.

243 2415 435 2448 Dissuadet
461 2416 504 2459 ei,
530 2427 572 2447 ne
598 2416 686 2448 duos
713 2417 974 2449 contionatores
1004 2415 1259 2458 Oenipontanis
1285 2416 1458 2449 concedat.

247 2487 444 2528 Canisius
476 2488 655 2543 Dilinya
689 2490 758 2530 15.
783 2488 893 2529 Maii
922 2489 1037 2529 1569
1071 2488 1129 2528 ad
1161 2488 1204 2529 S.
1229 2488 1506 2529 Franciscum
1528 2487 1729 2540 Boi-qiam
1758 2501 1883 2541 prae-

124 2552 301 2605 positum
348 2554 583 2605 yeneralem
627 2554 821 2608 scripsit:
869 2552 1193 2593 Ferdinandum
1236 2552 1294 2594 II.
1342 2552 1630 2605 archiducem,
1677 2567 1767 2593 cum
1807 2566 1885 2606 per

128 2616 287 2656 litteras
328 2631 352 2657 a
395 2632 437 2658 se
476 2619 652 2672 petisset,
696 2623 741 2659 ut
782 2619 827 2658 in
864 2622 1075 2673 posterum
1118 2631 1276 2672 quoque
1314 2618 1396 2659 duo
1428 2617 1729 2658 contionatores
1764 2616 1883 2658 Oeni-

125 2682 323 2733 pontanis
369 2682 597 2735 darentur,
643 2697 667 2723 a
714 2697 754 2724 se
796 2684 1016 2723 remissum
1061 2696 1145 2723 esse
1187 2683 1246 2723 ad
1286 2683 1334 2724 P.
1368 2681 1594 2735 Hoffaeunz
1639 2681 1694 2731 (v.
1737 2696 1882 2737 supra.

131 2759 189 2797 ep.
222 2760 263 2786 n.
289 2748 437 2795 1659).
495 2749 673 2799 „Monui
705 2752 841 2789 autem
875 2748 1046 2788 Patrem
1081 2748 1131 2787 de
1162 2761 1255 2788 nica
1287 2748 1504 2797 sententia,
1537 2761 1618 2787 non
1654 2749 1883 2789 consultum

129 2809 271 2849 uideri
311 2812 482 2863 scilicet,
526 2817 569 2852 ut
611 2813 684 2853 hoc
721 2813 888 2866 (orande
933 2816 966 2852 et
1006 2816 1249 2866 perpetuum
1291 2825 1407 2863 onus,
1454 2811 1564 2865 quod
1608 2814 1762 2853 nostris
1804 2814 1905 2859 ini-¹

124 2886 279 2926 ponere
312 2876 455 2915 uolunt
487 2877 730 2929 ceruicibus,
773 2879 816 2918 in
857 2881 1018 2918 nostros
1050 2878 1243 2918 tollamus
1275 2877 1478 2928 humeros,
1521 2877 1593 2917 sed
1633 2878 1739 2917 satis
1775 2876 1881 2929 fore,

129 2938 166 2977 si
207 2939 553 2991 quemadmodum
599 2945 735 2992 antea,
782 2943 836 2981 ita
878 2956 988 2982 nunc
1029 2942 1153 2982 etiam
1193 2955 1318 2982 vnum
1350 2939 1531 2981 habeant
1563 2943 1881 2982 eontionatorene

131 3001 435 3056 Oenipontani:
471 3006 703 3057 periculum
740 3019 835 3057 esse,
880 3021 928 3047 ne
962 3007 1080 3047 breui
1114 3006 1333 3047 Clessetius
1364 3006 1430 3046 uel
1461 3011 1615 3060 sponte,
1654 3008 1719 3048 uel
1750 3011 1883 3047 coacte

248 3088 276 3118 a)
297 3086 373 3112 Maio
396 3088 427 3114 l'.
447 3091 474 3113 Ν.
537 3088 566 3119 b)
588 3089 734 3122 exempla.
765 3090 895 3115 Cunctos
917 3092 943 3115 8.
1010 3093 1034 3118 ο)
1056 3090 1191 3117 remissit
1212 3092 1246 3115 Α.
