2044 3335
667 141 856 176 Monachio
881 143 914 177 4.
933 142 1147 177 Novembris
1168 142 1270 177 1567.
1768 149 1846 189 101

85 261 297 310 natorem,
332 273 428 301 cum
462 261 505 301 et
538 259 719 302 subinde
752 262 823 303 vel
854 261 1052 304 didicerit
1076 262 1145 303 vel
1166 261 1327 314 legerit
1349 261 1596 304 Catholicos
1618 262 1850 314 Authores‚

83 323 198 367 inter
242 338 348 377 quos
392 324 455 365 illi
500 326 795 368 commendari
839 329 1022 380 possunt
1062 326 1355 380 Hieronymus
1401 330 1554 369 contra
1594 328 1852 371 Haereticos

84 389 311 444 disputans
329 391 355 441 1,
404 389 669 443 Cyprianus,
719 390 908 445 Cyrillus
950 392 1398 445 Hierosolymitanus,
1447 392 1704 434 Vincentius
1742 393 1852 435 Liri—

83 455 249 505 nensis,
293 457 338 497 et
370 455 441 508 qui
474 457 577 497 sunt
608 455 735 497 huius
767 456 941 508 generis
973 457 1197 498 Ecclesiae
1228 460 1590 511 propugnatores.
1655 449 1763 500 Tum
1797 472 1852 500 ex

83 520 220 562 nostri
253 519 462 574 temporis
488 519 757 562 Authoribus
790 521 1048 564 familiarem
1082 521 1163 564 sibi
1194 522 1351 564 reddat
1382 522 1625 573 lectionem,
1660 523 1851 565 locorum

84 585 372 627 communium
406 585 565 639 Eckij2
606 589 650 628 et
691 585 878 641 Perionij
895 588 924 637 3,
971 587 1292 629 Catechismum
1332 587 1596 638 Romanum,
1643 590 1687 631 et
1727 588 1851 632 Card.

83 650 206 704 Hosij
228 650 364 694 latine
388 653 431 693 et
455 650 711 693 Germanice
736 649 965 706 [scripta]a
983 650 1044 706 [P]
1061 653 1078 679 4
1105 652 1392 706 magnifaciat
1417 655 1474 696 .et
1503 653 1689 695 libenter
1718 653 1851 706 legat.

82 716 316 759 Juuabitur
353 715 486 758 etiam
529 715 565 757 si
597 715 783 770 Staphili
815 717 1009 771 scriptab
1041 720 1194 760 contra
1226 717 1562 759 Schmidelinum
1578 719 1607 769 5,
1654 721 1698 760 et
1730 718 1852 771 Hosij

83 784 236 824 contra
257 780 484 823 Brentium
502 781 518 808 6
541 781 718 824 euoluat
740 782 986 835 aliquando.
1035 783 1188 825 Discat
1210 782 1365 825 timere
1388 797 1594 825 censuras
1616 784 1852 834 Ecclesiae,

83 848 128 889 et
160 846 417 901 praesertim
451 846 958 899 excommunicationem,
992 848 1105 890 unde
1137 848 1302 890 nullum
1336 848 1469 891 etiam
1492 849 1563 890 vel
1589 848 1851 902 prohibitum

82 912 152 954 vel
194 913 443 966 suspectum
486 911 725 955 Authorem
768 916 813 955 et
854 913 1010 955 librum
1053 913 1167 955 domi
1208 913 1325 956 ferat
1342 915 1370 956 7.
1434 914 1557 955 Haec
1600 916 1644 957 et
1685 914 1771 956 alia
1811 914 1854 955 id

82 991 220 1030 genus
259 978 386 1032 plura
429 991 515 1019 non
556 991 709 1031 parum
751 979 959 1021 momenti
1001 979 1202 1021 adferent
1244 979 1299 1021 ad
1341 979 1609 1022 Catholicam
1653 979 1854 1032 generosi

81 1043 373 1086 adolescentis
405 1042 744 1086 Institutionem.

200 1141 228 1171 a)
258 1143 318 1167 Hoc
346 1143 390 1166 vel
418 1141 530 1166 similia
560 1140 668 1173 (Hosij
688 1141 784 1167 libros
805 1140 898 1167 latine
920 1142 950 1167 et
971 1141 1148 1168 Germanice
1169 1141 1269 1168 editos
1280 1142 1303 1173 ?)
1332 1143 1497 1174 supplenda
1524 1149 1585 1167 esse
1613 1142 1691 1167 docet
1713 1149 1760 1166 res
1778 1142 1853 1173 ipsa.

80 1180 110 1213 b)
131 1182 178 1206 Ira
197 1184 241 1214 R:
262 1182 416 1216 Scriptum
436 1185 481 1215 A,·
501 1184 537 1214 cf.
557 1184 652 1214 infra,
673 1183 742 1208 adn.
762 1185 788 1209 5.

203 1290 212 1311 ¹
241 1289 373 1324 Canisii
401 1290 519 1324 animo
546 1290 729 1324 obversati
765 1301 845 1324 esse
871 1290 1040 1325 videntur
1075 1290 1232 1325 maxime
1258 1290 1357 1324 Libri
1387 1290 1584 1333 „adversus
1610 1289 1854 1331 Helvidium“,

83 1343 279 1386 „adversus
310 1343 571 1385 Iovinianum“,
611 1345 756 1386 „contra
782 1343 1057 1388 Vigilantiuni“,
1093 1344 1224 1388 quibus
1260 1344 1503 1388 Hieronymus
1539 1346 1748 1389 perpetuam
1784 1343 1854 1377 vir-

80 1397 269 1440 ginitatem
296 1397 430 1432 Beatae
456 1398 604 1438 Mariae,
638 1397 772 1431 ieiunia
799 1397 1055 1440 ecclesiastica,
1092 1397 1232 1432 cultum
1259 1396 1483 1439 Sanctorum,
1511 1397 1726 1432 coelibatum
1752 1397 1853 1431 cleri-

79 1462 212 1492 corum,
239 1453 489 1496 paupertatem
516 1450 773 1485 monachorum
800 1451 1028 1485 defendebat.

199 1510 212 1531 2
237 1510 290 1545 De
325 1510 469 1544 loannis
501 1510 578 1544 Eck
607 1509 731 1554 (Mair)
770 1511 984 1554 professoris
1018 1509 1313 1554 ingolstadiensis
1353 1509 1477 1553 „Locis
1512 1509 1760 1544 communibus
1795 1509 1854 1543 ad-

79 1575 207 1598 versus
234 1563 478 1598 Lutheranos“
507 1576 542 1599 v.
573 1565 660 1598 Can.
688 1564 721 1597 Il
749 1564 853 1605 771¹;
880 1564 929 1599 IV
957 1564 1036 1598 618.

199 1624 212 1644 ³
236 1623 396 1658 Ioachim
427 1623 615 1658 Perionius
650 1623 730 1658 sive
763 1624 894 1658 Perion
922 1623 963 1658 O.
984 1623 1018 1658 S.
1038 1623 1077 1658 B.
1108 1623 1145 1667 (†
1171 1623 1237 1657 sub
1273 1635 1304 1657 a.
1335 1622 1440 1665 1560)
1479 1622 1684 1666 theologiae
1719 1625 1755 1657 et
1789 1622 1854 1656 lin·

79 1689 232 1722 guarum
270 1678 499 1722 antiquarum
544 1678 579 1712 in
618 1677 858 1711 universitate
902 1677 1093 1722 parisiensi
1133 1676 1317 1722 professor
1363 1676 1514 1711 Parisiis
1552 1688 1584 1710 a.
1614 1677 1704 1711 1549
1744 1676 1856 1710 edidit

83 1730 314 1776 „Topicorum
349 1731 635 1775 theologicorum
673 1731 783 1765 libros
822 1731 945 1772 duos“‚
994 1730 1125 1775 quibus
1168 1730 1367 1765 doctrinam
1410 1729 1625 1765 catholicam
1668 1742 1713 1764 ex
1751 1741 1855 1764 sacra

79 1785 266 1830 Scriptura
292 1787 328 1819 et
353 1787 562 1819 sanctorum
587 1785 737 1819 Patruin
764 1784 866 1819 libris
893 1784 1175 1819 demonstrabat.

202 1846 214 1865 4
240 1844 475 1879 Potissimum
503 1844 765 1888 significantur,
799 1846 895 1889 puto,
931 1843 968 1877 hi
1001 1843 1083 1878 libri
1110 1843 1233 1878 Hosii:
1274 1842 1481 1886 „Confessio
1515 1842 1596 1876 fidei
1633 1842 1851 1877 catholicae“

79 1897 140 1942 (de
178 1910 249 1942 qua
286 1910 321 1933 v.
352 1900 440 1933 Can.
466 1899 482 1932 I
519 1898 622 1939 51033
664 1898 793 1932 11888
820 1898 926 1941 etc.);
971 1898 1042 1940 „De
1079 1908 1252 1942 expresso
1288 1897 1353 1931 Dei
1388 1896 1517 1931 verbo“
1553 1895 1852 1941 (Can..11898);

82 1951 277 1997 „Dialogus
312 1953 355 1986 de
390 1964 442 1994 eo,
477 1964 563 1986 num
599 1951 748 1986 calicem
784 1951 898 1993 laicis,
935 1954 971 1985 et
1008 1962 1142 1985 vxores
1168 1950 1421 1985 Sacerdotibus
1448 1950 1619 1995 permitti,
1655 1961 1696 1984 ac
1733 1949 1855 1983 diuina

77 2005 197 2040 officia
227 2006 372 2050 uulgari
406 2006 531 2049 lingua
566 2005 692 2051 peragi
724 2006 779 2040 fas
806 2005 873 2040 sit“
907 2005 945 2049 (l.
973 2004 1033 2048 c.).
1085 2004 1355 2039 Confessionem
1390 2004 1542 2038 Ioannes
1577 2015 1598 2038 a
1624 2004 1692 2038 Via
1722 2002 1854 2047 (Ingol-

77 2059 184 2094 stadii
213 2060 333 2104 1560),
368 2060 498 2094 librum
535 2060 578 2094 de
614 2071 786 2104 expresso
822 2058 889 2093 Dei
923 2059 1034 2093 verbo
1069 2058 1278 2093 Leonardus
1315 2057 1442 2092 Haller
1478 2056 1707 2101 (Ingolstadii
1735 2055 1854 2099 1559),

77 2112 268 2157 Dialogum
295 2113 372 2158 ipse
396 2113 562 2148 Canisius
591 2113 776 2156 (Dilingae
796 2112 904 2157 1559)
931 2113 1138 2156 germanice
1163 2113 1350 2146 verterant
1378 2110 1472 2155 (Nic.
1492 2112 1631 2145 Paulus
1656 2111 1692 2144 in
1714 2110 1855 2153 „Histo—

77 2166 380 2212 risch-politische
406 2167 567 2201 Blatter“
599 2166 723 2208 CXXI,
750 2166 933 2200 Miinchen
963 2166 1062 2208 1898,
1090 2165 1189 2210 765).

198 2228 210 2247 ⁵
234 2227 440 2262 Fridericus
466 2227 666 2272 Staphylus
696 2226 754 2270 (de
782 2238 851 2271 quo
882 2227 968 2260 Can.
996 2226 1011 2259 1
1039 2226 1140 2269 5571)
1179 2225 1355 2260 adversus
1381 2225 1550 2259 Iacobum
1576 2224 1742 2257 Andreae
1777 2222 1853 2257 sive

77 2280 356 2316 Schmidelinum
392 2280 622 2315 lutheranum
659 2280 789 2314 edidit:
830 2279 1104 2322 „Defensionem
1140 2291 1203 2324 pro
1238 2279 1439 2313 trimembri
1474 2277 1670 2321 Theologia
1705 2276 1853 2310 Martini

78 2334 246 2369 Lutheri“
272 2334 455 2378 (Dilingae
482 2337 518 2369 et
535 2334 686 2369 Parisiis
706 2334 817 2374 1559;
843 2333 974 2368 Nissae
996 2333 1123 2377 1560);
1155 2332 1332 2376 „Vortrab
1358 2344 1422 2366 zur
1444 2332 1606 2374 Rettung
1632 2330 1694 2364 des
1713 2329 1852 2363 Buchs:

76 2388 168 2422 Vom
194 2387 354 2431 rechten,
389 2387 537 2422 wahren
563 2387 747 2422 Verstand
783 2387 847 2422 des
881 2386 1083 2431 gottlichen
1111 2387 1256 2420 VVorts“
1291 2385 1519 2429 (Ingolstadii
1548 2384 1674 2425 1561);
1716 2382 1853 2425 „Nach-

77 2441 191 2476 druck
228 2453 271 2476 zu
297 2441 549 2485 Verfechtung
588 2442 651 2476 des
685 2441 807 2475 Buchs
846 2452 930 2475 vom
968 2440 1118 2474 rechten
1156 2440 1304 2474 wahren
1339 2439 1520 2473 Verstand
1557 2439 1620 2472 des
1655 2436 1852 2481 gottlichen

77 2495 215 2536 Worts,
241 2496 313 2529 und
339 2494 419 2529 Von
446 2495 509 2529 der
534 2494 725 2529 teutschen
746 2494 1213 2537 Bibelverdolmetschung“
1238 2492 1607 2537 (Ingolstadii1562).
1654 2489 1850 2534 „Vortrab“

77 2551 112 2582 et
143 2547 401 2591 „Nachdruck“
432 2561 464 2583 a.
486 2549 577 2584 1563
603 2560 624 2583 a
650 2548 846 2582 Laurentio
874 2547 976 2582 Surio
1004 2547 1045 2582 Ο.
1066 2547 1162 2582 Cart.
1189 2547 1300 2581 latine
1327 2547 1422 2580 edita
1457 2547 1542 2580 sunt
1571 2545 1668 2587 (Joh.
1697 2545 1852 2588 Soffner,

78 2601 264 2636 Friedrich
284 2601 494 2647 Staphylus,
513 2602 667 2636 Breslau
687 2602 789 2643 1904,
812 2601 995 2636 126-131
1027 2600 1233 2637 148—158:
1262 2600 1307 2634 cf.
1328 2600 1436 2634 etiam
1458 2600 1546 2634 Can.
1565 2598 1616 2632 III
1636 2597 1852 2641 772-0773).

197 2661 210 2681 ⁶
234 2660 381 2696 Librum
408 2673 429 2696 a
455 2661 635 2696 Stanislao
662 2661 773 2695 Hosio
809 2661 964 2706 primum
999 2672 1031 2695 a.
1054 2660 1146 2695 1558
1174 2659 1342 2694 Coloniae
1378 2659 1533 2693 editum:
1574 2658 1723 2701 „Verae,
1753 2655 1852 2690 Chri—

77 2714 226 2757 stianae,
254 2714 534 2760 Catholicaeque
560 2715 753 2749 Doctrinae
789 2714 905 2749 solida
931 2713 1188 2759 PropugnatiO,
1222 2725 1293 2747 vna
1329 2724 1410 2747 cum
1443 2712 1576 2747 illustri
1608 2710 1852 2746 confutatione

77 2768 426 2811 Prolegomenorum,
454 2780 546 2813 quae
564 2769 719 2813 primum
738 2769 891 2802 Ioannes
911 2768 1081 2801 Brentius
1107 2767 1284 2801 aduersus
1303 2767 1452 2801 Petrum
1478 2777 1499 2800 a
1526 2765 1610 2800 Soto
1629 2763 1851 2807 Theologum

77 2821 232 2866 scripsit,
271 2822 399 2856 deinde
436 2834 523 2857 vero
558 2823 690 2857 Petrus
724 2821 859 2856 Paulus
894 2821 1093 2865 Vergerius
1132 2821 1227 2866 apud
1265 2820 1420 2855 Polonos
1458 2821 1591 2854 temere
1630 2818 1853 2852 defendenda

76 2876 279 2920 suscepit“;
308 2875 351 2910 de
377 2887 446 2920 quo
473 2888 508 2910 v.
530 2876 618 2911 Gan.
638 2876 671 2909 ΙΙ
700 2875 899 2910 894-897.

198 2935 210 2955 ⁷
236 2935 278 2969 In
307 2935 449 2978 „Indice
475 2935 691 2970 tridentino“
722 2935 858 2969 Romae
884 2934 940 2969 24.
960 2933 1085 2968 Martii
1114 2934 1206 2969 1564
1232 2945 1253 2968 a
1278 2935 1345 2968 Pio
1371 2935 1436 2967 IV.
1463 2933 1659 2978 approbato
1695 2931 1852 2966 edictum

78 2989 156 3022 erat
184 2987 288 3032 (Reg.
315 2988 386 3032 X):
427 2989 483 3031 „Si
510 2990 592 3034 quis
617 2989 729 3024 libros
755 2988 1031 3029 haereticorum,
1059 2987 1119 3022 vel
1146 2987 1308 3021 cuiusuis
1335 2987 1491 3021 auctoris
1518 2986 1664 3032 scripta,
1700 2985 1743 3019 ob
1769 2984 1851 3018 hae-

76 3040 196 3082 resim,
234 3041 294 3076 vel
329 3042 372 3076 ob
407 3043 491 3078 falsi
527 3043 708 3087 dogmatis
744 3042 986 3087 suspicionem
1014 3042 1194 3083 damnata,
1234 3043 1342 3086 atque
1369 3041 1559 3085 prohibita,
1595 3039 1736 3083 legerit,
1775 3038 1851 3072 siue

76 3093 253 3137 habuerit,
288 3096 413 3130 statim
447 3096 484 3130 in
521 3096 907 3131 excommunicationis
943 3094 1161 3129 sententiam
1194 3095 1372 3129 incurrat⁴⁴
1405 3094 1534 3137 (Index
1560 3093 1746 3128 Librorum
1774 3104 1850 3136 pro-

76 3147 282 3191 hibitorum,
311 3149 478 3184 Coloniae
507 3150 608 3192 1564,
636 3150 660 3185 f.
680 3148 805 3184 Bb—Iss
821 3149 887 3193 22).
