2044 3335
145 119 202 159 40
643 117 745 152 1493.
774 116 939 151 Canisius
966 115 1000 150 S.
1018 115 1211 150 Francisco
1239 116 1401 159 Borgiae.

145 232 297 269 1493.
397 233 614 268 CANJans
643 230 909 269 SANGTO
938 230 1327 268 FRANclsco
1355 231 1673 269 Romaiu:
1709 202 1926 279 praeposito·

334 286 494 330 generali
521 286 713 321 Societatis
738 286 832 320 Iesu.
894 285 1137 331 (Epistula
1173 286 1333 330 prior.)

1189 338 1411 381 Ingolstadio
1440 339 1494 374 18.
1514 339 1735 385 Septembris
1762 340 1866 374 1567.

264 403 319 438 Ex
345 404 543 449 archetypo
572 402 647 445 (20;
676 403 744 446 3¹l2
764 415 843 448 pp.;
871 404 906 437 in
934 414 967 447 p.
986 403 1009 436 4
1034 402 1143 437 inser.
1171 406 1208 437 et
1234 403 1408 448 reliquiae
1426 403 1525 447 sig),
1553 404 1673 439 Germ.
1694 405 1772 447 183,
1791 418 1826 440 n.
1844 406 1916 441 209

148 458 188 501 (f.
216 457 285 492 359
312 458 410 499 360).
462 456 630 491 Canisius
665 467 731 490 sua
758 467 866 490 manu
892 455 1036 490 litteras
1063 457 1271 491 emendavit
1297 457 1414 501 iisque
1441 469 1569 492 nomen
1600 457 1796 501 (,‚Seruus“
1827 459 1913 503 etc.)

143 510 371 555 subscripsit.

267 581 459 623 Colleyium
494 581 622 614 risitat.
686 580 865 623 canisius,
902 582 1161 613 controversiae
1195 582 1233 613 in
1268 581 1441 623 facultate
1475 583 1611 614 artium
1646 587 1745 616 ortae
1779 583 1918 617 arbiter

145 635 331 677 admissus,
359 635 526 667 adiuncto
552 634 621 666 sibi
647 634 691 667 D.
711 634 936 677 Eisenfflvin,
963 634 1103 666 animos
1128 636 1224 667 inter
1248 645 1282 667 se
1309 635 1511 667 conciliavit
1535 640 1565 667 et
1585 635 1699 669 Sociis
1719 638 1917 680 persuasit,

147 693 182 720 at
205 689 279 721 solo
306 688 454 720 docendi
478 698 624 720 munere
649 689 801 720 contenti
825 691 946 720 essent.
1002 687 1189 720 Thornaet
1221 689 1401 730 apostasia
1412 700 1425 728 ;
1457 689 1667 731 disputandi
1692 689 1834 723 licentia
1861 701 1916 723 co-

145 742 258 774 erceri
283 741 386 773 debet.
426 741 587 773 Rectoris
612 741 794 782 dilinyani
819 740 956 773 labores
982 741 1098 774 nimii.
1138 741 1231 773 Nori
1256 746 1407 774 rectores
1433 742 1591 775 creandi.
1629 742 1668 776 P.
1688 742 1917 786 Merquitius.

147 795 247 837 Papa
274 793 531 827 archz'dncissis
556 793 747 826 clausurae
771 794 875 836 legem
904 793 1089 827 relaxavit.

357 870 528 913 Jhesus.
593 871 687 912 Pax
719 870 879 913 Christi
911 871 1142 912 admodum
1175 871 1434 913 Reuerende
1467 872 1611 915 Pater.

264 942 373 984 Sunt
402 941 493 983 dies
515 941 607 983 fere
633 943 699 992 14,
734 956 842 995 quos
864 941 907 983 in
930 942 1010 983 hoc
1033 941 1250 984 uisitando
1274 942 1463 996 Collegio
1486 943 1683 996 transegi
1698 945 1724 986 1.
1767 943 1917 987 Prima

145 1009 190 1049 et
220 1007 455 1061 praecipua
489 1006 735 1057 difficultas,
779 1021 891 1060 quae
924 1007 993 1048 hic
1026 1021 1122 1049 sese
1154 1007 1277 1049 nobis
1311 1008 1472 1062 obijcit,
1515 1010 1583 1050 est
1616 1009 1917 1052 controuersia

144 1074 272 1114 uetus
286 1072 399 1113 inter
413 1074 585 1113 nostros
601 1072 707 1113 duos
721 1073 737 1099 2
751 1075 796 1114 et
813 1071 923 1114 alios
942 1072 1217 1114 Professores
1235 1073 1277 1114 in
1296 1073 1467 1115 Artium
1485 1073 1728 1117 Facultate.
1762 1074 1914 1117 Nostri

144 1137 321 1190 reliquis
333 1137 545 1189 Collegis³
565 1151 643 1191 per
661 1137 804 1179 omnia
821 1137 1001 1190 aequari
1019 1138 1236 1188 uolebant,
1256 1152 1466 1191 suumque
1484 1139 1550 1180 ius
1568 1139 1715 1181 multis
1733 1139 1914 1181 rationi-

145 1202 224 1243 bus
248 1202 539 1244 defendebant
561 1202 771 1244 aduersus
794 1203 916 1253 alios,
949 1203 1020 1256 qui
1043 1206 1215 1245 nostros
1238 1217 1263 1245 a
1285 1203 1527 1246 rationibus
1550 1204 1640 1247 dati
1663 1207 1708 1246 et
1730 1204 1914 1259 accepti,

145 1269 190 1309 et
221 1280 247 1308 a
278 1268 408 1308 rebus
440 1267 703 1321 pecuniarijs
736 1268 994 1309 submouere
1027 1268 1310 1312 conabantur.
1363 1269 1585 1312 Putabant
1617 1269 1729 1311 enim
1762 1269 1915 1319 nostri,

145 1346 192 1374 se
217 1332 387 1374 ratione
405 1332 655 1386 J'uramenti,
690 1346 773 1385 quo
796 1332 1016 1375 Facultati
1039 1333 1212 1375 Artium
1236 1333 1432 1376 obstricti
1456 1338 1558 1376 sunt
1570 1335 1599 1384 3,
1633 1334 1713 1376 hoc
1736 1335 1915 1377 curareb

145 1397 314 1448 debere,
333 1402 381 1440 ut
397 1400 574 1452 praeter
590 1398 658 1440 ius
676 1401 742 1440 etc
759 1412 944 1451 aequum
963 1398 1018 1440 ab
1036 1399 1132 1452 alijs
1150 1398 1254 1439 nihil
1270 1399 1628 1442 committeretur.
1654 1399 1766 1441 Hinc
1781 1402 1917 1442 natae

145 1466 247 1505 sunt
278 1463 322 1504 in
354 1463 435 1505 hoc
469 1463 770 1505 Professorum
803 1463 994 1516 Collegio
1027 1463 1328 1506 contentiones
1369 1466 1415 1506 et
1446 1464 1708 1519 suspitiones
1740 1479 1915 1507 amaru-

144 1529 304 1578 lentae,
330 1528 429 1569 dum
452 1530 638 1581 utraque
655 1542 758 1582 pars
775 1543 897 1570 suam
915 1531 1065 1570 tuetur
1082 1528 1365 1571 sententiam:
1389 1529 1567 1582 reliquis
1590 1529 1916 1572 professoribus

143 1593 225 1635 1100
257 1593 572 1647 obijcientibus,
614 1607 699 1635 non
732 1594 963 1635 conuenire
995 1594 1169 1644 nostris,
1208 1594 1280 1647 qui
1312 1594 1522 1648 Religiosi
1553 1598 1667 1645 sunt,
1711 1597 1759 1637 ut
1790 1609 1914 1637 secu-

144 1659 307 1700 laribus
340 1658 527 1712 negotijs
560 1661 604 1700 et
635 1659 764 1700 rebus
795 1659 1057 1713 pecuniarijs
1089 1659 1429 1713 implicarentur.
1479 1660 1704 1713 Multoque
1736 1660 1915 1714 grauius

144 1723 242 1765 illos
283 1723 447 1773 habuit,
491 1724 605 1776 quod
646 1738 732 1765 non
774 1725 956 1766 obscure
997 1738 1024 1767 a
1063 1724 1186 1766 nobis
1221 1725 1273 1766 de
1304 1725 1508 1778 peculatu
1541 1728 1586 1767 et
1616 1725 1734 1767 furto
1768 1739 1913 1767 coram

145 1790 309 1831 Senatu
350 1788 519 1843 publico
561 1789 764 1839 incusari,
811 1789 879 1831 uel
913 1789 1069 1832 saltem
1104 1793 1321 1842 utcunque
1353 1790 1601 1844 perstringi,
1646 1790 1913 1833 uiderentur.

144 1854 407 1896 Nostrorum
441 1867 617 1896 causam
650 1854 741 1908 egit
772 1855 830 1897 M.
858 1855 1037 1896 Carolus
1070 1855 1368 1897 consentiente
1401 1855 1481 1896 sibi
1504 1854 1629 1897 socio
1651 1855 1698 1898 P.
1723 1855 1916 1897 Henrico

145 1918 354 1970 Arboreo,
389 1919 462 1971 qui
494 1919 639 1960 senior
670 1933 720 1961 00
754 1922 823 1962 est
854 1919 898 1961 in
931 1920 1082 1961 eadem
1108 1920 1140 1961 F
1144 1920 1352 1963 acultate.
1415 1921 1577 1973 Jtaque
1609 1920 1815 1962 maiorem
1847 1920 1914 1962 in-

145 1984 305 2026 uidiam
338 1983 419 2025 sibi
452 1985 658 2027 conflauit
689 1984 803 2026 idem
835 1985 892 2027 M.
927 1985 1107 2027 Carolus
1137 1985 1334 2036 Vrsinus,
1374 1985 1440 2027 cui
1473 1985 1689 2027 rationum
1721 1985 1917 2039 pondera

147 2063 234 2091 non
267 2048 498 2091 defuerunt
529 2049 572 2090 in
605 2051 775 2102 agenda
809 2063 941 2092 causa
972 2052 1064 2092 tum
1097 2050 1199 2092 uiua
1230 2064 1348 2100 uoce,
1388 2053 1478 2092 tum
1514 2051 1676 2104 scripto
1709 2050 1913 2104 priuatim

146 2117 192 2157 et
213 2114 383 2169 publice
394 2113 421 2157 d.
465 2114 561 2168 Ego
588 2128 691 2156 uero
715 2129 811 2156 cum
835 2128 889 2156 ex
914 2115 1156 2168 Oeniponto
1179 2115 1394 2157 uenissem
1417 2115 1706 2162 Monachium,
1732 2115 1916 2168 cognoui

145 2180 329 2234 primum
373 2180 559 2221 offensos
601 2193 696 2221 esse
737 2180 905 2222 animos
940 2180 1290 2222 Consiliariorum
1324 2181 1577 2234 Principis4,
1621 2180 1734 2233 quod
1774 2180 1915 2222 nostri

145 2244 378 2297 religiosae
411 2244 704 2298 simplicitatis
739 2245 873 2295 obliti,
918 2259 1014 2287 cum
1046 2245 1224 2298 reliquis
1256 2245 1442 2299 Collegis
1475 2247 1537 2288 ita
1568 2245 1705 2288 rixari
1737 2247 1781 2288 et
1813 2259 1913 2286 con-

145 2310 326 2352 tendere
348 2309 612 2352 uiderentur.
654 2309 842 2351 Primum
868 2310 981 2352 enim
1003 2310 1046 2352 in
1070 2310 1260 2363 Collegio
1284 2311 1398 2352 dicto
1424 2311 1735 2360 Professorum,
1760 2309 1915 2351 deinde

266 2390 294 2421 a)
315 2391 351 2414 In
370 2391 449 2415 arch.
470 2390 513 2415 ita
532 2394 691 2415 correctum
711 2394 753 2415 est
772 2398 809 2415 ex
829 2389 962 2422 Collegij.
1037 2390 1067 2421 b)
1089 2392 1125 2415 In
1145 2392 1224 2416 arch.
1239 2399 1314 2416 corr.
1335 2399 1371 2416 ez·
1390 2390 1499 2416 iurare.
1573 2392 1598 2422 c)
1621 2391 1760 2422 Sequitur
1787 2398 1810 2414 r.
1831 2390 1915 2414 oblit-

146 2434 283 2462 teratum,
303 2431 378 2462 quod
398 2432 458 2456 iam
478 2432 535 2464 legi
554 2439 611 2456 non
627 2435 731 2463 potest.
806 2431 836 2462 d)
857 2433 891 2456 In
912 2433 992 2457 arch.
1012 2440 1087 2457 corr.
1108 2440 1144 2457 es·
1164 2432 1291 2464 puplice.

270 2526 280 2545 ¹
308 2525 474 2560 Canisius
496 2525 585 2560 haec
606 2526 716 2560 verba
734 2538 804 2560 non
823 2527 856 2561 d.
877 2526 931 2561 18.
951 2527 1185 2571 Septembris,
1205 2538 1311 2571 quem
1329 2527 1507 2572 epistulae
1527 2529 1711 2560 extremae
1730 2525 1914 2571 ascripsit,

147 2578 210 2611 sed
236 2578 342 2622 paulo
369 2582 452 2612 ante
478 2578 644 2623 scripsit;
671 2579 766 2621 vide,
793 2591 885 2623 quae
911 2580 977 2614 sub
1004 2581 1120 2624 ipsam
1147 2580 1240 2614 hanc
1266 2580 1461 2625 epistulam
1488 2579 1664 2613 dicentur.

266 2631 279 2651 ²
305 2631 344 2666 P.
364 2631 559 2665 Henricum
575 2632 775 2666 Arboreum
794 2635 830 2666 et
848 2633 905 2666 Fr.
923 2633 1090 2667 Cal-olum
1105 2633 1275 2667 Ursinum
1290 2646 1297 2673 ;
1317 2633 1376 2667 1110
1393 2632 1582 2678 physicam
1603 2631 1910 2675 (aristotelicam),

146 2683 208 2718 ille
242 2683 395 2727 logicam
422 2685 591 2719 tradebat
617 2685 651 2728 (*
663 2687 822 2720 Litterae
848 2697 988 2720 annuae
1015 2686 1330 2729 ingolstadienses,
1359 2687 1390 2720 1.
1417 2685 1638 2730 Septembris
1668 2686 1756 2719 1567
1785 2685 1914 2726 datae;

148 2736 191 2771 G.
217 2736 283 2781 Ep.
303 2737 389 2771 V111
415 2737 441 2771 f.
468 2737 582 2781 204³).

269 2791 280 2809 ³
311 2790 432 2831 „Juro,
459 2791 553 2833 quod
580 2791 805 2825 commodum
830 2791 1030 2826 Facultatis
1057 2793 1199 2826 Artium
1228 2820 1236 2827 .
1256 2819 1263 2827 .
1283 2819 1291 2826 .
1317 2803 1521 2836 procurare,
1547 2791 1809 2825 incommodum
1836 2802 1913 2836 pro-

147 2841 268 2875 hibere
298 2869 305 2876 .
322 2869 351 2875 ..
379 2843 480 2876 volo“
512 2844 781 2887 (duramentum
808 2844 1017 2890 Recipiendi
1044 2846 1080 2879 in
1099 2845 1297 2880 Consilium
1315 2845 1516 2879 Facultatis
1534 2844 1687 2885 Artium,
1713 2844 1919 2889 praescrip-

146 2896 224 2928 tum
250 2894 286 2928 in
309 2895 502 2937 „Statutis“
525 2908 557 2930 a.
573 2897 662 2931 1472
682 2898 913 2932 universitati
933 2899 1208 2942 ingolstadiensi
1234 2910 1254 2932 a
1279 2898 1470 2932 fundatore
1488 2898 1598 2931 datis:
1628 2899 1656 2932 I.
1676 2898 1719 2931 N.
1740 2898 1915 2941 Mederer,

147 2947 308 2981 Annales
333 2948 632 2991 Ingolstadiensis
659 2951 876 2985 Academiae
903 2952 964 2993 IV,
1000 2952 1215 2995 ingolstadii
1245 2951 1346 2993 1782,
1373 2951 1456 2994 80);
1495 2950 1554 2984 vel
1589 2950 1666 2991 1100,
1702 2950 1762 2984 vel
1796 2950 1918 2984 simile

147 3000 394 3034 iusiurandum
422 3002 531 3035 etiam
557 3002 624 3036 hoc
649 3005 822 3047 tempore,
848 3007 946 3048 puto,
973 3004 1172 3039 iurabatur.

267 3055 279 3074 ⁴
306 3054 474 3098 Inprimis
501 3055 655 3089 Simonis
681 3056 865 3090 Thaddaei
892 3057 994 3091 Eckii
1029 3057 1246 3098 cancellarii,
1282 3057 1343 3101 qui
1379 3057 1474 3101 apud
1501 3056 1690 3090 Albertum
1715 3055 1758 3090 V.
1785 3056 1916 3090 ducem

147 3107 364 3141 auctoritate
390 3106 583 3151 plurimum
611 3107 769 3142 valebat.
