<?xml version="1.0" encoding="UTF-8"?>
<!DOCTYPE html PUBLIC "-//W3C//DTD XHTML 1.0 Transitional//EN"
    "http://www.w3.org/TR/xhtml1/DTD/xhtml1-transitional.dtd">
<html xmlns="http://www.w3.org/1999/xhtml" xml:lang="en" lang="en">
 <head>
  <title>
</title>
<meta http-equiv="Content-Type" content="text/html;charset=utf-8" />
  <meta name='ocr-system' content='tesseract 3.04.00' />
  <meta name='ocr-capabilities' content='ocr_page ocr_carea ocr_par ocr_line ocrx_word'/>
</head>
<body>
  <div class='ocr_page' id='page_1' title='image "beatipetricanisi06cani_0336.png"; bbox 0 0 2044 3335; ppageno 0'>
   <div class='ocr_carea' id='block_1_1' title="bbox 128 114 1836 163">
    <p class='ocr_par' dir='ltr' id='par_1_1' title="bbox 128 114 1836 163">
     <span class='ocr_line' id='line_1_1' title="bbox 128 114 1836 163; baseline -0.002 -10"><span class='ocrx_word' id='word_1_1' title='bbox 128 121 211 163; x_wconf 80' lang='lat'>262</span> <span class='ocrx_word' id='word_1_2' title='bbox 295 119 395 153; x_wconf 84' lang='lat'>1616.</span> <span class='ocrx_word' id='word_1_3' title='bbox 423 118 461 152; x_wconf 82' lang='lat' dir='ltr'>P.</span> <span class='ocrx_word' id='word_1_4' title='bbox 482 118 615 152; x_wconf 84' lang='lat' dir='ltr'>Paulus</span> <span class='ocrx_word' id='word_1_5' title='bbox 642 118 812 151; x_wconf 86' lang='lat' dir='ltr'>Hoffaeus</span> <span class='ocrx_word' id='word_1_6' title='bbox 840 116 992 150; x_wconf 84' lang='lat' dir='ltr'>Canisio.</span> <span class='ocrx_word' id='word_1_7' title='bbox 1035 114 1234 160; x_wconf 87' lang='lat' dir='ltr'>Oeniponte</span> <span class='ocrx_word' id='word_1_8' title='bbox 1260 115 1355 150; x_wconf 88' lang='lat' dir='ltr'>circa</span> <span class='ocrx_word' id='word_1_9' title='bbox 1382 115 1517 149; x_wconf 86' lang='lat' dir='ltr'>exitum</span> <span class='ocrx_word' id='word_1_10' title='bbox 1545 127 1590 149; x_wconf 87' lang='lat' dir='ltr'>m.</span> <span class='ocrx_word' id='word_1_11' title='bbox 1610 115 1712 149; x_wconf 86' lang='lat' dir='ltr'>Febr.</span> <span class='ocrx_word' id='word_1_12' title='bbox 1735 115 1836 150; x_wconf 83' lang='lat'>1569.</span> 
     </span>
    </p>
   </div>
   <div class='ocr_carea' id='block_1_2' title="bbox 118 232 1884 1819">
    <p class='ocr_par' dir='ltr' id='par_1_2' title="bbox 118 232 1884 1819">
     <span class='ocr_line' id='line_1_2' title="bbox 243 232 1883 280; baseline -0.001 -10"><span class='ocrx_word' id='word_1_13' title='bbox 243 236 340 278; x_wconf 83' lang='lat' dir='ltr'>Quae</span> <span class='ocrx_word' id='word_1_14' title='bbox 367 236 409 269; x_wconf 91' lang='lat' dir='ltr'>de</span> <span class='ocrx_word' id='word_1_15' title='bbox 436 236 542 269; x_wconf 84' lang='lat' dir='ltr'>rebus</span> <span class='ocrx_word' id='word_1_16' title='bbox 568 247 630 280; x_wconf 85' lang='lat' dir='ltr'>per</span> <span class='ocrx_word' id='word_1_17' title='bbox 650 236 688 270; x_wconf 88' lang='lat' dir='ltr'>P.</span> <span class='ocrx_word' id='word_1_18' title='bbox 709 234 858 268; x_wconf 89' lang='lat' dir='ltr'>Paulum</span> <span class='ocrx_word' id='word_1_19' title='bbox 879 233 1066 267; x_wconf 89' lang='lat' dir='ltr'>Hoffaeum</span> <span class='ocrx_word' id='word_1_20' title='bbox 1086 232 1285 278; x_wconf 87' lang='lat' dir='ltr'>Oeniponte</span> <span class='ocrx_word' id='word_1_21' title='bbox 1304 233 1441 267; x_wconf 80' lang='lat' dir='ltr'>effectis</span> <span class='ocrx_word' id='word_1_22' title='bbox 1468 244 1488 267; x_wconf 88' lang='lat' dir='ltr'>a</span> <span class='ocrx_word' id='word_1_23' title='bbox 1508 232 1649 267; x_wconf 86' lang='lat' dir='ltr'>Canisio</span> <span class='ocrx_word' id='word_1_24' title='bbox 1668 233 1883 275; x_wconf 84' lang='lat' dir='ltr'>referuntur,</span> 
     </span>
     <span class='ocr_line' id='line_1_3' title="bbox 124 285 1883 331; baseline -0.002 -7"><span class='ocrx_word' id='word_1_25' title='bbox 124 290 306 325; x_wconf 88' lang='lat' dir='ltr'>commode</span> <span class='ocrx_word' id='word_1_26' title='bbox 343 289 570 323; x_wconf 78' lang='lat' dir='ltr'>illustrantur</span> <span class='ocrx_word' id='word_1_27' title='bbox 604 291 621 306; x_wconf 37' lang='grc' dir='ltr'>ἃ</span> <span class='ocrx_word' id='word_1_28' title='bbox 634 288 764 322; x_wconf 87' lang='lat' dir='ltr'>litteris</span> <span class='ocrx_word' id='word_1_29' title='bbox 802 287 845 321; x_wconf 89' lang='lat' dir='ltr'>ab</span> <span class='ocrx_word' id='word_1_30' title='bbox 884 287 960 331; x_wconf 82' lang='lat' dir='ltr'>ipso</span> <span class='ocrx_word' id='word_1_31' title='bbox 998 287 1148 329; x_wconf 82' lang='lat' dir='ltr'>Hoffaeo</span> <span class='ocrx_word' id='word_1_32' title='bbox 1184 285 1382 331; x_wconf 85' lang='lat' dir='ltr'>Oeniponte</span> <span class='ocrx_word' id='word_1_33' title='bbox 1415 286 1470 322; x_wconf 80' lang='lat'>20.</span> <span class='ocrx_word' id='word_1_34' title='bbox 1497 286 1682 320; x_wconf 83' lang='lat' dir='ltr'>Februarii</span> <span class='ocrx_word' id='word_1_35' title='bbox 1712 287 1800 321; x_wconf 82' lang='lat'>1569</span> <span class='ocrx_word' id='word_1_36' title='bbox 1837 287 1883 321; x_wconf 89' lang='lat' dir='ltr'>ad</span> 
     </span>
     <span class='ocr_line' id='line_1_4' title="bbox 126 338 1882 385; baseline -0.002 -8"><span class='ocrx_word' id='word_1_37' title='bbox 126 343 292 385; x_wconf 84' lang='lat' dir='ltr'>Borgiam</span> <span class='ocrx_word' id='word_1_38' title='bbox 328 342 440 376; x_wconf 81' lang='lat' dir='ltr'>datis:</span> <span class='ocrx_word' id='word_1_39' title='bbox 480 341 631 383; x_wconf 80' lang='lat' dir='ltr'>„Jnueni</span> <span class='ocrx_word' id='word_1_40' title='bbox 667 341 758 380; x_wconf 85' lang='lat' dir='ltr'>hic“‚</span> <span class='ocrx_word' id='word_1_41' title='bbox 797 340 914 384; x_wconf 88' lang='lat' dir='ltr'>inquit</span> <span class='ocrx_word' id='word_1_42' title='bbox 948 339 1128 380; x_wconf 80' lang='lat' dir='ltr'>Hoffaeus‚</span> <span class='ocrx_word' id='word_1_43' title='bbox 1165 338 1226 381; x_wconf 83' lang='lat' dir='ltr'>„R.</span> <span class='ocrx_word' id='word_1_44' title='bbox 1253 339 1292 373; x_wconf 90' lang='lat' dir='ltr'>P.</span> <span class='ocrx_word' id='word_1_45' title='bbox 1321 339 1503 373; x_wconf 86' lang='lat' dir='ltr'>Canisium</span> <span class='ocrx_word' id='word_1_46' title='bbox 1542 340 1603 382; x_wconf 87' lang='lat' dir='ltr'>qui</span> <span class='ocrx_word' id='word_1_47' title='bbox 1638 339 1755 373; x_wconf 84' lang='lat' dir='ltr'>onmia</span> <span class='ocrx_word' id='word_1_48' title='bbox 1790 340 1882 385; x_wconf 89' lang='lat' dir='ltr'>apud</span> 
     </span>
     <span class='ocr_line' id='line_1_5' title="bbox 125 391 1882 438; baseline -0.001 -9"><span class='ocrx_word' id='word_1_49' title='bbox 125 395 361 430; x_wconf 83' lang='lat' dir='ltr'>Archiducem</span> <span class='ocrx_word' id='word_1_50' title='bbox 398 397 434 428; x_wconf 86' lang='lat' dir='ltr'>et</span> <span class='ocrx_word' id='word_1_51' title='bbox 460 394 617 437; x_wconf 78' lang='lat' dir='ltr'>Reginas</span> <span class='ocrx_word' id='word_1_52' title='bbox 644 393 864 438; x_wconf 83' lang='lat' dir='ltr'>expedienda</span> <span class='ocrx_word' id='word_1_53' title='bbox 899 393 934 426; x_wconf 92' lang='lat' dir='ltr'>in</span> <span class='ocrx_word' id='word_1_54' title='bbox 969 403 1025 425; x_wconf 90' lang='lat' dir='ltr'>me</span> <span class='ocrx_word' id='word_1_55' title='bbox 1051 392 1175 426; x_wconf 89' lang='lat' dir='ltr'>reiecit</span> <span class='ocrx_word' id='word_1_56' title='bbox 1211 394 1247 426; x_wconf 89' lang='lat' dir='ltr'>et</span> <span class='ocrx_word' id='word_1_57' title='bbox 1272 391 1361 437; x_wconf 85' lang='lat' dir='ltr'>abijt</span> <span class='ocrx_word' id='word_1_58' title='bbox 1387 393 1588 435; x_wconf 74' lang='lat' dir='ltr'><strong>Augustam</strong></span> <span class='ocrx_word' id='word_1_59' title='bbox 1617 392 1676 426; x_wconf 91' lang='lat' dir='ltr'>vbi</span> <span class='ocrx_word' id='word_1_60' title='bbox 1702 404 1780 427; x_wconf 87' lang='lat' dir='ltr'>meo</span> <span class='ocrx_word' id='word_1_61' title='bbox 1806 393 1882 428; x_wconf 90' lang='lat' dir='ltr'>loco</span> 
     </span>
     <span class='ocr_line' id='line_1_6' title="bbox 123 446 1883 490; baseline -0.001 -8"><span class='ocrx_word' id='word_1_62' title='bbox 123 449 158 482; x_wconf 89' lang='lat' dir='ltr'>in</span> <span class='ocrx_word' id='word_1_63' title='bbox 185 449 218 482; x_wconf 90' lang='lat' dir='ltr'>S.</span> <span class='ocrx_word' id='word_1_64' title='bbox 239 449 406 482; x_wconf 86' lang='lat' dir='ltr'>Mauritio</span> <span class='ocrx_word' id='word_1_65' title='bbox 433 447 706 481; x_wconf 84' lang='lat' dir='ltr'>concionaturus</span> <span class='ocrx_word' id='word_1_66' title='bbox 731 451 796 480; x_wconf 89' lang='lat' dir='ltr'>est.</span> <span class='ocrx_word' id='word_1_67' title='bbox 893 446 1065 489; x_wconf 84' lang='lat' dir='ltr'>Princeps</span> <span class='ocrx_word' id='word_1_68' title='bbox 1153 447 1342 479; x_wconf 87' lang='lat' dir='ltr'>contentus</span> <span class='ocrx_word' id='word_1_69' title='bbox 1369 448 1425 479; x_wconf 88' lang='lat' dir='ltr'>est</span> <span class='ocrx_word' id='word_1_70' title='bbox 1451 447 1491 479; x_wconf 87' lang='lat' dir='ltr'>vt</span> <span class='ocrx_word' id='word_1_71' title='bbox 1517 456 1583 487; x_wconf 83' lang='lat' dir='ltr'>ego</span> <span class='ocrx_word' id='word_1_72' title='bbox 1609 448 1750 480; x_wconf 87' lang='lat' dir='ltr'>tantum</span> <span class='ocrx_word' id='word_1_73' title='bbox 1769 458 1883 490; x_wconf 80' lang='lat' dir='ltr'>Vsque</span> 
     </span>
     <span class='ocr_line' id='line_1_7' title="bbox 124 498 1882 543; baseline -0.001 -8"><span class='ocrx_word' id='word_1_74' title='bbox 124 502 167 535; x_wconf 89' lang='lat' dir='ltr'>ad</span> <span class='ocrx_word' id='word_1_75' title='bbox 195 501 335 535; x_wconf 79' lang='lat' dir='ltr'><strong>Pascha</strong></span> <span class='ocrx_word' id='word_1_76' title='bbox 361 501 396 534; x_wconf 92' lang='lat' dir='ltr'>in</span> <span class='ocrx_word' id='word_1_77' title='bbox 423 500 598 535; x_wconf 86' lang='lat' dir='ltr'>Parochia</span> <span class='ocrx_word' id='word_1_78' title='bbox 625 500 823 540; x_wconf 78' lang='lat' dir='ltr'>concioner‚</span> <span class='ocrx_word' id='word_1_79' title='bbox 860 498 1160 543; x_wconf 83' lang='lat' dir='ltr'>quemadmodum</span> <span class='ocrx_word' id='word_1_80' title='bbox 1186 498 1272 532; x_wconf 90' lang='lat' dir='ltr'>mihi</span> <span class='ocrx_word' id='word_1_81' title='bbox 1299 510 1370 532; x_wconf 92' lang='lat' dir='ltr'>vna</span> <span class='ocrx_word' id='word_1_82' title='bbox 1405 510 1485 532; x_wconf 88' lang='lat' dir='ltr'>cum</span> <span class='ocrx_word' id='word_1_83' title='bbox 1512 500 1694 533; x_wconf 86' lang='lat' dir='ltr'>rectoratu</span> <span class='ocrx_word' id='word_1_84' title='bbox 1728 499 1795 533; x_wconf 90' lang='lat' dir='ltr'>hoc</span> <span class='ocrx_word' id='word_1_85' title='bbox 1820 499 1882 534; x_wconf 88' lang='lat' dir='ltr'>im-</span> 
     </span>
     <span class='ocr_line' id='line_1_8' title="bbox 123 551 1883 600; baseline -0.002 -11"><span class='ocrx_word' id='word_1_86' title='bbox 123 555 243 600; x_wconf 90' lang='lat' dir='ltr'>posuit</span> <span class='ocrx_word' id='word_1_87' title='bbox 277 554 315 589; x_wconf 82' lang='lat' dir='ltr'>P.</span> <span class='ocrx_word' id='word_1_88' title='bbox 344 553 510 588; x_wconf 86' lang='lat' dir='ltr'>Canisius</span> <span class='ocrx_word' id='word_1_89' title='bbox 538 580 545 587; x_wconf 93' lang='lat'>.</span> <span class='ocrx_word' id='word_1_90' title='bbox 566 581 573 587; x_wconf 94' lang='lat'>.</span> <span class='ocrx_word' id='word_1_91' title='bbox 593 581 600 587; x_wconf 91' lang='lat'>.</span> <span class='ocrx_word' id='word_1_92' title='bbox 627 555 707 598; x_wconf 88' lang='lat' dir='ltr'>post</span> <span class='ocrx_word' id='word_1_93' title='bbox 743 552 877 597; x_wconf 85' lang='lat' dir='ltr'>pascha</span> <span class='ocrx_word' id='word_1_94' title='bbox 912 564 997 586; x_wconf 90' lang='lat' dir='ltr'>vero</span> <span class='ocrx_word' id='word_1_95' title='bbox 1033 553 1182 594; x_wconf 85' lang='lat' dir='ltr'>cogetur</span> <span class='ocrx_word' id='word_1_96' title='bbox 1216 551 1369 596; x_wconf 78' lang='lat' dir='ltr'>ipsemet</span> <span class='ocrx_word' id='word_1_97' title='bbox 1404 551 1610 585; x_wconf 86' lang='lat' dir='ltr'>Parochus¹</span> <span class='ocrx_word' id='word_1_98' title='bbox 1647 552 1683 585; x_wconf 92' lang='lat' dir='ltr'>in</span> <span class='ocrx_word' id='word_1_99' title='bbox 1709 551 1883 586; x_wconf 90' lang='lat' dir='ltr'>Parochia</span> 
     </span>
     <span class='ocr_line' id='line_1_9' title="bbox 123 604 1883 652; baseline -0.001 -10"><span class='ocrx_word' id='word_1_100' title='bbox 123 607 335 652; x_wconf 85' lang='lat' dir='ltr'>concionarj.</span> <span class='ocrx_word' id='word_1_101' title='bbox 463 607 628 641; x_wconf 82' lang='lat' dir='ltr'>Arbitror</span> <span class='ocrx_word' id='word_1_102' title='bbox 664 606 827 641; x_wconf 86' lang='lat' dir='ltr'>confecta</span> <span class='ocrx_word' id='word_1_103' title='bbox 863 605 980 639; x_wconf 82' lang='lat' dir='ltr'>onmia</span> <span class='ocrx_word' id='word_1_104' title='bbox 1016 616 1095 639; x_wconf 82' lang='lat' dir='ltr'>esse</span> <span class='ocrx_word' id='word_1_105' title='bbox 1131 615 1222 648; x_wconf 90' lang='lat' dir='ltr'>quae</span> <span class='ocrx_word' id='word_1_106' title='bbox 1249 605 1288 638; x_wconf 90' lang='lat' dir='ltr'>P.</span> <span class='ocrx_word' id='word_1_107' title='bbox 1308 604 1350 638; x_wconf 79' lang='lat' dir='ltr'>V.</span> <span class='ocrx_word' id='word_1_108' title='bbox 1378 604 1464 638; x_wconf 86' lang='lat' dir='ltr'>mihi</span> <span class='ocrx_word' id='word_1_109' title='bbox 1500 605 1774 645; x_wconf 78' lang='lat' dir='ltr'>commendauit,</span> <span class='ocrx_word' id='word_1_110' title='bbox 1809 606 1883 640; x_wconf 93' lang='lat' dir='ltr'>Deo</span> 
     </span>
     <span class='ocr_line' id='line_1_10' title="bbox 122 657 1883 702; baseline -0.001 -8"><span class='ocrx_word' id='word_1_111' title='bbox 122 661 212 695; x_wconf 87' lang='lat' dir='ltr'>laus.</span> <span class='ocrx_word' id='word_1_112' title='bbox 241 687 248 695; x_wconf 86' lang='lat'>.</span> <span class='ocrx_word' id='word_1_113' title='bbox 269 689 274 695; x_wconf 96' lang='lat'>.</span> <span class='ocrx_word' id='word_1_114' title='bbox 295 689 302 696; x_wconf 85' lang='lat'>.</span> <span class='ocrx_word' id='word_1_115' title='bbox 339 659 415 701; x_wconf 84' lang='lat' dir='ltr'>Quo</span> <span class='ocrx_word' id='word_1_116' title='bbox 450 660 494 694; x_wconf 87' lang='lat' dir='ltr'>ad</span> <span class='ocrx_word' id='word_1_117' title='bbox 521 660 662 694; x_wconf 87' lang='lat' dir='ltr'>domum</span> <span class='ocrx_word' id='word_1_118' title='bbox 690 659 883 693; x_wconf 88' lang='lat' dir='ltr'>Halensem</span> <span class='ocrx_word' id='word_1_119' title='bbox 911 660 1101 692; x_wconf 84' lang='lat' dir='ltr'>contentus</span> <span class='ocrx_word' id='word_1_120' title='bbox 1128 659 1183 691; x_wconf 88' lang='lat' dir='ltr'>est</span> <span class='ocrx_word' id='word_1_121' title='bbox 1210 657 1381 702; x_wconf 81' lang='lat' dir='ltr'>Princeps</span> <span class='ocrx_word' id='word_1_122' title='bbox 1417 660 1453 691; x_wconf 87' lang='lat' dir='ltr'>et</span> <span class='ocrx_word' id='word_1_123' title='bbox 1479 657 1644 692; x_wconf 87' lang='lat' dir='ltr'>similiter</span> <span class='ocrx_word' id='word_1_124' title='bbox 1669 659 1816 701; x_wconf 82' lang='lat' dir='ltr'>reginae</span> <span class='ocrx_word' id='word_1_125' title='bbox 1842 661 1883 692; x_wconf 83' lang='lat' dir='ltr'>vt</span> 
     </span>
     <span class='ocr_line' id='line_1_11' title="bbox 123 710 1882 757; baseline -0.001 -9"><span class='ocrx_word' id='word_1_126' title='bbox 123 714 283 748; x_wconf 81' lang='lat' dir='ltr'>Societas</span> <span class='ocrx_word' id='word_1_127' title='bbox 308 714 444 747; x_wconf 88' lang='lat' dir='ltr'>nullam</span> <span class='ocrx_word' id='word_1_128' title='bbox 471 713 603 747; x_wconf 85' lang='lat' dir='ltr'>habeat</span> <span class='ocrx_word' id='word_1_129' title='bbox 628 724 749 747; x_wconf 86' lang='lat' dir='ltr'>curam</span> <span class='ocrx_word' id='word_1_130' title='bbox 777 711 1002 757; x_wconf 88' lang='lat' dir='ltr'>spiritualem</span> <span class='ocrx_word' id='word_1_131' title='bbox 1029 710 1211 754; x_wconf 83' lang='lat' dir='ltr'>virginum</span> <span class='ocrx_word' id='word_1_132' title='bbox 1243 711 1304 745; x_wconf 90' lang='lat' dir='ltr'>sed</span> <span class='ocrx_word' id='word_1_133' title='bbox 1332 713 1372 744; x_wconf 89' lang='lat' dir='ltr'>vt</span> <span class='ocrx_word' id='word_1_134' title='bbox 1397 711 1491 744; x_wconf 89' lang='lat' dir='ltr'>nuda</span> <span class='ocrx_word' id='word_1_135' title='bbox 1518 710 1738 756; x_wconf 84' lang='lat' dir='ltr'>Confessarij</span> <span class='ocrx_word' id='word_1_136' title='bbox 1766 711 1882 746; x_wconf 87' lang='lat' dir='ltr'>officia</span> 
     </span>
     <span class='ocr_line' id='line_1_12' title="bbox 123 763 1883 811; baseline -0.001 -10"><span class='ocrx_word' id='word_1_137' title='bbox 123 767 237 801; x_wconf 83' lang='lat' dir='ltr'>obeat.</span> <span class='ocrx_word' id='word_1_138' title='bbox 275 767 311 802; x_wconf 70' lang='lat'>29</span> <span class='ocrx_word' id='word_1_139' title='bbox 336 769 377 801; x_wconf 86' lang='lat' dir='ltr'>vt</span> <span class='ocrx_word' id='word_1_140' title='bbox 402 767 491 800; x_wconf 89' lang='lat' dir='ltr'>nihil</span> <span class='ocrx_word' id='word_1_141' title='bbox 526 766 639 811; x_wconf 83' lang='lat' dir='ltr'>nostrj</span> <span class='ocrx_word' id='word_1_142' title='bbox 667 766 831 810; x_wconf 85' lang='lat' dir='ltr'>occupati</span> <span class='ocrx_word' id='word_1_143' title='bbox 867 765 940 799; x_wconf 88' lang='lat' dir='ltr'>sint</span> <span class='ocrx_word' id='word_1_144' title='bbox 966 765 1001 798; x_wconf 88' lang='lat' dir='ltr'>in</span> <span class='ocrx_word' id='word_1_145' title='bbox 1028 763 1153 808; x_wconf 88' lang='lat' dir='ltr'>templi</span> <span class='ocrx_word' id='word_1_146' title='bbox 1180 775 1266 797; x_wconf 88' lang='lat' dir='ltr'>cura</span> <span class='ocrx_word' id='word_1_147' title='bbox 1301 764 1363 797; x_wconf 86' lang='lat' dir='ltr'>sed</span> <span class='ocrx_word' id='word_1_148' title='bbox 1391 766 1431 797; x_wconf 83' lang='lat' dir='ltr'>vt</span> <span class='ocrx_word' id='word_1_149' title='bbox 1464 763 1554 798; x_wconf 89' lang='lat' dir='ltr'>alios</span> <span class='ocrx_word' id='word_1_150' title='bbox 1590 764 1750 798; x_wconf 90' lang='lat' dir='ltr'>homines</span> <span class='ocrx_word' id='word_1_151' title='bbox 1784 765 1883 809; x_wconf 85' lang='lat' dir='ltr'>ipsae</span> 
     </span>
     <span class='ocr_line' id='line_1_13' title="bbox 121 816 1882 864; baseline -0.002 -10"><span class='ocrx_word' id='word_1_152' title='bbox 121 820 277 854; x_wconf 78' lang='lat' dir='ltr'>habeant</span> <span class='ocrx_word' id='word_1_153' title='bbox 311 820 371 864; x_wconf 91' lang='lat' dir='ltr'>qui</span> <span class='ocrx_word' id='word_1_154' title='bbox 407 822 594 854; x_wconf 85' lang='lat' dir='ltr'>externum</span> <span class='ocrx_word' id='word_1_155' title='bbox 631 819 764 853; x_wconf 89' lang='lat' dir='ltr'>cultum</span> <span class='ocrx_word' id='word_1_156' title='bbox 792 818 1054 853; x_wconf 75' lang='lat' dir='ltr'>administrent.</span> <span class='ocrx_word' id='word_1_157' title='bbox 1091 817 1128 851; x_wconf 71' lang='lat'>39</span> <span class='ocrx_word' id='word_1_158' title='bbox 1154 819 1195 851; x_wconf 89' lang='lat' dir='ltr'>vt</span> <span class='ocrx_word' id='word_1_159' title='bbox 1222 816 1382 851; x_wconf 81' lang='lat' dir='ltr'>Societas</span> <span class='ocrx_word' id='word_1_160' title='bbox 1418 819 1500 862; x_wconf 86' lang='lat' dir='ltr'>post</span> <span class='ocrx_word' id='word_1_161' title='bbox 1524 818 1637 851; x_wconf 87' lang='lat' dir='ltr'>vitam</span> <span class='ocrx_word' id='word_1_162' title='bbox 1664 816 1882 861; x_wconf 84' lang='lat' dir='ltr'>Reginarum</span> 
     </span>
     <span class='ocr_line' id='line_1_14' title="bbox 122 870 1882 918; baseline -0.002 -10"><span class='ocrx_word' id='word_1_163' title='bbox 122 874 255 908; x_wconf 87' lang='lat' dir='ltr'>nullam</span> <span class='ocrx_word' id='word_1_164' title='bbox 282 874 424 918; x_wconf 87' lang='lat' dir='ltr'>penitus</span> <span class='ocrx_word' id='word_1_165' title='bbox 443 873 623 916; x_wconf 82' lang='lat' dir='ltr'>virginum</span> <span class='ocrx_word' id='word_1_166' title='bbox 652 884 773 906; x_wconf 88' lang='lat' dir='ltr'>curam</span> <span class='ocrx_word' id='word_1_167' title='bbox 800 872 933 905; x_wconf 88' lang='lat' dir='ltr'>habeat</span> <span class='ocrx_word' id='word_1_168' title='bbox 958 871 1022 905; x_wconf 88' lang='lat' dir='ltr'>sed</span> <span class='ocrx_word' id='word_1_169' title='bbox 1048 873 1189 904; x_wconf 89' lang='lat' dir='ltr'>tantum</span> <span class='ocrx_word' id='word_1_170' title='bbox 1216 870 1373 915; x_wconf 87' lang='lat' dir='ltr'>excipiat</span> <span class='ocrx_word' id='word_1_171' title='bbox 1399 881 1521 904; x_wconf 88' lang='lat' dir='ltr'>earum</span> <span class='ocrx_word' id='word_1_172' title='bbox 1545 870 1788 905; x_wconf 85' lang='lat' dir='ltr'>confessiones</span> <span class='ocrx_word' id='word_1_173' title='bbox 1814 883 1882 905; x_wconf 91' lang='lat' dir='ltr'>non</span> 
     </span>
     <span class='ocr_line' id='line_1_15' title="bbox 121 923 1883 970; baseline -0.001 -10"><span class='ocrx_word' id='word_1_174' title='bbox 121 927 156 960; x_wconf 88' lang='lat' dir='ltr'>in</span> <span class='ocrx_word' id='word_1_175' title='bbox 184 927 400 970; x_wconf 83' lang='lat' dir='ltr'>Reginarum</span> <span class='ocrx_word' id='word_1_176' title='bbox 437 926 499 960; x_wconf 84' lang='lat' dir='ltr'>sed</span> <span class='ocrx_word' id='word_1_177' title='bbox 526 926 561 959; x_wconf 91' lang='lat' dir='ltr'>in</span> <span class='ocrx_word' id='word_1_178' title='bbox 588 925 779 960; x_wconf 85' lang='lat' dir='ltr'>Societatis</span> <span class='ocrx_word' id='word_1_179' title='bbox 805 924 949 969; x_wconf 88' lang='lat' dir='ltr'>templo.</span> <span class='ocrx_word' id='word_1_180' title='bbox 983 925 1020 959; x_wconf 61' lang='lat'>4?</span> <span class='ocrx_word' id='word_1_181' title='bbox 1047 923 1168 968; x_wconf 85' lang='lat' dir='ltr'>placet</span> <span class='ocrx_word' id='word_1_182' title='bbox 1193 925 1299 957; x_wconf 89' lang='lat' dir='ltr'>etiam</span> <span class='ocrx_word' id='word_1_183' title='bbox 1328 925 1369 957; x_wconf 89' lang='lat' dir='ltr'>vt</span> <span class='ocrx_word' id='word_1_184' title='bbox 1393 923 1506 969; x_wconf 86' lang='lat' dir='ltr'>nostrj</span> <span class='ocrx_word' id='word_1_185' title='bbox 1541 936 1610 958; x_wconf 91' lang='lat' dir='ltr'>non</span> <span class='ocrx_word' id='word_1_186' title='bbox 1637 924 1797 968; x_wconf 85' lang='lat' dir='ltr'>proxime</span> <span class='ocrx_word' id='word_1_187' title='bbox 1823 924 1883 958; x_wconf 88' lang='lat' dir='ltr'>ha-</span> 
     </span>
     <span class='ocr_line' id='line_1_16' title="bbox 122 976 1884 1024; baseline -0.002 -10"><span class='ocrx_word' id='word_1_188' title='bbox 122 980 237 1014; x_wconf 88' lang='lat' dir='ltr'>bitent</span> <span class='ocrx_word' id='word_1_189' title='bbox 263 980 305 1014; x_wconf 87' lang='lat' dir='ltr'>ad</span> <span class='ocrx_word' id='word_1_190' title='bbox 332 980 489 1024; x_wconf 89' lang='lat' dir='ltr'>ipsarum</span> <span class='ocrx_word' id='word_1_191' title='bbox 517 979 639 1019; x_wconf 84' lang='lat' dir='ltr'>aedes,</span> <span class='ocrx_word' id='word_1_192' title='bbox 676 979 738 1012; x_wconf 88' lang='lat' dir='ltr'>sed</span> <span class='ocrx_word' id='word_1_193' title='bbox 765 978 809 1012; x_wconf 87' lang='lat' dir='ltr'>ad</span> <span class='ocrx_word' id='word_1_194' title='bbox 837 989 914 1012; x_wconf 89' lang='lat' dir='ltr'>eam</span> <span class='ocrx_word' id='word_1_195' title='bbox 942 977 1151 1011; x_wconf 83' lang='lat' dir='ltr'>distantiam</span> <span class='ocrx_word' id='word_1_196' title='bbox 1178 988 1269 1021; x_wconf 86' lang='lat' dir='ltr'>quae</span> <span class='ocrx_word' id='word_1_197' title='bbox 1295 977 1496 1021; x_wconf 87' lang='lat' dir='ltr'>suspicione</span> <span class='ocrx_word' id='word_1_198' title='bbox 1523 976 1617 1022; x_wconf 87' lang='lat' dir='ltr'>omnj</span> <span class='ocrx_word' id='word_1_199' title='bbox 1645 980 1766 1012; x_wconf 88' lang='lat' dir='ltr'>careat</span> <span class='ocrx_word' id='word_1_200' title='bbox 1792 989 1884 1022; x_wconf 85' lang='lat' dir='ltr'>quae</span> 
     </span>
     <span class='ocr_line' id='line_1_17' title="bbox 121 1029 1883 1076; baseline -0.001 -9"><span class='ocrx_word' id='word_1_201' title='bbox 121 1045 142 1066; x_wconf 89' lang='lat' dir='ltr'>a</span> <span class='ocrx_word' id='word_1_202' title='bbox 175 1033 243 1067; x_wconf 87' lang='lat' dir='ltr'>loci</span> <span class='ocrx_word' id='word_1_203' title='bbox 270 1033 456 1067; x_wconf 86' lang='lat' dir='ltr'>vicinitate</span> <span class='ocrx_word' id='word_1_204' title='bbox 491 1032 574 1066; x_wconf 88' lang='lat' dir='ltr'>oriri</span> <span class='ocrx_word' id='word_1_205' title='bbox 602 1032 754 1076; x_wconf 84' lang='lat' dir='ltr'>posset.“</span> <span class='ocrx_word' id='word_1_206' title='bbox 809 1031 934 1065; x_wconf 87' lang='lat' dir='ltr'>Placet</span> <span class='ocrx_word' id='word_1_207' title='bbox 969 1032 1167 1076; x_wconf 80' lang='lat' dir='ltr'>praeterea,</span> <span class='ocrx_word' id='word_1_208' title='bbox 1207 1032 1268 1073; x_wconf 80' lang='lat' dir='ltr'>„vt</span> <span class='ocrx_word' id='word_1_209' title='bbox 1293 1033 1374 1074; x_wconf 87' lang='lat' dir='ltr'>post</span> <span class='ocrx_word' id='word_1_210' title='bbox 1401 1029 1619 1073; x_wconf 81' lang='lat' dir='ltr'>Reginarum</span> <span class='ocrx_word' id='word_1_211' title='bbox 1647 1033 1797 1065; x_wconf 89' lang='lat' dir='ltr'>mortem</span> <span class='ocrx_word' id='word_1_212' title='bbox 1824 1030 1883 1065; x_wconf 89' lang='lat' dir='ltr'>So-</span> 
     </span>
     <span class='ocr_line' id='line_1_18' title="bbox 121 1083 1882 1130; baseline -0.002 -10"><span class='ocrx_word' id='word_1_213' title='bbox 121 1086 232 1120; x_wconf 85' lang='lat' dir='ltr'>cietas</span> <span class='ocrx_word' id='word_1_214' title='bbox 257 1086 388 1120; x_wconf 84' lang='lat' dir='ltr'>habeat</span> <span class='ocrx_word' id='word_1_215' title='bbox 423 1088 459 1119; x_wconf 91' lang='lat' dir='ltr'>et</span> <span class='ocrx_word' id='word_1_216' title='bbox 483 1088 595 1119; x_wconf 88' lang='lat' dir='ltr'>totam</span> <span class='ocrx_word' id='word_1_217' title='bbox 623 1085 782 1130; x_wconf 88' lang='lat' dir='ltr'>ipsarum</span> <span class='ocrx_word' id='word_1_218' title='bbox 809 1085 951 1118; x_wconf 90' lang='lat' dir='ltr'>domum</span> <span class='ocrx_word' id='word_1_219' title='bbox 979 1087 1016 1117; x_wconf 85' lang='lat' dir='ltr'>et</span> <span class='ocrx_word' id='word_1_220' title='bbox 1040 1083 1225 1128; x_wconf 87' lang='lat' dir='ltr'>templum,</span> <span class='ocrx_word' id='word_1_221' title='bbox 1261 1083 1499 1126; x_wconf 85' lang='lat' dir='ltr'>migrantibus</span> <span class='ocrx_word' id='word_1_222' title='bbox 1526 1083 1727 1126; x_wconf 80' lang='lat' dir='ltr'>virginibus</span> <span class='ocrx_word' id='word_1_223' title='bbox 1759 1085 1795 1117; x_wconf 88' lang='lat' dir='ltr'>in</span> <span class='ocrx_word' id='word_1_224' title='bbox 1821 1083 1882 1117; x_wconf 91' lang='lat' dir='ltr'>ali—</span> 
     </span>
     <span class='ocr_line' id='line_1_19' title="bbox 120 1136 1882 1183; baseline -0.002 -10"><span class='ocrx_word' id='word_1_225' title='bbox 120 1151 226 1183; x_wconf 87' lang='lat' dir='ltr'>quam</span> <span class='ocrx_word' id='word_1_226' title='bbox 252 1139 421 1173; x_wconf 89' lang='lat' dir='ltr'>viciniam</span> <span class='ocrx_word' id='word_1_227' title='bbox 457 1139 487 1173; x_wconf 90' lang='lat' dir='ltr'>si</span> <span class='ocrx_word' id='word_1_228' title='bbox 522 1150 613 1183; x_wconf 88' lang='lat' dir='ltr'>quae</span> <span class='ocrx_word' id='word_1_229' title='bbox 649 1138 927 1182; x_wconf 85' lang='lat' dir='ltr'>superuixerint,</span> <span class='ocrx_word' id='word_1_230' title='bbox 963 1136 1082 1171; x_wconf 80' lang='lat' dir='ltr'>nullas</span> <span class='ocrx_word' id='word_1_231' title='bbox 1117 1137 1212 1170; x_wconf 88' lang='lat' dir='ltr'>enim</span> <span class='ocrx_word' id='word_1_232' title='bbox 1248 1139 1389 1181; x_wconf 88' lang='lat' dir='ltr'>praeter</span> <span class='ocrx_word' id='word_1_233' title='bbox 1417 1136 1460 1170; x_wconf 81' lang='lat'>12</span> <span class='ocrx_word' id='word_1_234' title='bbox 1493 1137 1551 1170; x_wconf 89' lang='lat' dir='ltr'>vel</span> <span class='ocrx_word' id='word_1_235' title='bbox 1580 1137 1623 1171; x_wconf 90' lang='lat'>14</span> <span class='ocrx_word' id='word_1_236' title='bbox 1650 1148 1739 1181; x_wconf 85' lang='lat' dir='ltr'>quas</span> <span class='ocrx_word' id='word_1_237' title='bbox 1774 1137 1882 1170; x_wconf 86' lang='lat' dir='ltr'>habet</span> 
     </span>
     <span class='ocr_line' id='line_1_20' title="bbox 119 1189 1881 1235; baseline -0.002 -9"><span class='ocrx_word' id='word_1_238' title='bbox 119 1192 257 1235; x_wconf 82' lang='lat' dir='ltr'>Regina</span> <span class='ocrx_word' id='word_1_239' title='bbox 292 1192 382 1226; x_wconf 89' lang='lat' dir='ltr'>alias</span> <span class='ocrx_word' id='word_1_240' title='bbox 408 1203 591 1226; x_wconf 84' lang='lat' dir='ltr'>assumere</span> <span class='ocrx_word' id='word_1_241' title='bbox 617 1191 731 1225; x_wconf 85' lang='lat' dir='ltr'>vult“.</span> <span class='ocrx_word' id='word_1_242' title='bbox 782 1190 943 1233; x_wconf 81' lang='lat' dir='ltr'>Exigunt</span> <span class='ocrx_word' id='word_1_243' title='bbox 978 1193 1116 1230; x_wconf 78' lang='lat' dir='ltr'>autem,</span> <span class='ocrx_word' id='word_1_244' title='bbox 1149 1194 1188 1223; x_wconf 83' lang='lat' dir='ltr'>ut</span> <span class='ocrx_word' id='word_1_245' title='bbox 1223 1189 1385 1224; x_wconf 83' lang='lat' dir='ltr'>Societas</span> <span class='ocrx_word' id='word_1_246' title='bbox 1417 1189 1591 1234; x_wconf 82' lang='lat' dir='ltr'>paulatim</span> <span class='ocrx_word' id='word_1_247' title='bbox 1626 1190 1683 1224; x_wconf 85' lang='lat' dir='ltr'>vel</span> <span class='ocrx_word' id='word_1_248' title='bbox 1719 1202 1788 1224; x_wconf 91' lang='lat' dir='ltr'>uno</span> <span class='ocrx_word' id='word_1_249' title='bbox 1823 1189 1881 1224; x_wconf 88' lang='lat' dir='ltr'>vel</span> 
     </span>
     <span class='ocr_line' id='line_1_21' title="bbox 119 1242 1881 1288; baseline -0.002 -8"><span class='ocrx_word' id='word_1_250' title='bbox 119 1246 256 1280; x_wconf 86' lang='lat' dir='ltr'>duobus</span> <span class='ocrx_word' id='word_1_251' title='bbox 291 1246 349 1279; x_wconf 86' lang='lat' dir='ltr'>vel</span> <span class='ocrx_word' id='word_1_252' title='bbox 382 1245 498 1279; x_wconf 89' lang='lat' dir='ltr'>tribus</span> <span class='ocrx_word' id='word_1_253' title='bbox 534 1245 636 1279; x_wconf 82' lang='lat' dir='ltr'>annis</span> <span class='ocrx_word' id='word_1_254' title='bbox 668 1243 934 1287; x_wconf 59' lang='lat' dir='ltr'>„collegioluw</span> <span class='ocrx_word' id='word_1_255' title='bbox 969 1244 1010 1277; x_wconf 82' lang='lat'>15</span> <span class='ocrx_word' id='word_1_256' title='bbox 1037 1243 1095 1277; x_wconf 82' lang='lat' dir='ltr'>vel</span> <span class='ocrx_word' id='word_1_257' title='bbox 1127 1243 1167 1277; x_wconf 77' lang='lat'>18</span> <span class='ocrx_word' id='word_1_258' title='bbox 1194 1243 1253 1277; x_wconf 90' lang='lat' dir='ltr'>vel</span> <span class='ocrx_word' id='word_1_259' title='bbox 1291 1242 1447 1288; x_wconf 87' lang='lat' dir='ltr'>plurium</span> <span class='ocrx_word' id='word_1_260' title='bbox 1473 1243 1655 1278; x_wconf 87' lang='lat' dir='ltr'>Sociorum</span> <span class='ocrx_word' id='word_1_261' title='bbox 1683 1243 1797 1277; x_wconf 88' lang='lat' dir='ltr'>Halae</span> <span class='ocrx_word' id='word_1_262' title='bbox 1831 1243 1881 1277; x_wconf 91' lang='lat' dir='ltr'>in-</span> 
     </span>
     <span class='ocr_line' id='line_1_22' title="bbox 118 1296 1882 1341; baseline -0.002 -8"><span class='ocrx_word' id='word_1_263' title='bbox 118 1299 256 1341; x_wconf 83' lang='lat' dir='ltr'>stituat,</span> <span class='ocrx_word' id='word_1_264' title='bbox 291 1299 368 1333; x_wconf 89' lang='lat' dir='ltr'>sive</span> <span class='ocrx_word' id='word_1_265' title='bbox 403 1298 535 1332; x_wconf 89' lang='lat' dir='ltr'>novicii</span> <span class='ocrx_word' id='word_1_266' title='bbox 570 1298 606 1332; x_wconf 92' lang='lat' dir='ltr'>in</span> <span class='ocrx_word' id='word_1_267' title='bbox 642 1309 682 1332; x_wconf 90' lang='lat' dir='ltr'>eo</span> <span class='ocrx_word' id='word_1_268' title='bbox 708 1298 850 1341; x_wconf 83' lang='lat' dir='ltr'>degant,</span> <span class='ocrx_word' id='word_1_269' title='bbox 887 1297 966 1331; x_wconf 90' lang='lat' dir='ltr'>sive</span> <span class='ocrx_word' id='word_1_270' title='bbox 1001 1296 1146 1331; x_wconf 85' lang='lat' dir='ltr'>scholae</span> <span class='ocrx_word' id='word_1_271' title='bbox 1172 1296 1392 1335; x_wconf 84' lang='lat' dir='ltr'>habeantur;</span> <span class='ocrx_word' id='word_1_272' title='bbox 1431 1297 1523 1340; x_wconf 84' lang='lat' dir='ltr'>quod</span> <span class='ocrx_word' id='word_1_273' title='bbox 1551 1296 1776 1340; x_wconf 83' lang='lat' dir='ltr'>collegiolum</span> <span class='ocrx_word' id='word_1_274' title='bbox 1813 1297 1882 1341; x_wconf 90' lang='lat' dir='ltr'>ipsi</span> 
     </span>
     <span class='ocr_line' id='line_1_23' title="bbox 119 1349 1882 1394; baseline -0.002 -8"><span class='ocrx_word' id='word_1_275' title='bbox 119 1352 212 1387; x_wconf 87' lang='lat' dir='ltr'>Socii</span> <span class='ocrx_word' id='word_1_276' title='bbox 246 1352 387 1386; x_wconf 88' lang='lat' dir='ltr'>omnino</span> <span class='ocrx_word' id='word_1_277' title='bbox 422 1351 533 1385; x_wconf 89' lang='lat' dir='ltr'>libere</span> <span class='ocrx_word' id='word_1_278' title='bbox 569 1351 871 1385; x_wconf 84' lang='lat' dir='ltr'>administrabunt</span> <span class='ocrx_word' id='word_1_279' title='bbox 911 1352 972 1392; x_wconf 84' lang='lat' dir='ltr'>(ex</span> <span class='ocrx_word' id='word_1_280' title='bbox 1007 1352 1167 1393; x_wconf 84' lang='lat' dir='ltr'>autogr.;</span> <span class='ocrx_word' id='word_1_281' title='bbox 1204 1349 1245 1384; x_wconf 77' lang='lat' dir='ltr'>Gr.</span> <span class='ocrx_word' id='word_1_282' title='bbox 1275 1349 1338 1394; x_wconf 81' lang='lat' dir='ltr'>Ep.</span> <span class='ocrx_word' id='word_1_283' title='bbox 1366 1349 1399 1383; x_wconf 87' lang='lat' dir='ltr'>X</span> <span class='ocrx_word' id='word_1_284' title='bbox 1426 1350 1449 1384; x_wconf 86' lang='lat' dir='ltr'>f.</span> <span class='ocrx_word' id='word_1_285' title='bbox 1482 1350 1576 1393; x_wconf 90' lang='lat'>109).</span> <span class='ocrx_word' id='word_1_286' title='bbox 1627 1350 1683 1383; x_wconf 80' lang='lat' dir='ltr'>Ita</span> <span class='ocrx_word' id='word_1_287' title='bbox 1709 1351 1882 1393; x_wconf 72' lang='lat' dir='ltr'>Hoffaeus</span> 
     </span>
     <span class='ocr_line' id='line_1_24' title="bbox 119 1403 1881 1450; baseline -0.001 -11"><span class='ocrx_word' id='word_1_288' title='bbox 119 1406 211 1450; x_wconf 88' lang='lat' dir='ltr'>plus,</span> <span class='ocrx_word' id='word_1_289' title='bbox 247 1417 354 1450; x_wconf 90' lang='lat' dir='ltr'>quam</span> <span class='ocrx_word' id='word_1_290' title='bbox 390 1416 535 1450; x_wconf 87' lang='lat' dir='ltr'>sperare</span> <span class='ocrx_word' id='word_1_291' title='bbox 570 1416 680 1438; x_wconf 85' lang='lat' dir='ltr'>ausus</span> <span class='ocrx_word' id='word_1_292' title='bbox 715 1406 803 1444; x_wconf 87' lang='lat' dir='ltr'>erat,</span> <span class='ocrx_word' id='word_1_293' title='bbox 840 1406 1055 1438; x_wconf 84' lang='lat' dir='ltr'>consecutus</span> <span class='ocrx_word' id='word_1_294' title='bbox 1087 1405 1162 1443; x_wconf 83' lang='lat' dir='ltr'>est3</span> <span class='ocrx_word' id='word_1_295' title='bbox 1200 1404 1365 1446; x_wconf 85' lang='lat' dir='ltr'>Augusta</span> <span class='ocrx_word' id='word_1_296' title='bbox 1401 1403 1494 1436; x_wconf 88' lang='lat' dir='ltr'>enim</span> <span class='ocrx_word' id='word_1_297' title='bbox 1523 1403 1576 1437; x_wconf 84' lang='lat'>15.</span> <span class='ocrx_word' id='word_1_298' title='bbox 1605 1403 1761 1437; x_wconf 84' lang='lat' dir='ltr'>Ianuarii</span> <span class='ocrx_word' id='word_1_299' title='bbox 1792 1403 1881 1437; x_wconf 80' lang='grc'><strong>1569</strong></span> 
     </span>
     <span class='ocr_line' id='line_1_25' title="bbox 119 1455 1880 1503; baseline -0.002 -10"><span class='ocrx_word' id='word_1_300' title='bbox 119 1459 271 1501; x_wconf 84' lang='lat' dir='ltr'>Borgiae</span> <span class='ocrx_word' id='word_1_301' title='bbox 296 1458 539 1503; x_wconf 46' lang='lat' dir='ltr'>rscripserat:</span> <span class='ocrx_word' id='word_1_302' title='bbox 581 1457 711 1502; x_wconf 83' lang='lat' dir='ltr'>„Spero</span> <span class='ocrx_word' id='word_1_303' title='bbox 747 1469 803 1490; x_wconf 89' lang='lat' dir='ltr'>me</span> <span class='ocrx_word' id='word_1_304' title='bbox 838 1459 1011 1501; x_wconf 88' lang='lat' dir='ltr'>sequente</span> <span class='ocrx_word' id='word_1_305' title='bbox 1037 1456 1257 1490; x_wconf 86' lang='lat' dir='ltr'>hebdomade</span> <span class='ocrx_word' id='word_1_306' title='bbox 1294 1457 1426 1490; x_wconf 89' lang='lat' dir='ltr'>iturum</span> <span class='ocrx_word' id='word_1_307' title='bbox 1454 1455 1694 1500; x_wconf 82' lang='lat' dir='ltr'>Oenipontum</span> <span class='ocrx_word' id='word_1_308' title='bbox 1721 1456 1780 1490; x_wconf 81' lang='lat' dir='ltr'>vbi</span> <span class='ocrx_word' id='word_1_309' title='bbox 1808 1467 1880 1490; x_wconf 90' lang='lat' dir='ltr'>cer-</span> 
     </span>
     <span class='ocr_line' id='line_1_26' title="bbox 118 1508 1881 1556; baseline -0.002 -10"><span class='ocrx_word' id='word_1_310' title='bbox 118 1514 192 1546; x_wconf 84' lang='lat' dir='ltr'>tam</span> <span class='ocrx_word' id='word_1_311' title='bbox 227 1511 424 1556; x_wconf 81' lang='lat' dir='ltr'>expectabo</span> <span class='ocrx_word' id='word_1_312' title='bbox 460 1511 690 1545; x_wconf 86' lang='lat' dir='ltr'>offensionem</span> <span class='ocrx_word' id='word_1_313' title='bbox 726 1510 937 1555; x_wconf 76' lang='lat' dir='ltr'>principum,</span> <span class='ocrx_word' id='word_1_314' title='bbox 973 1511 1013 1543; x_wconf 93' lang='lat' dir='ltr'>vt</span> <span class='ocrx_word' id='word_1_315' title='bbox 1038 1509 1089 1548; x_wconf 82' lang='lat' dir='ltr'>fit,</span> <span class='ocrx_word' id='word_1_316' title='bbox 1126 1510 1208 1543; x_wconf 90' lang='lat' dir='ltr'>dum</span> <span class='ocrx_word' id='word_1_317' title='bbox 1244 1521 1314 1544; x_wconf 89' lang='lat' dir='ltr'>non</span> <span class='ocrx_word' id='word_1_318' title='bbox 1352 1509 1597 1553; x_wconf 86' lang='lat' dir='ltr'>impetrabunt</span> <span class='ocrx_word' id='word_1_319' title='bbox 1633 1520 1723 1553; x_wconf 87' lang='lat' dir='ltr'>quae</span> <span class='ocrx_word' id='word_1_320' title='bbox 1750 1508 1881 1543; x_wconf 84' lang='lat' dir='ltr'>volent.</span> 
     </span>
     <span class='ocr_line' id='line_1_27' title="bbox 121 1562 1881 1608; baseline -0.002 -9"><span class='ocrx_word' id='word_1_321' title='bbox 121 1565 296 1599; x_wconf 84' lang='lat' dir='ltr'>hactenus</span> <span class='ocrx_word' id='word_1_322' title='bbox 332 1564 405 1599; x_wconf 90' lang='lat' dir='ltr'>illis</span> <span class='ocrx_word' id='word_1_323' title='bbox 430 1564 534 1598; x_wconf 88' lang='lat' dir='ltr'>albae</span> <span class='ocrx_word' id='word_1_324' title='bbox 560 1564 716 1607; x_wconf 82' lang='lat' dir='ltr'>gallinae</span> <span class='ocrx_word' id='word_1_325' title='bbox 742 1563 838 1597; x_wconf 86' lang='lat' dir='ltr'>filius</span> <span class='ocrx_word' id='word_1_326' title='bbox 864 1563 928 1608; x_wconf 87' lang='lat' dir='ltr'>fuj,</span> <span class='ocrx_word' id='word_1_327' title='bbox 964 1563 1197 1607; x_wconf 88' lang='lat' dir='ltr'>imposterum</span> <span class='ocrx_word' id='word_1_328' title='bbox 1224 1563 1264 1596; x_wconf 90' lang='lat' dir='ltr'>P.</span> <span class='ocrx_word' id='word_1_329' title='bbox 1292 1562 1459 1597; x_wconf 85' lang='lat' dir='ltr'>Canisius</span> <span class='ocrx_word' id='word_1_330' title='bbox 1494 1564 1530 1596; x_wconf 88' lang='lat' dir='ltr'>et</span> <span class='ocrx_word' id='word_1_331' title='bbox 1565 1574 1630 1606; x_wconf 83' lang='lat' dir='ltr'>ego</span> <span class='ocrx_word' id='word_1_332' title='bbox 1657 1562 1881 1596; x_wconf 84' lang='lat' dir='ltr'>versabimur</span> 
     </span>
     <span class='ocr_line' id='line_1_28' title="bbox 120 1615 1881 1663; baseline -0.002 -11"><span class='ocrx_word' id='word_1_333' title='bbox 120 1619 155 1652; x_wconf 89' lang='lat' dir='ltr'>in</span> <span class='ocrx_word' id='word_1_334' title='bbox 182 1618 304 1652; x_wconf 88' lang='lat' dir='ltr'>eodem</span> <span class='ocrx_word' id='word_1_335' title='bbox 330 1618 630 1663; x_wconf 75' lang='lat' dir='ltr'>praedicamento,</span> <span class='ocrx_word' id='word_1_336' title='bbox 658 1617 696 1651; x_wconf 90' lang='lat' dir='ltr'>P.</span> <span class='ocrx_word' id='word_1_337' title='bbox 713 1616 755 1650; x_wconf 92' lang='lat' dir='ltr'>V.</span> <span class='ocrx_word' id='word_1_338' title='bbox 784 1618 878 1650; x_wconf 82' lang='lat' dir='ltr'>oret“</span> <span class='ocrx_word' id='word_1_339' title='bbox 912 1616 974 1660; x_wconf 82' lang='lat' dir='ltr'>(ex</span> <span class='ocrx_word' id='word_1_340' title='bbox 1000 1618 1160 1658; x_wconf 81' lang='lat' dir='ltr'>autogr.;</span> <span class='ocrx_word' id='word_1_341' title='bbox 1188 1616 1211 1650; x_wconf 91' lang='lat' dir='ltr'>l.</span> <span class='ocrx_word' id='word_1_342' title='bbox 1239 1627 1268 1650; x_wconf 93' lang='lat' dir='ltr'>c.</span> <span class='ocrx_word' id='word_1_343' title='bbox 1296 1616 1320 1650; x_wconf 89' lang='lat' dir='ltr'>f.</span> <span class='ocrx_word' id='word_1_344' title='bbox 1347 1616 1437 1659; x_wconf 70' lang='lat'>89³).</span> <span class='ocrx_word' id='word_1_345' title='bbox 1474 1615 1664 1649; x_wconf 85' lang='lat' dir='ltr'>Caeterum</span> <span class='ocrx_word' id='word_1_346' title='bbox 1691 1616 1773 1649; x_wconf 89' lang='lat' dir='ltr'>vide</span> <span class='ocrx_word' id='word_1_347' title='bbox 1801 1615 1881 1649; x_wconf 86' lang='lat' dir='ltr'>Fer-</span> 
     </span>
     <span class='ocr_line' id='line_1_29' title="bbox 119 1669 1882 1714; baseline -0.002 -9"><span class='ocrx_word' id='word_1_348' title='bbox 119 1671 263 1705; x_wconf 85' lang='lat' dir='ltr'>dinandi</span> <span class='ocrx_word' id='word_1_349' title='bbox 290 1672 333 1705; x_wconf 90' lang='lat' dir='ltr'>II.</span> <span class='ocrx_word' id='word_1_350' title='bbox 367 1671 569 1705; x_wconf 86' lang='lat' dir='ltr'>archiducis</span> <span class='ocrx_word' id='word_1_351' title='bbox 604 1670 755 1711; x_wconf 77' lang='lat' dir='ltr'>litteras,</span> <span class='ocrx_word' id='word_1_352' title='bbox 795 1669 996 1714; x_wconf 83' lang='lat' dir='ltr'>Oeniponte</span> <span class='ocrx_word' id='word_1_353' title='bbox 1031 1669 1087 1703; x_wconf 81' lang='lat'>30.</span> <span class='ocrx_word' id='word_1_354' title='bbox 1114 1669 1238 1703; x_wconf 87' lang='lat' dir='ltr'>Martii</span> <span class='ocrx_word' id='word_1_355' title='bbox 1268 1669 1357 1703; x_wconf 87' lang='lat'>1569</span> <span class='ocrx_word' id='word_1_356' title='bbox 1397 1669 1440 1702; x_wconf 88' lang='lat' dir='ltr'>ad</span> <span class='ocrx_word' id='word_1_357' title='bbox 1477 1669 1644 1712; x_wconf 82' lang='lat' dir='ltr'>Borgiam</span> <span class='ocrx_word' id='word_1_358' title='bbox 1683 1680 1724 1702; x_wconf 86' lang='lat' dir='ltr'>ea</span> <span class='ocrx_word' id='word_1_359' title='bbox 1764 1669 1806 1702; x_wconf 85' lang='lat' dir='ltr'>de</span> <span class='ocrx_word' id='word_1_360' title='bbox 1844 1681 1882 1702; x_wconf 91' lang='lat' dir='ltr'>re</span> 
     </span>
     <span class='ocr_line' id='line_1_30' title="bbox 118 1722 1879 1769; baseline -0.001 -11"><span class='ocrx_word' id='word_1_361' title='bbox 118 1725 236 1765; x_wconf 88' lang='lat' dir='ltr'>datas,</span> <span class='ocrx_word' id='word_1_362' title='bbox 276 1724 370 1769; x_wconf 81' lang='lat' dir='ltr'>apud</span> <span class='ocrx_word' id='word_1_363' title='bbox 404 1726 498 1760; x_wconf 73' lang='lat' dir='ltr'>Lud.</span> <span class='ocrx_word' id='word_1_364' title='bbox 524 1725 640 1767; x_wconf 64' lang='lat' dir='ltr'>Rapp,</span> <span class='ocrx_word' id='word_1_365' title='bbox 688 1723 842 1767; x_wconf 80' lang='lat' dir='ltr'>K‘onigin</span> <span class='ocrx_word' id='word_1_366' title='bbox 888 1722 1104 1766; x_wconf 84' lang='lat' dir='ltr'>Magdalena</span> <span class='ocrx_word' id='word_1_367' title='bbox 1140 1734 1211 1756; x_wconf 90' lang='lat' dir='ltr'>von</span> <span class='ocrx_word' id='word_1_368' title='bbox 1246 1722 1490 1761; x_wconf 87' lang='lat' dir='ltr'>Oesterreich,</span> <span class='ocrx_word' id='word_1_369' title='bbox 1530 1722 1561 1756; x_wconf 82' lang='lat'>2.</span> <span class='ocrx_word' id='word_1_370' title='bbox 1590 1722 1699 1763; x_wconf 84' lang='lat' dir='ltr'>Aufl.‚</span> <span class='ocrx_word' id='word_1_371' title='bbox 1749 1722 1879 1756; x_wconf 83' lang='lat' dir='ltr'>Brixen</span> 
     </span>
     <span class='ocr_line' id='line_1_31' title="bbox 123 1777 403 1819; baseline 0 -7"><span class='ocrx_word' id='word_1_372' title='bbox 123 1777 224 1819; x_wconf 83' lang='lat'><strong>1899,</strong></span> <span class='ocrx_word' id='word_1_373' title='bbox 252 1778 403 1812; x_wconf 82' lang='lat'>58—61.</span> 
     </span>
    </p>
   </div>
   <div class='ocr_carea' id='block_1_3' title="bbox 237 1846 1440 1892">
    <p class='ocr_par' dir='ltr' id='par_1_3' title="bbox 237 1846 1440 1892">
     <span class='ocr_line' id='line_1_32' title="bbox 237 1846 1440 1892; baseline -0.002 -10"><span class='ocrx_word' id='word_1_374' title='bbox 237 1848 388 1891; x_wconf 85' lang='lat' dir='ltr'>Borgias</span> <span class='ocrx_word' id='word_1_375' title='bbox 415 1847 557 1882; x_wconf 89' lang='lat' dir='ltr'>Canisio</span> <span class='ocrx_word' id='word_1_376' title='bbox 584 1859 647 1892; x_wconf 87' lang='lat' dir='ltr'>per</span> <span class='ocrx_word' id='word_1_377' title='bbox 673 1846 869 1881; x_wconf 90' lang='lat' dir='ltr'>Polancum</span> <span class='ocrx_word' id='word_1_378' title='bbox 895 1847 1078 1891; x_wconf 85' lang='lat' dir='ltr'>respondit</span> <span class='ocrx_word' id='word_1_379' title='bbox 1108 1847 1160 1881; x_wconf 87' lang='lat'>19.</span> <span class='ocrx_word' id='word_1_380' title='bbox 1188 1846 1310 1880; x_wconf 88' lang='lat' dir='ltr'>Martii</span> <span class='ocrx_word' id='word_1_381' title='bbox 1339 1847 1440 1881; x_wconf 78' lang='lat'>1569.</span> 
     </span>
    </p>
   </div>
   <div class='ocr_carea' id='block_1_4' title="bbox 119 1972 1880 2074">
    <p class='ocr_par' dir='ltr' id='par_1_4' title="bbox 119 1972 1880 2074">
     <span class='ocr_line' id='line_1_33' title="bbox 119 1972 1880 2019; baseline -0.002 -8"><span class='ocrx_word' id='word_1_382' title='bbox 119 1975 264 2011; x_wconf 82' lang='grc'><strong>1616.</strong></span> <span class='ocrx_word' id='word_1_383' title='bbox 375 1974 435 2010; x_wconf 81' lang='grc' dir='ltr'><strong>Ρ.</strong></span> <span class='ocrx_word' id='word_1_384' title='bbox 463 1974 730 2010; x_wconf 77' lang='lat' dir='ltr'>PAULUS</span> <span class='ocrx_word' id='word_1_385' title='bbox 758 1973 1123 2010; x_wconf 69' lang='lat' dir='ltr'>ROBFAEUS</span> <span class='ocrx_word' id='word_1_386' title='bbox 1152 1972 1205 2009; x_wconf 80' lang='lat' dir='ltr'>S.</span> <span class='ocrx_word' id='word_1_387' title='bbox 1225 1972 1280 2009; x_wconf 84' lang='lat' dir='ltr'>J.</span> <span class='ocrx_word' id='word_1_388' title='bbox 1309 1973 1523 2008; x_wconf 83' lang='lat' dir='ltr'>Germaniae</span> <span class='ocrx_word' id='word_1_389' title='bbox 1558 1974 1752 2019; x_wconf 88' lang='lat' dir='ltr'>superioris</span> <span class='ocrx_word' id='word_1_390' title='bbox 1787 1975 1880 2008; x_wconf 86' lang='lat' dir='ltr'>vice—</span> 
     </span>
     <span class='ocr_line' id='line_1_34' title="bbox 308 2027 1834 2074; baseline 0 -12"><span class='ocrx_word' id='word_1_391' title='bbox 308 2029 539 2074; x_wconf 87' lang='lat' dir='ltr'>provincialis</span> <span class='ocrx_word' id='word_1_392' title='bbox 567 2027 768 2063; x_wconf 86' lang='lat' dir='ltr'>CANISIO.</span> <span class='ocrx_word' id='word_1_393' title='bbox 943 2027 1142 2072; x_wconf 89' lang='lat' dir='ltr'>Oeniponte</span> <span class='ocrx_word' id='word_1_394' title='bbox 1170 2027 1264 2061; x_wconf 89' lang='lat' dir='ltr'>circa</span> <span class='ocrx_word' id='word_1_395' title='bbox 1291 2027 1426 2061; x_wconf 86' lang='lat' dir='ltr'>exitum</span> <span class='ocrx_word' id='word_1_396' title='bbox 1454 2039 1499 2061; x_wconf 86' lang='lat' dir='ltr'>m.</span> <span class='ocrx_word' id='word_1_397' title='bbox 1519 2027 1704 2061; x_wconf 86' lang='lat' dir='ltr'>Februarii</span> <span class='ocrx_word' id='word_1_398' title='bbox 1735 2028 1834 2062; x_wconf 83' lang='lat'>1569.</span> 
     </span>
    </p>
   </div>
   <div class='ocr_carea' id='block_1_5' title="bbox 238 2098 1304 2144">
    <p class='ocr_par' dir='ltr' id='par_1_5' title="bbox 238 2098 1304 2144">
     <span class='ocr_line' id='line_1_35' title="bbox 238 2098 1304 2144; baseline -0.002 -11"><span class='ocrx_word' id='word_1_399' title='bbox 238 2099 292 2133; x_wconf 82' lang='lat' dir='ltr'>Ex</span> <span class='ocrx_word' id='word_1_400' title='bbox 320 2099 473 2144; x_wconf 88' lang='lat' dir='ltr'>epistula</span> <span class='ocrx_word' id='word_1_401' title='bbox 499 2100 541 2133; x_wconf 91' lang='lat' dir='ltr'>ad</span> <span class='ocrx_word' id='word_1_402' title='bbox 570 2100 749 2143; x_wconf 79' lang='lat' dir='ltr'>Borgiam,</span> <span class='ocrx_word' id='word_1_403' title='bbox 777 2100 819 2133; x_wconf 94' lang='lat' dir='ltr'>de</span> <span class='ocrx_word' id='word_1_404' title='bbox 847 2110 916 2143; x_wconf 90' lang='lat' dir='ltr'>qua</span> <span class='ocrx_word' id='word_1_405' title='bbox 943 2099 1047 2139; x_wconf 87' lang='lat' dir='ltr'>infra,</span> <span class='ocrx_word' id='word_1_406' title='bbox 1075 2110 1128 2142; x_wconf 87' lang='lat' dir='ltr'>ep.</span> <span class='ocrx_word' id='word_1_407' title='bbox 1147 2110 1181 2132; x_wconf 89' lang='lat' dir='ltr'>n.</span> <span class='ocrx_word' id='word_1_408' title='bbox 1204 2098 1304 2132; x_wconf 81' lang='lat'>1621.</span> 
     </span>
    </p>
   </div>
   <div class='ocr_carea' id='block_1_6' title="bbox 238 2168 1456 2205">
    <p class='ocr_par' dir='ltr' id='par_1_6' title="bbox 238 2168 1456 2205">
     <span class='ocr_line' id='line_1_36' title="bbox 238 2168 1456 2205; baseline -0.001 -2"><span class='ocrx_word' id='word_1_409' title='bbox 238 2171 276 2204; x_wconf 88' lang='lat' dir='ltr'>P.</span> <span class='ocrx_word' id='word_1_410' title='bbox 309 2171 453 2204; x_wconf 72' lang='lat' dir='ltr'>Gallum</span> <span class='ocrx_word' id='word_1_411' title='bbox 479 2171 726 2204; x_wconf 67' lang='lat' dir='ltr'>dimittendum</span> <span class='ocrx_word' id='word_1_412' title='bbox 753 2181 832 2205; x_wconf 79' lang='lat' dir='ltr'>esse.</span> <span class='ocrx_word' id='word_1_413' title='bbox 884 2171 937 2204; x_wconf 85' lang='lat' dir='ltr'>De</span> <span class='ocrx_word' id='word_1_414' title='bbox 963 2170 1002 2203; x_wconf 90' lang='lat' dir='ltr'>P.</span> <span class='ocrx_word' id='word_1_415' title='bbox 1031 2168 1233 2203; x_wconf 66' lang='lat' dir='ltr'>Schoriehii</span> <span class='ocrx_word' id='word_1_416' title='bbox 1258 2170 1456 2203; x_wconf 76' lang='lat' dir='ltr'>doctoratu.</span> 
     </span>
    </p>
   </div>
   <div class='ocr_carea' id='block_1_7' title="bbox 119 2245 1885 2819">
    <p class='ocr_par' dir='ltr' id='par_1_7' title="bbox 119 2245 1885 2819">
     <span class='ocr_line' id='line_1_37' title="bbox 239 2245 1882 2302; baseline -0.001 -13"><span class='ocrx_word' id='word_1_417' title='bbox 239 2248 440 2289; x_wconf 74' lang='lat' dir='ltr'>Canisius</span> <span class='ocrx_word' id='word_1_418' title='bbox 459 2250 724 2302; x_wconf 72' lang='lat' dir='ltr'>praepositus</span> <span class='ocrx_word' id='word_1_419' title='bbox 745 2248 1034 2302; x_wconf 72' lang='lat' dir='ltr'>provincialis,</span> <span class='ocrx_word' id='word_1_420' title='bbox 1067 2247 1260 2300; x_wconf 69' lang='lat' dir='ltr'>Auyusta</span> <span class='ocrx_word' id='word_1_421' title='bbox 1283 2249 1323 2287; x_wconf 83' lang='lat'>5.</span> <span class='ocrx_word' id='word_1_422' title='bbox 1350 2245 1502 2287; x_wconf 72' lang='lat' dir='ltr'>Martii</span> <span class='ocrx_word' id='word_1_423' title='bbox 1523 2247 1639 2286; x_wconf 80' lang='lat'>1569</span> <span class='ocrx_word' id='word_1_424' title='bbox 1672 2246 1714 2287; x_wconf 81' lang='lat' dir='ltr'>S.</span> <span class='ocrx_word' id='word_1_425' title='bbox 1739 2246 1882 2287; x_wconf 68' lang='lat' dir='ltr'>Fran-</span> 
     </span>
     <span class='ocr_line' id='line_1_38' title="bbox 119 2311 1883 2368; baseline -0.001 -14"><span class='ocrx_word' id='word_1_426' title='bbox 119 2314 222 2354; x_wconf 75' lang='lat' dir='ltr'>cisco</span> <span class='ocrx_word' id='word_1_427' title='bbox 270 2313 454 2367; x_wconf 70' lang='lat' dir='ltr'>Boryiae</span> <span class='ocrx_word' id='word_1_428' title='bbox 499 2314 738 2368; x_wconf 72' lang='lat' dir='ltr'>praeposito</span> <span class='ocrx_word' id='word_1_429' title='bbox 782 2312 973 2366; x_wconf 68' lang='lat' dir='ltr'>yenerali</span> <span class='ocrx_word' id='word_1_430' title='bbox 1019 2312 1226 2362; x_wconf 73' lang='lat' dir='ltr'>scribens,</span> <span class='ocrx_word' id='word_1_431' title='bbox 1281 2311 1402 2363; x_wconf 76' lang='lat' dir='ltr'>haec,</span> <span class='ocrx_word' id='word_1_432' title='bbox 1454 2315 1626 2365; x_wconf 75' lang='lat' dir='ltr'>praeter</span> <span class='ocrx_word' id='word_1_433' title='bbox 1673 2311 1782 2363; x_wconf 71' lang='lat' dir='ltr'>alia,</span> <span class='ocrx_word' id='word_1_434' title='bbox 1832 2311 1883 2352; x_wconf 78' lang='lat' dir='ltr'>de</span> 
     </span>
     <span class='ocr_line' id='line_1_39' title="bbox 119 2374 1882 2429; baseline -0.001 -10"><span class='ocrx_word' id='word_1_435' title='bbox 119 2378 166 2419; x_wconf 90' lang='lat' dir='ltr'>P.</span> <span class='ocrx_word' id='word_1_436' title='bbox 196 2378 352 2419; x_wconf 71' lang='lat' dir='ltr'>leoma</span> <span class='ocrx_word' id='word_1_437' title='bbox 376 2378 498 2420; x_wconf 68' lang='lat' dir='ltr'>Gallo</span> <span class='ocrx_word' id='word_1_438' title='bbox 531 2383 669 2419; x_wconf 71' lang='lat' dir='ltr'>notat:</span> <span class='ocrx_word' id='word_1_439' title='bbox 706 2378 886 2429; x_wconf 72' lang='lat' dir='ltr'>„Doctor</span> <span class='ocrx_word' id='word_1_440' title='bbox 917 2376 1081 2418; x_wconf 73' lang='lat' dir='ltr'>Paulus</span> <span class='ocrx_word' id='word_1_441' title='bbox 1111 2374 1369 2429; x_wconf 75' lang='lat' dir='ltr'>[Hoffoeus]</span> <span class='ocrx_word' id='word_1_442' title='bbox 1402 2377 1624 2428; x_wconf 72' lang='lat' dir='ltr'>existimat,</span> <span class='ocrx_word' id='word_1_443' title='bbox 1659 2376 1766 2416; x_wconf 70' lang='lat' dir='ltr'><em>nihil</em></span> <span class='ocrx_word' id='word_1_444' title='bbox 1800 2389 1882 2417; x_wconf 75' lang='lat' dir='ltr'>esse</span> 
     </span>
     <span class='ocr_line' id='line_1_40' title="bbox 122 2439 1882 2497; baseline -0.001 -14"><span class='ocrx_word' id='word_1_445' title='bbox 122 2444 278 2495; x_wconf 67' lang='lat' dir='ltr'>melius,</span> <span class='ocrx_word' id='word_1_446' title='bbox 313 2457 438 2497; x_wconf 76' lang='lat' dir='ltr'>quam</span> <span class='ocrx_word' id='word_1_447' title='bbox 473 2448 509 2484; x_wconf 72' lang='lat' dir='ltr'>vt</span> <span class='ocrx_word' id='word_1_448' title='bbox 542 2458 633 2484; x_wconf 79' lang='lat' dir='ltr'>cum</span> <span class='ocrx_word' id='word_1_449' title='bbox 667 2444 775 2484; x_wconf 74' lang='lat' dir='ltr'>bona</span> <span class='ocrx_word' id='word_1_450' title='bbox 806 2443 948 2496; x_wconf 73' lang='lat' dir='ltr'>qratia</span> <span class='ocrx_word' id='word_1_451' title='bbox 982 2441 1121 2490; x_wconf 89' lang='lat' dir='ltr'>homo,</span> <span class='ocrx_word' id='word_1_452' title='bbox 1155 2446 1199 2482; x_wconf 76' lang='lat' dir='ltr'>ut</span> <span class='ocrx_word' id='word_1_453' title='bbox 1232 2443 1381 2495; x_wconf 73' lang='lat' dir='ltr'>inquit,</span> <span class='ocrx_word' id='word_1_454' title='bbox 1415 2440 1623 2482; x_wconf 87' lang='lat' dir='ltr'>hactenus</span> <span class='ocrx_word' id='word_1_455' title='bbox 1655 2439 1882 2492; x_wconf 85' lang='lat' dir='ltr'>incorrigi-</span> 
     </span>
     <span class='ocr_line' id='line_1_41' title="bbox 120 2506 1885 2556; baseline 0 -9"><span class='ocrx_word' id='word_1_456' title='bbox 120 2506 229 2556; x_wconf 79' lang='lat' dir='ltr'>bilis,</span> <span class='ocrx_word' id='word_1_457' title='bbox 272 2509 415 2549; x_wconf 74' lang='lat' dir='ltr'>saltem</span> <span class='ocrx_word' id='word_1_458' title='bbox 449 2509 507 2548; x_wconf 74' lang='lat' dir='ltr'>ad</span> <span class='ocrx_word' id='word_1_459' title='bbox 550 2508 653 2549; x_wconf 77' lang='lat' dir='ltr'>duos</span> <span class='ocrx_word' id='word_1_460' title='bbox 695 2513 830 2549; x_wconf 73' lang='lat' dir='ltr'>tresue</span> <span class='ocrx_word' id='word_1_461' title='bbox 869 2521 1003 2548; x_wconf 66' lang='lat' dir='ltr'>aomos</span> <span class='ocrx_word' id='word_1_462' title='bbox 1037 2510 1155 2547; x_wconf 71' lang='lat' dir='ltr'>extra</span> <span class='ocrx_word' id='word_1_463' title='bbox 1187 2507 1433 2555; x_wconf 76' lang='lat' dir='ltr'>societatem,</span> <span class='ocrx_word' id='word_1_464' title='bbox 1477 2519 1526 2546; x_wconf 79' lang='lat' dir='ltr'>ac</span> <span class='ocrx_word' id='word_1_465' title='bbox 1557 2506 1646 2546; x_wconf 72' lang='lat' dir='ltr'>sine</span> <span class='ocrx_word' id='word_1_466' title='bbox 1677 2506 1885 2547; x_wconf 69' lang='lat' dir='ltr'>societatis</span> 
     </span>
     <span class='ocr_line' id='line_1_42' title="bbox 119 2570 1882 2627; baseline 0 -16"><span class='ocrx_word' id='word_1_467' title='bbox 119 2574 283 2612; x_wconf 67' lang='lat' dir='ltr'>nomine</span> <span class='ocrx_word' id='word_1_468' title='bbox 318 2573 449 2624; x_wconf 73' lang='lat' dir='ltr'>uiuat,</span> <span class='ocrx_word' id='word_1_469' title='bbox 493 2574 609 2627; x_wconf 74' lang='lat' dir='ltr'>eique</span> <span class='ocrx_word' id='word_1_470' title='bbox 641 2573 852 2614; x_wconf 73' lang='lat' dir='ltr'>redeundi</span> <span class='ocrx_word' id='word_1_471' title='bbox 880 2572 956 2625; x_wconf 69' lang='lat' dir='ltr'>fiat</span> <span class='ocrx_word' id='word_1_472' title='bbox 988 2585 1094 2625; x_wconf 74' lang='lat' dir='ltr'>spes,</span> <span class='ocrx_word' id='word_1_473' title='bbox 1127 2572 1164 2611; x_wconf 74' lang='lat' dir='ltr'>si</span> <span class='ocrx_word' id='word_1_474' title='bbox 1196 2571 1380 2613; x_wconf 71' lang='lat' dir='ltr'>Societas</span> <span class='ocrx_word' id='word_1_475' title='bbox 1412 2570 1615 2611; x_wconf 73' lang='lat' dir='ltr'>existimet</span> <span class='ocrx_word' id='word_1_476' title='bbox 1647 2571 1882 2623; x_wconf 72' lang='lat' dir='ltr'>conuenire,</span> 
     </span>
     <span class='ocr_line' id='line_1_43' title="bbox 121 2633 1883 2691; baseline 0 -15"><span class='ocrx_word' id='word_1_477' title='bbox 121 2641 165 2676; x_wconf 79' lang='lat' dir='ltr'>ut</span> <span class='ocrx_word' id='word_1_478' title='bbox 195 2641 337 2690; x_wconf 70' lang='lat' dir='ltr'>postea</span> <span class='ocrx_word' id='word_1_479' title='bbox 370 2638 613 2691; x_wconf 73' lang='lat' dir='ltr'>recipiatur.</span> <span class='ocrx_word' id='word_1_480' title='bbox 677 2638 739 2678; x_wconf 78' lang='lat' dir='ltr'>Ac</span> <span class='ocrx_word' id='word_1_481' title='bbox 770 2636 857 2678; x_wconf 89' lang='lat' dir='ltr'>tria</span> <span class='ocrx_word' id='word_1_482' title='bbox 888 2638 1037 2691; x_wconf 70' lang='lat' dir='ltr'>inquit,</span> <span class='ocrx_word' id='word_1_483' title='bbox 1081 2635 1196 2676; x_wconf 86' lang='lat' dir='ltr'>mala</span> <span class='ocrx_word' id='word_1_484' title='bbox 1227 2634 1269 2675; x_wconf 89' lang='lat' dir='ltr'>in</span> <span class='ocrx_word' id='word_1_485' title='bbox 1308 2633 1479 2675; x_wconf 83' lang='lat' dir='ltr'>homine</span> <span class='ocrx_word' id='word_1_486' title='bbox 1512 2633 1737 2687; x_wconf 86' lang='lat' dir='ltr'>potissima</span> <span class='ocrx_word' id='word_1_487' title='bbox 1769 2637 1883 2676; x_wconf 90' lang='lat' dir='ltr'>sunt.</span> 
     </span>
     <span class='ocr_line' id='line_1_44' title="bbox 120 2697 1883 2755; baseline 0 -15"><span class='ocrx_word' id='word_1_488' title='bbox 120 2699 322 2749; x_wconf 85' lang='lat' dir='ltr'>Primum,</span> <span class='ocrx_word' id='word_1_489' title='bbox 367 2701 479 2753; x_wconf 89' lang='lat' dir='ltr'>quod</span> <span class='ocrx_word' id='word_1_490' title='bbox 519 2701 598 2742; x_wconf 88' lang='lat' dir='ltr'>sibi</span> <span class='ocrx_word' id='word_1_491' title='bbox 640 2701 733 2755; x_wconf 88' lang='lat' dir='ltr'>ipse</span> <span class='ocrx_word' id='word_1_492' title='bbox 774 2700 1031 2755; x_wconf 87' lang='lat' dir='ltr'>praescribit</span> <span class='ocrx_word' id='word_1_493' title='bbox 1071 2699 1230 2741; x_wconf 84' lang='lat' dir='ltr'>limites</span> <span class='ocrx_word' id='word_1_494' title='bbox 1272 2699 1337 2740; x_wconf 89' lang='lat' dir='ltr'>sui</span> <span class='ocrx_word' id='word_1_495' title='bbox 1378 2697 1580 2740; x_wconf 87' lang='lat' dir='ltr'>instituti.</span> <span class='ocrx_word' id='word_1_496' title='bbox 1646 2698 1810 2740; x_wconf 90' lang='lat' dir='ltr'>Deinde</span> <span class='ocrx_word' id='word_1_497' title='bbox 1848 2699 1883 2740; x_wconf 91' lang='lat' dir='ltr'>si</span> 
     </span>
     <span class='ocr_line' id='line_1_45' title="bbox 122 2762 1885 2819; baseline 0.001 -14"><span class='ocrx_word' id='word_1_498' title='bbox 122 2764 231 2806; x_wconf 87' lang='lat' dir='ltr'>citra</span> <span class='ocrx_word' id='word_1_499' title='bbox 272 2765 340 2805; x_wconf 90' lang='lat' dir='ltr'>uel</span> <span class='ocrx_word' id='word_1_500' title='bbox 381 2765 497 2806; x_wconf 87' lang='lat' dir='ltr'>ultra</span> <span class='ocrx_word' id='word_1_501' title='bbox 539 2780 669 2819; x_wconf 80' lang='lat' dir='ltr'>cogas</span> <span class='ocrx_word' id='word_1_502' title='bbox 710 2766 852 2816; x_wconf 90' lang='lat' dir='ltr'>illum,</span> <span class='ocrx_word' id='word_1_503' title='bbox 895 2765 1045 2807; x_wconf 89' lang='lat' dir='ltr'>statim</span> <span class='ocrx_word' id='word_1_504' title='bbox 1087 2778 1255 2806; x_wconf 87' lang='lat' dir='ltr'>omnem</span> <span class='ocrx_word' id='word_1_505' title='bbox 1299 2762 1448 2816; x_wconf 87' lang='lat' dir='ltr'>abijcit</span> <span class='ocrx_word' id='word_1_506' title='bbox 1489 2762 1797 2812; x_wconf 82' lang='lat' dir='ltr'>obedientiam,</span> <span class='ocrx_word' id='word_1_507' title='bbox 1841 2766 1885 2806; x_wconf 84' lang='lat' dir='ltr'>et</span> 
     </span>
    </p>
   </div>
   <div class='ocr_carea' id='block_1_8' title="bbox 275 2853 436 2856">
    <p class='ocr_par' dir='ltr' id='par_1_8' title="bbox 275 2853 436 2856">
     <span class='ocr_line' id='line_1_46' title="bbox 275 2853 436 2856; baseline 0 0"><span class='ocrx_word' id='word_1_508' title='bbox 275 2853 436 2856; x_wconf 95' lang='lat' dir='ltr'> </span> 
     </span>
    </p>
   </div>
   <div class='ocr_carea' id='block_1_9' title="bbox 121 2891 1886 3148">
    <p class='ocr_par' dir='ltr' id='par_1_9' title="bbox 121 2891 1886 3148">
     <span class='ocr_line' id='line_1_47' title="bbox 248 2891 1886 2938; baseline 0 -13"><span class='ocrx_word' id='word_1_509' title='bbox 248 2893 257 2912; x_wconf 87' lang='lat'>¹</span> <span class='ocrx_word' id='word_1_510' title='bbox 284 2892 562 2937; x_wconf 85' lang='lat' dir='ltr'>Christophorus</span> <span class='ocrx_word' id='word_1_511' title='bbox 590 2892 807 2938; x_wconf 81' lang='lat' dir='ltr'>Gampasser</span> <span class='ocrx_word' id='word_1_512' title='bbox 837 2894 952 2935; x_wconf 66' lang='lat' dir='ltr'>(Hira</span> <span class='ocrx_word' id='word_1_513' title='bbox 979 2893 1001 2927; x_wconf 91' lang='lat' dir='ltr'>l.</span> <span class='ocrx_word' id='word_1_514' title='bbox 1029 2905 1059 2927; x_wconf 91' lang='lat' dir='ltr'>c.</span> <span class='ocrx_word' id='word_1_515' title='bbox 1086 2893 1102 2927; x_wconf 93' lang='lat' dir='ltr'>I</span> <span class='ocrx_word' id='word_1_516' title='bbox 1128 2893 1173 2927; x_wconf 83' lang='lat'>89</span> <span class='ocrx_word' id='word_1_517' title='bbox 1200 2892 1297 2935; x_wconf 75' lang='lat'>237).</span> <span class='ocrx_word' id='word_1_518' title='bbox 1341 2892 1516 2934; x_wconf 75' lang='lat' dir='ltr'>Hoffoeus</span> <span class='ocrx_word' id='word_1_519' title='bbox 1542 2891 1694 2934; x_wconf 83' lang='lat' dir='ltr'>Borgiae</span> <span class='ocrx_word' id='word_1_520' title='bbox 1720 2891 1886 2935; x_wconf 81' lang='lat' dir='ltr'>Augusta</span> 
     </span>
     <span class='ocr_line' id='line_1_48' title="bbox 122 2943 1883 2990; baseline 0 -12"><span class='ocrx_word' id='word_1_521' title='bbox 122 2944 177 2979; x_wconf 81' lang='lat'>27.</span> <span class='ocrx_word' id='word_1_522' title='bbox 204 2945 290 2978; x_wconf 89' lang='lat' dir='ltr'>Maii</span> <span class='ocrx_word' id='word_1_523' title='bbox 320 2945 408 2979; x_wconf 81' lang='lat'>1570</span> <span class='ocrx_word' id='word_1_524' title='bbox 436 2946 630 2990; x_wconf 61' lang='lat' dir='ltr'>*scripsitz</span> <span class='ocrx_word' id='word_1_525' title='bbox 671 2947 809 2987; x_wconf 77' lang='lat' dir='ltr'>„Habet</span> <span class='ocrx_word' id='word_1_526' title='bbox 845 2946 1021 2980; x_wconf 88' lang='lat' dir='ltr'>Parochia</span> <span class='ocrx_word' id='word_1_527' title='bbox 1056 2946 1125 2980; x_wconf 91' lang='lat' dir='ltr'>iam</span> <span class='ocrx_word' id='word_1_528' title='bbox 1163 2946 1294 2979; x_wconf 91' lang='lat' dir='ltr'>bonum</span> <span class='ocrx_word' id='word_1_529' title='bbox 1331 2947 1366 2979; x_wconf 87' lang='lat' dir='ltr'>et</span> <span class='ocrx_word' id='word_1_530' title='bbox 1402 2944 1648 2987; x_wconf 83' lang='lat' dir='ltr'>gratissimum</span> <span class='ocrx_word' id='word_1_531' title='bbox 1685 2943 1883 2978; x_wconf 87' lang='lat' dir='ltr'>Parochum</span> 
     </span>
     <span class='ocr_line' id='line_1_49' title="bbox 122 2996 1885 3042; baseline 0 -11"><span class='ocrx_word' id='word_1_532' title='bbox 122 2998 254 3041; x_wconf 87' lang='lat' dir='ltr'>quique</span> <span class='ocrx_word' id='word_1_533' title='bbox 281 2997 424 3031; x_wconf 84' lang='lat' dir='ltr'>videtur</span> <span class='ocrx_word' id='word_1_534' title='bbox 459 2998 550 3031; x_wconf 88' lang='lat' dir='ltr'>forte</span> <span class='ocrx_word' id='word_1_535' title='bbox 578 2998 656 3042; x_wconf 87' lang='lat' dir='ltr'>plus</span> <span class='ocrx_word' id='word_1_536' title='bbox 692 2999 727 3032; x_wconf 90' lang='lat' dir='ltr'>in</span> <span class='ocrx_word' id='word_1_537' title='bbox 754 2999 983 3033; x_wconf 89' lang='lat' dir='ltr'>concionibus</span> <span class='ocrx_word' id='word_1_538' title='bbox 1010 2999 1131 3033; x_wconf 87' lang='lat' dir='ltr'>valere</span> <span class='ocrx_word' id='word_1_539' title='bbox 1168 3000 1231 3032; x_wconf 85' lang='lat' dir='ltr'>aut</span> <span class='ocrx_word' id='word_1_540' title='bbox 1262 3009 1331 3032; x_wconf 90' lang='lat' dir='ltr'>non</span> <span class='ocrx_word' id='word_1_541' title='bbox 1358 2997 1476 3030; x_wconf 86' lang='lat' dir='ltr'>minus</span> <span class='ocrx_word' id='word_1_542' title='bbox 1503 3008 1609 3040; x_wconf 89' lang='lat' dir='ltr'>quam</span> <span class='ocrx_word' id='word_1_543' title='bbox 1635 2996 1785 3030; x_wconf 81' lang='lat' dir='ltr'>Rector“</span> <span class='ocrx_word' id='word_1_544' title='bbox 1816 2997 1885 3031; x_wconf 91' lang='lat' dir='ltr'>col-</span> 
     </span>
     <span class='ocr_line' id='line_1_50' title="bbox 121 3049 1883 3095; baseline -0.001 -11"><span class='ocrx_word' id='word_1_545' title='bbox 121 3050 205 3094; x_wconf 83' lang='lat' dir='ltr'>legii</span> <span class='ocrx_word' id='word_1_546' title='bbox 232 3051 395 3093; x_wconf 88' lang='lat' dir='ltr'>idemque</span> <span class='ocrx_word' id='word_1_547' title='bbox 425 3052 480 3092; x_wconf 78' lang='lat' dir='ltr'>„in</span> <span class='ocrx_word' id='word_1_548' title='bbox 507 3051 659 3095; x_wconf 56' lang='lat' dir='ltr'>templ&amp;</span> <span class='ocrx_word' id='word_1_549' title='bbox 690 3051 892 3086; x_wconf 87' lang='lat' dir='ltr'>archiducis</span> <span class='ocrx_word' id='word_1_550' title='bbox 919 3053 1143 3085; x_wconf 86' lang='lat' dir='ltr'>contionator</span> <span class='ocrx_word' id='word_1_551' title='bbox 1172 3050 1371 3093; x_wconf 83' lang='lat' dir='ltr'>(Gerardus</span> <span class='ocrx_word' id='word_1_552' title='bbox 1396 3049 1606 3091; x_wconf 87' lang='lat' dir='ltr'>Pastelius)‚</span> <span class='ocrx_word' id='word_1_553' title='bbox 1639 3061 1744 3093; x_wconf 90' lang='lat' dir='ltr'>quem</span> <span class='ocrx_word' id='word_1_554' title='bbox 1771 3050 1883 3084; x_wconf 84' lang='lat' dir='ltr'>archi-</span> 
     </span>
     <span class='ocr_line' id='line_1_51' title="bbox 122 3102 1647 3148; baseline -0.001 -11"><span class='ocrx_word' id='word_1_555' title='bbox 122 3102 195 3137; x_wconf 88' lang='lat' dir='ltr'>dux</span> <span class='ocrx_word' id='word_1_556' title='bbox 222 3103 326 3137; x_wconf 88' lang='lat' dir='ltr'>iussit</span> <span class='ocrx_word' id='word_1_557' title='bbox 352 3114 390 3137; x_wconf 88' lang='lat' dir='ltr'>se</span> <span class='ocrx_word' id='word_1_558' title='bbox 417 3103 564 3137; x_wconf 87' lang='lat' dir='ltr'>absente</span> <span class='ocrx_word' id='word_1_559' title='bbox 592 3103 626 3136; x_wconf 88' lang='lat' dir='ltr'>in</span> <span class='ocrx_word' id='word_1_560' title='bbox 654 3104 821 3147; x_wconf 88' lang='lat' dir='ltr'>parochia</span> <span class='ocrx_word' id='word_1_561' title='bbox 849 3104 1045 3138; x_wconf 84' lang='lat' dir='ltr'>contionari</span> <span class='ocrx_word' id='word_1_562' title='bbox 1073 3105 1249 3148; x_wconf 85' lang='lat' dir='ltr'>(autogr.;</span> <span class='ocrx_word' id='word_1_563' title='bbox 1283 3104 1324 3138; x_wconf 88' lang='lat' dir='ltr'>G.</span> <span class='ocrx_word' id='word_1_564' title='bbox 1344 3103 1408 3148; x_wconf 87' lang='lat' dir='ltr'>Ep.</span> <span class='ocrx_word' id='word_1_565' title='bbox 1428 3102 1477 3136; x_wconf 89' lang='lat' dir='ltr'>XI</span> <span class='ocrx_word' id='word_1_566' title='bbox 1505 3102 1528 3136; x_wconf 89' lang='lat' dir='ltr'>f.</span> <span class='ocrx_word' id='word_1_567' title='bbox 1549 3102 1647 3145; x_wconf 78' lang='lat'>183).</span> 
     </span>
    </p>
   </div>
  </div>
 </body>
</html>
