2044 3335
174 69 258 110 228
353 67 455 100 1596.
482 65 521 99 Ρ.
542 65 678 100 Paulus
704 65 876 99 Hoffaeus
903 64 987 99 Can.
1027 64 1226 110 Oeniponte
1246 65 1292 109 (2)
1314 65 1420 110 paulo
1446 68 1527 111 post
1552 67 1644 101 med.
1663 66 1742 102 Oct.
1764 67 1865 103 1568.

292 184 432 218 Hoffaei
459 184 602 218 litterae
629 183 833 228 perierunt;
870 183 955 227 quid
983 186 1104 217 autem
1139 182 1200 217 ille
1227 183 1424 228 scripserit,
1462 195 1505 218 ex
1533 184 1680 218 Polanci
1707 185 1862 230 epistula
1887 187 1937 220 in-

170 238 368 281 tellegitur.
408 238 466 272 Sic
492 237 604 279 igitur
630 238 826 270 Polancus:
862 236 906 278 „il
933 236 1077 271 fratello
1104 236 1249 270 henrico
1276 237 1342 271 che
1367 240 1424 271 sta
1451 237 1486 270 in
1514 237 1651 280 dilinga
1676 237 1706 272 si
1732 240 1834 282 potra
1861 250 1938 283 pro-

170 303 314 326 mouere
350 291 383 324 al
410 290 618 333 magisterio
655 301 719 324 con
755 290 820 323 doe
856 290 938 323 altri
951 291 970 331 ¹,
1006 292 1140 334 quanto
1176 289 1238 324 alli
1276 290 1455 335 priuilegij
1487 290 1530 324 de
1559 290 1790 332 mendicanti,
1824 293 1845 325 a
1879 292 1937 325 noi

171 344 434 383 communicati,
462 355 531 377 non
558 343 587 377 si
614 343 670 377 usi
697 343 740 376 de
765 342 894 377 alcuno
921 354 1029 377 senza
1055 354 1228 387 expresso
1254 343 1377 377 ordine
1404 343 1439 376 di
1458 343 1581 381 Roma.
1608 346 1644 377 et
1670 343 1938 379 dechiaratione

171 398 213 431 de
240 397 337 441 quali
363 397 394 430 si
421 407 528 441 possa
556 407 669 437 usare,
698 398 733 430 et
759 398 886 439 questo
913 395 1107 430 medesimo
1134 396 1164 429 si
1190 398 1209 429 0
1235 396 1360 430 scritto
1387 396 1432 430 ad
1459 396 1551 430 altre
1578 396 1767 431 Prouincie
1779 397 1802 431 ².

291 450 394 483 Circa
420 449 444 482 il
471 449 510 483 P.
538 449 694 483 Martino
722 448 966 490 Steuordiano,
1002 448 1032 483 si
1059 451 1202 493 aspetta
1228 449 1384 493 risposta
1411 449 1445 483 di
1472 449 1592 493 quello
1619 449 1683 483 che
1709 450 1740 484 si
1767 452 1785 484 e
1811 450 1937 485 scritto

171 506 192 537 3
218 504 261 537 V.
288 503 330 537 R.
367 505 403 536 et
438 502 472 536 di
509 502 632 546 parola
658 502 934 536 raccomandato
969 502 1004 536 al
1031 502 1070 536 P.
1099 502 1253 545 Georgio
1279 502 1497 543 Schorichio,
1536 502 1559 536 il
1595 503 1661 537 che
1697 503 1937 538 conuerrebbe

171 558 302 590 metter
329 556 363 589 in
391 555 631 589 esecuti011e³.

290 608 405 650 Quelli
433 608 540 642 Padri
576 608 619 642 de
645 608 827 652 Jspruch4
854 608 993 642 insin'a
1024 608 1175 652 pasqua,
1211 620 1385 642 conuerra
1411 607 1582 650 tolerarli,
1619 608 1816 643 aiutandoli
1841 612 1937 655 pero,

170 665 207 697 et
231 661 456 707 procurando
493 661 558 695 che
584 661 617 695 le
643 661 781 704 Regine
816 673 886 695 non
922 661 944 695 li
972 661 1140 695 mandino
1167 661 1286 705 quelle
1321 673 1466 695 carezze
1493 662 1673 706 superflue
1709 662 1751 696 de
1777 662 1845 696 cibi
1872 663 1938 697 che

169 716 340 760 sogliono,
368 726 466 749 come
486 714 545 757 gia
562 715 703 748 haueua
722 726 904 759 promesso
923 714 959 748 la
976 714 1116 757 Regina
1135 714 1370 755 Madalena⁵;
1398 727 1462 759 per
1482 715 1517 748 la
1535 715 1681 759 Pasqua
1699 715 1763 749 che
1782 715 1812 749 si
1831 715 1937 750 haue·

170 781 280 804 ranno
307 769 341 802 di
368 769 538 802 mandare
564 768 589 801 li
617 768 684 808 doi,
712 779 776 802 con
804 767 836 801 le
854 767 991 811 Regine
1004 768 1027 809 ⁶,
1054 767 1083 801 si
1110 767 1189 801 fara
1215 768 1369 811 qualche
1395 768 1598 812 prouisione
1626 769 1797 813 piacendo
1821 771 1841 802 a
1859 768 1935 803 Dio.

289 822 393 856 Circa
420 821 452 855 le
478 821 601 855 schole
628 821 670 855 de
689 820 930 864 Jngolstadio,
966 821 1083 855 scriue
1104 820 1147 855 V.
1174 820 1216 854 R.
1245 820 1310 854 che
1336 820 1383 855 ha
1408 821 1522 866 patito
1549 821 1703 866 repulsa,
1740 824 1776 855 et
1802 821 1938 856 benche

169 875 200 910 si
226 875 339 921 piglia
365 887 428 920 per
454 875 558 908 modo
585 874 619 908 di
646 875 757 917 gioco,
785 875 942 908 tuttauia
969 874 1025 908 fra
1051 874 1234 918 superiore
1261 876 1295 908 et
1322 875 1493 916 inferiori,
1521 874 1619 918 quali
1645 886 1730 909 sono
1757 874 1869 919 quelli
1895 875 1937 909 de

169 928 396 973 Jngolstadio
423 930 443 961 a
459 927 500 962 V.
520 927 560 961 R.
588 939 659 961 non
685 939 770 972 pare
797 928 827 961 si
854 927 984 961 habbia
1011 929 1031 961 a
1057 927 1232 972 pratticar
1256 929 1384 971 questo
1410 927 1606 971 linguagio,
1633 927 1758 972 poiche
1784 927 1805 961 l'
1822 927 1937 962 officio

169 982 243 1016 loro
271 985 288 1015 e
316 981 469 1022 obedire,
506 981 665 1014 tuttauia
700 980 731 1014 si
758 980 923 1014 desidera
956 980 1143 1014 intendere
1178 980 1244 1014 che
1271 992 1381 1014 causa
1407 980 1561 1014 habbino
1589 981 1671 1015 dato
1705 993 1769 1026 per
1793 993 1863 1015 non
1889 980 1936 1015 10-

169 1035 314 1075 uarle⁷;

289 1088 340 1122 La
366 1087 514 1121 lettione
542 1087 711 1121 dialetica
737 1087 771 1120 di
798 1086 998 1127 Monachio,
1034 1089 1052 1120 e
1079 1088 1175 1120 stato
1201 1087 1291 1121 bene
1324 1086 1470 1128 leuen-la,
1506 1086 1642 1121 benche
1669 1087 1758 1132 dopo
1785 1088 1938 1131 Pasqua,

170 1154 208 1176 se
235 1153 363 1186 parera
400 1142 419 1174 a
447 1141 489 1174 V.
517 1141 558 1174 R.
586 1140 798 1180 concedeffi,
835 1139 986 1184 qualche
1014 1140 1222 1185 compendio
1258 1140 1293 1174 di
1320 1140 1513 1181 dialettica,
1552 1141 1736 1186 parendoli
1763 1141 1887 1186 capaci
1912 1140 1936 1174 li

170 1195 334 1235 auditori,
362 1194 395 1227 lo
421 1195 525 1238 potra
552 1194 649 1234 fare;

288 1247 314 1281 11
338 1247 375 1281 Ρ.
395 1246 589 1280 Balthasar
615 1258 714 1281 come
741 1258 824 1280 sara
849 1247 951 1280 finito
977 1246 1001 1280 il
1029 1249 1159 1291 tempo,
1187 1258 1250 1291 per
1276 1247 1300 1280 il
1328 1246 1433 1290 quale
1460 1247 1499 1280 fu
1526 1258 1705 1287 concesso,
1733 1247 1762 1280 si
1788 1246 1935 1280 reuochi

170 1304 206 1335 et
239 1312 278 1335 se
313 1300 343 1334 si
380 1312 462 1334 sara
489 1300 558 1333 ben
585 1300 777 1345 diportato,
814 1300 843 1334 si
880 1303 984 1344 potra
1010 1299 1145 1333 ritener
1170 1299 1206 1333 in
1234 1311 1328 1340 casa,
1365 1311 1428 1344 per
1453 1299 1563 1333 ueder
1598 1300 1628 1333 si
1655 1300 1733 1333 fara
1768 1299 1793 1333 il
1819 1299 1937 1333 debito

168 1365 245 1396 suo,
273 1356 309 1389 et
334 1353 476 1397 quando
512 1365 582 1386 non
610 1352 642 1387 lo
669 1353 802 1387 facessi
828 1353 871 1387 V.
899 1353 941 1387 R.
978 1353 1011 1386 lo
1039 1355 1141 1397 potra
1167 1352 1318 1386 mandar
1351 1352 1463 1386 libero
1489 1352 1583 1386 fuori
1610 1352 1691 1386 dela
1718 1352 1937 1398 Compagnia

169 1406 375 1441 aiutandolo
410 1406 454 1440 ad
480 1406 593 1440 hauer
619 1406 771 1450 qualche
798 1406 999 1440 conditione
1026 1407 1129 1447 bona,
1165 1408 1200 1439 et
1227 1408 1355 1449 questo
1381 1406 1576 1440 medesimo
1613 1407 1641 1439 si
1670 1408 1772 1450 potra
1799 1407 1854 1440 far
1880 1418 1936 1440 su-

169 1461 243 1495 bito
270 1472 377 1494 senza
403 1459 496 1493 altra
522 1471 643 1504 proua,
670 1471 708 1494 se
735 1460 765 1504 sj
793 1460 979 1494 intendera
1006 1459 1071 1493 che
1097 1471 1166 1493 non
1193 1459 1223 1493 si
1250 1462 1268 1492 e
1295 1459 1473 1503 diportato
1499 1459 1589 1493 bene
1616 1470 1681 1493 con
1700 1458 1783 1503 quel
1801 1460 1936 1493 contess.

289 1514 362 1548 Con
389 1513 637 1558 christophoro
665 1525 749 1547 coco
775 1513 1014 1558 aenipontano
1027 1514 1049 1555 9,
1086 1513 1117 1546 si
1149 1512 1265 1546 faccia
1290 1512 1491 1546 un’ultima
1517 1524 1638 1557 proua,
1675 1524 1774 1546 come
1810 1512 1866 1546 chi
1893 1513 1936 1547 da

168 1567 204 1601 la
230 1569 386 1601 estrema
405 1566 562 1607 untione,
589 1567 725 1600 usando
753 1567 795 1600 de
822 1566 942 1600 alcuni
967 1565 1107 1611 rimedij
1134 1565 1322 1609 gagliardi,
1350 1568 1386 1599 et
1412 1577 1450 1599 se
1477 1577 1546 1599 non
1572 1566 1602 1599 si
1630 1566 1819 1600 emendera
1835 1566 1877 1600 V.
1894 1565 1936 1600 R.

168 1621 259 1655 uditi
285 1620 310 1654 li
337 1620 414 1654 suoi
434 1619 639 1661 consultori,
667 1620 697 1654 si
723 1619 858 1654 risolua
885 1621 921 1653 et
946 1619 980 1654 lo
999 1622 1101 1664 petra
1121 1619 1291 1652 mandare
1318 1631 1382 1652 con
1402 1619 1478 1660 Dio,
1507 1619 1549 1653 de
1569 1619 1659 1653 altre
1678 1630 1759 1653 cose
1777 1620 1936 1653 scriuera

170 1674 195 1708 il
220 1673 414 1708 medesimo
442 1672 557 1706 Padre
585 1673 760 1708 Canisio.“

294 1783 301 1801 ¹
330 1781 507 1814 Henricus
534 1780 650 1814 Han-dt
675 1780 753 1813 sive
769 1778 990 1819 Winsenius,
1018 1779 1061 1812 de
1088 1790 1156 1822 quo
1186 1780 1273 1813 Can.
1300 1778 1351 1813 IV
1375 1779 1441 1813 501
1473 1779 1706 1823 &Cataloyus
1732 1778 1935 1822 dilinganus

174 1836 202 1869 1.
230 1834 445 1868 Novembris
474 1834 584 1874 1567;
612 1833 698 1867 GSC
726 1833 770 1867 66
796 1832 821 1867 f.
850 1832 1096 1875 3822—3832).
1149 1832 1184 1866 Is
1211 1832 1267 1866 25.
1294 1832 1460 1866 Octobris
1489 1832 1578 1866 1569
1606 1843 1676 1866 una
1702 1843 1782 1865 curn
1808 1831 1935 1866 Iacobo

171 1888 259 1922 Rem
288 1888 321 1921 S.
343 1888 375 1921 J.
403 1886 569 1929 Dilingae
596 1886 770 1929 magister
796 1886 926 1919 artium
955 1888 1098 1919 creatus
1125 1888 1180 1919 est
1209 1885 1310 1929 (Cod.
1329 1885 1451 1928 diling.
1484 1886 1596 1927 „Acta
1623 1896 1676 1919 ac.
1700 1883 1789 1919 Dil.“
1813 1897 1844 1929 p.
1862 1885 1934 1923 77).

291 1940 303 1960 2
332 1940 385 1974 Cf.
412 1951 521 1984 supra
556 1951 588 1984 p.
617 1939 712 1974 205³.
766 1940 942 1973 Polctncus
979 1939 1151 1988 mandatu
1188 1938 1340 1981 Borgiae
1377 1938 1490 1971 Roma
1526 1937 1580 1972 30.
1610 1937 1817 1972 Decembris
1846 1938 1936 1972 1570

172 1995 212 2028 P.
239 1993 362 2028 Ioanni
389 1993 576 2038 Baptistae
604 1992 762 2026 Perusco
789 1993 805 2010 *²
817 1992 982 2037 scripsit:
1025 1992 1071 2034 „E
1101 2003 1185 2025 vero
1212 1991 1277 2025 che
1308 1991 1343 2025 la
1370 1990 1589 2036 Compagnia
1616 1993 1739 2025 nostra
1764 1991 1859 2025 tiene
1885 1991 1935 2025 fa-

171 2047 266 2082 00113
293 2046 473 2081 conforme
500 2057 520 2079 a
547 2045 668 2089 quella
695 2045 790 2079 della
808 2045 996 2089 Religione
1022 2045 1065 2079 de
1083 2045 1305 2079 Mendicanti
1324 2071 1331 2078 .
1352 2056 1410 2078 ma
1436 2056 1456 2078 a
1483 2046 1604 2078 nostro
1630 2045 1744 2085 modo,
1772 2044 1847 2078 cioe
1872 2056 1936 2089 per

171 2101 229 2135 uia
256 2100 312 2134 del
340 2098 494 2133 General
520 2099 544 2132 il
572 2099 656 2143 qual
681 2111 751 2132 non
778 2099 823 2132 da
848 2099 892 2132 ad
919 2099 1002 2141 ogni
1029 2110 1099 2132 uno
1126 2097 1209 2141 ogni
1236 2098 1387 2132 facolta“
1422 2098 1483 2141 (ex
1514 2109 1637 2142 apogr.
1665 2098 1777 2132 eiusd.
1804 2100 1933 2142 temp.;

171 2154 260 2199 Epp.
288 2154 331 2187 It.
361 2153 589 2187 1569-1571
624 2152 648 2186 f.
675 2152 789 2191 201³).
841 2152 892 2186 Cf.
924 2153 1011 2186 Can.
1040 2151 1090 2185 IV
1116 2151 1197 2185 472.

293 2209 305 2225 ³
331 2206 422 2240 Vide
448 2217 540 2250 quae
566 2205 632 2239 sub
658 2205 756 2249 ipsas
782 2204 848 2239 has
873 2205 1014 2239 litteras
1041 2205 1215 2238 dicentur.

291 2262 303 2280 4
330 2259 400 2293 PP.
428 2259 596 2293 Ioannem
621 2258 793 2303 Dyrsium
820 2260 856 2292 et
881 2258 1034 2292 Paulum
1061 2257 1339 2299 Hetzcovaeum,
1371 2256 1608 2300 Magdalenae
1636 2259 1671 2291 et
1697 2256 1855 2291 Helenae
1881 2268 1933 2290 re-

174 2315 336 2358 ginarum
364 2312 614 2353 confessarios,
641 2311 833 2354 significat.

292 2369 304 2387 5
329 2365 421 2400 Vide
447 2365 551 2406 infra,
578 2377 669 2398 mon.
698 2376 774 2398 oen.
803 2363 869 2407 (7).

291 2421 303 2440 ⁶
330 2419 470 2460 Halam,
497 2418 556 2452 ubi
583 2418 729 2461 reginae
756 2418 945 2461 collegium
973 2416 1061 2451 illud
1089 2417 1270 2461 virginum
1299 2417 1506 2451 conditurae
1534 2418 1645 2450 erant.

289 2474 301 2493 ”⁴
327 2472 419 2506 Vide
444 2483 553 2516 supra
579 2483 612 2516 p.
633 2471 712 2505 216.
766 2470 965 2514 Collegium
991 2471 1273 2514 ingolstadiense
1309 2471 1340 2504 9.
1369 2469 1534 2504 Octobris
1565 2470 1653 2504 1568
1680 2468 1847 2512 vulgavit
1874 2469 1932 2503 vel

172 2527 301 2560 saltem
327 2526 478 2568 vulgare
504 2524 618 2558 voluit
649 2524 880 2567 „Catalogum
916 2523 1108 2557 lectionum
1145 2526 1180 2557 et
1211 2523 1529 2558 exercitationum“
1566 2523 1600 2556 in
1627 2524 1796 2566 quattuor
1825 2522 1934 2564 „clas-

173 2580 289 2613 sibus“
320 2580 405 2619 suis,
433 2589 585 2622 quarum
612 2577 727 2621 prima
753 2580 850 2611 esset
880 2576 934 2619 „in
961 2577 1199 2618 Rhetoricis“,
1229 2578 1282 2611 11.
1310 2576 1477 2611 Octobris
1503 2575 1793 2610 incohandarum.
1831 2575 1933 2610 Cata-

172 2633 292 2675 logum
320 2632 439 2676 posuit
465 2631 630 2665 Pac-haer
655 2630 677 2664 l.
706 2642 735 2664 0.
764 2630 777 2663 Ι
805 2630 1004 2665 212—214.

293 2686 305 2704 s
335 2686 567 2727 7,Οῖῑιρηνὶοιιε
589 2684 707 2717 Comes
732 2685 770 2716 in
791 2683 1112 2728 Schwartzenberq,
1139 2683 1230 2717 liber
1256 2683 1348 2716 Baro
1376 2683 1409 2716 in
1438 2681 1562 2715 Hohen
1591 2681 1812 2725 Landsperg,
1840 2681 1932 2715 Ran-

175 2738 285 2781 deccij
314 2737 486 2770 Dominus
513 2739 580 2770 etc.
608 2748 769 2770 summus
805 2748 868 2781 per
894 2736 1085 2770 Bauariam
1112 2735 1326 2770 Praefectus
1353 2737 1440 2769 etc.“
1471 2734 1632 2768 ·³·²·litteris
1657 2734 1810 2779 publicis
1837 2735 1931 2768 Mon·

173 2790 274 2824 achio
309 2791 365 2824 21.
400 2789 606 2823 Decembris
645 2789 735 2823 1568
774 2789 867 2824 datis
906 2791 1064 2823 testatus
1104 2791 1160 2823 est
1198 2789 1258 2830 „R
1286 2788 1534 2823 Balthasarem
1573 2787 1785 2832 Samereyer
1816 2787 1849 2821 S.
1876 2788 1928 2822 J.“

177 2856 242 2886 „ex
268 2843 491 2887 superiorum
518 2854 662 2875 suorum
690 2842 875 2876 voluntate
911 2854 973 2886 per
1009 2843 1153 2886 aliquod
1180 2844 1322 2886 tempus
1357 2842 1392 2875 in
1419 2841 1522 2875 domo
1557 2843 1593 2874 et
1624 2840 1762 2875 familia
1788 2842 1929 2874 nostra“

174 2897 286 2931 fuisse
321 2898 429 2939 atque
463 2907 610 2928 munere
647 2895 780 2939 optime
815 2896 977 2929 functum
1013 2907 1093 2930 esse
1122 2895 1184 2937 (ex
1210 2894 1417 2939 archetypo,
1454 2895 1547 2938 quod
1583 2895 1705 2928 exstat
1730 2893 1863 2928 Romae
1898 2894 1932 2927 111

174 2949 321 2983 archivo
347 2948 448 2991 regni
475 2948 598 2987 italici,
630 2948 755 2989 „Arclr
784 2949 838 2982 dei
867 2948 1017 2990 Gesuiti,
1044 2948 1187 2982 Lettere
1218 2947 1502 2990 1548—1573“).

294 3003 306 3021 9
333 3001 384 3034 De
411 3000 665 3044 Christophoro
696 3001 956 3043 „Saldorfensi“
987 3002 1101 3035 fratre
1127 3002 1218 3035 laico
1255 3013 1288 3035 v.
1316 3012 1425 3045 supra
1460 3012 1492 3045 p.
1521 3001 1553 3034 2.
1602 3001 1678 3034 Hoc
1711 3001 1830 3033 tamen
1856 2999 1933 3034 loco

175 3055 292 3100 potius
319 3054 470 3088 dixerim
497 3054 692 3095 significari
720 3054 1015 3099 Christophorum
1042 3054 1298 3095 Amschamer3
1325 3053 1368 3087 de
1394 3065 1462 3097 quo
1489 3053 1594 3094 infra,
1622 3065 1675 3098 ep.
1702 3064 1735 3087 n.
1757 3053 1857 3087 1621.
