<?xml version="1.0" encoding="UTF-8"?>
<!DOCTYPE html PUBLIC "-//W3C//DTD XHTML 1.0 Transitional//EN"
    "http://www.w3.org/TR/xhtml1/DTD/xhtml1-transitional.dtd">
<html xmlns="http://www.w3.org/1999/xhtml" xml:lang="en" lang="en">
 <head>
  <title>
</title>
<meta http-equiv="Content-Type" content="text/html;charset=utf-8" />
  <meta name='ocr-system' content='tesseract 3.04.00' />
  <meta name='ocr-capabilities' content='ocr_page ocr_carea ocr_par ocr_line ocrx_word'/>
</head>
<body>
  <div class='ocr_page' id='page_1' title='image "beatipetricanisi06cani_0424.png"; bbox 0 0 2044 3335; ppageno 0'>
   <div class='ocr_carea' id='block_1_1' title="bbox 118 74 1487 121">
    <p class='ocr_par' dir='ltr' id='par_1_1' title="bbox 118 74 1487 121">
     <span class='ocr_line' id='line_1_1' title="bbox 118 74 1487 121; baseline 0.001 -13"><span class='ocrx_word' id='word_1_1' title='bbox 118 78 205 118; x_wconf 79' lang='lat'>350</span> <span class='ocrx_word' id='word_1_2' title='bbox 509 76 610 109; x_wconf 73' lang='lat'><strong>1678.</strong></span> <span class='ocrx_word' id='word_1_3' title='bbox 638 74 804 109; x_wconf 82' lang='lat' dir='ltr'>Canisius</span> <span class='ocrx_word' id='word_1_4' title='bbox 830 74 954 108; x_wconf 82' lang='lat' dir='ltr'>loanni</span> <span class='ocrx_word' id='word_1_5' title='bbox 981 74 1138 109; x_wconf 90' lang='lat' dir='ltr'>Thomae</span> <span class='ocrx_word' id='word_1_6' title='bbox 1164 74 1288 109; x_wconf 89' lang='lat' dir='ltr'>baroni</span> <span class='ocrx_word' id='word_1_7' title='bbox 1315 87 1336 110; x_wconf 86' lang='lat' dir='ltr'>a</span> <span class='ocrx_word' id='word_1_8' title='bbox 1362 76 1487 121; x_wconf 87' lang='lat' dir='ltr'>Spaur.</span> 
     </span>
    </p>
   </div>
   <div class='ocr_carea' id='block_1_2' title="bbox 113 192 1879 2392">
    <p class='ocr_par' dir='ltr' id='par_1_2' title="bbox 115 192 1879 1089">
     <span class='ocr_line' id='line_1_2' title="bbox 117 192 1878 247; baseline 0.002 -14"><span class='ocrx_word' id='word_1_9' title='bbox 117 193 339 241; x_wconf 89' lang='lat' dir='ltr'>damnant,</span> <span class='ocrx_word' id='word_1_10' title='bbox 383 192 454 245; x_wconf 85' lang='lat' dir='ltr'>qui</span> <span class='ocrx_word' id='word_1_11' title='bbox 486 194 761 233; x_wconf 88' lang='lat' dir='ltr'>sacramenta</span> <span class='ocrx_word' id='word_1_12' title='bbox 793 194 1075 234; x_wconf 88' lang='lat' dir='ltr'>contemnunt</span> <span class='ocrx_word' id='word_1_13' title='bbox 1107 192 1291 244; x_wconf 87' lang='lat' dir='ltr'>integra,</span> <span class='ocrx_word' id='word_1_14' title='bbox 1335 194 1406 247; x_wconf 92' lang='lat' dir='ltr'>qui</span> <span class='ocrx_word' id='word_1_15' title='bbox 1440 195 1668 237; x_wconf 88' lang='lat' dir='ltr'>damnatos</span> <span class='ocrx_word' id='word_1_16' title='bbox 1699 197 1878 238; x_wconf 85' lang='lat' dir='ltr'>tuentur</span> 
     </span>
     <span class='ocr_line' id='line_1_3' title="bbox 116 256 1878 312; baseline 0.002 -13"><span class='ocrx_word' id='word_1_17' title='bbox 116 271 297 307; x_wconf 88' lang='lat' dir='ltr'>errores,</span> <span class='ocrx_word' id='word_1_18' title='bbox 333 257 404 309; x_wconf 86' lang='lat' dir='ltr'>qui</span> <span class='ocrx_word' id='word_1_19' title='bbox 437 257 677 298; x_wconf 75' lang='lat' dir='ltr'>doctrinam</span> <span class='ocrx_word' id='word_1_20' title='bbox 700 256 901 298; x_wconf 84' lang='lat' dir='ltr'>veritatis</span> <span class='ocrx_word' id='word_1_21' title='bbox 925 259 968 298; x_wconf 86' lang='lat' dir='ltr'>et</span> <span class='ocrx_word' id='word_1_22' title='bbox 990 270 1180 299; x_wconf 88' lang='lat' dir='ltr'>summos</span> <span class='ocrx_word' id='word_1_23' title='bbox 1203 258 1424 300; x_wconf 80' lang='lat' dir='ltr'>Ecclesiae</span> <span class='ocrx_word' id='word_1_24' title='bbox 1447 260 1730 312; x_wconf 76' lang='lat' dir='ltr'><strong>magistratus</strong></span> <span class='ocrx_word' id='word_1_25' title='bbox 1763 260 1878 302; x_wconf 88' lang='lat' dir='ltr'>blas-</span> 
     </span>
     <span class='ocr_line' id='line_1_4' title="bbox 116 320 1877 378; baseline 0.002 -15"><span class='ocrx_word' id='word_1_26' title='bbox 116 322 365 376; x_wconf 74' lang='lat' dir='ltr'>phemantl,</span> <span class='ocrx_word' id='word_1_27' title='bbox 410 324 454 363; x_wconf 84' lang='lat' dir='ltr'>et</span> <span class='ocrx_word' id='word_1_28' title='bbox 494 321 579 363; x_wconf 88' lang='lat' dir='ltr'>iam</span> <span class='ocrx_word' id='word_1_29' title='bbox 622 321 818 363; x_wconf 86' lang='lat' dir='ltr'>sedent</span> <span class='ocrx_word' id='word_1_30' title='bbox 862 320 912 362; x_wconf 92' lang='lat' dir='ltr'>in</span> <span class='ocrx_word' id='word_1_31' title='bbox 959 322 1228 364; x_wconf 75' lang='lat' dir='ltr'>cathedra</span> <span class='ocrx_word' id='word_1_32' title='bbox 1271 324 1685 377; x_wconf 81' lang='lat' dir='ltr'>pestilentiae2‚</span> <span class='ocrx_word' id='word_1_33' title='bbox 1731 339 1877 378; x_wconf 89' lang='lat' dir='ltr'>quem-</span> 
     </span>
     <span class='ocr_line' id='line_1_5' title="bbox 116 385 1877 439; baseline 0.002 -12"><span class='ocrx_word' id='word_1_34' title='bbox 116 387 342 428; x_wconf 79' lang='lat' dir='ltr'>admodum</span> <span class='ocrx_word' id='word_1_35' title='bbox 367 386 523 439; x_wconf 89' lang='lat' dir='ltr'>probat</span> <span class='ocrx_word' id='word_1_36' title='bbox 547 386 854 439; x_wconf 66' lang='lat' dir='ltr'>Augustinusss.</span> <span class='ocrx_word' id='word_1_37' title='bbox 890 385 1098 435; x_wconf 79' lang='lat' dir='ltr'>Quocirca</span> <span class='ocrx_word' id='word_1_38' title='bbox 1122 386 1294 429; x_wconf 88' lang='lat' dir='ltr'>minime</span> <span class='ocrx_word' id='word_1_39' title='bbox 1317 389 1559 430; x_wconf 87' lang='lat' dir='ltr'>consultum</span> <span class='ocrx_word' id='word_1_40' title='bbox 1584 392 1627 431; x_wconf 90' lang='lat' dir='ltr'>et</span> <span class='ocrx_word' id='word_1_41' title='bbox 1648 389 1877 431; x_wconf 87' lang='lat' dir='ltr'>honestum</span> 
     </span>
     <span class='ocr_line' id='line_1_6' title="bbox 116 451 1877 505; baseline 0.002 -13"><span class='ocrx_word' id='word_1_42' title='bbox 116 454 233 505; x_wconf 90' lang='lat' dir='ltr'>puto,</span> <span class='ocrx_word' id='word_1_43' title='bbox 268 454 315 492; x_wconf 89' lang='lat' dir='ltr'>ut</span> <span class='ocrx_word' id='word_1_44' title='bbox 348 451 539 492; x_wconf 89' lang='lat' dir='ltr'>rationes</span> <span class='ocrx_word' id='word_1_45' title='bbox 572 451 811 493; x_wconf 88' lang='lat' dir='ltr'>rationibus</span> <span class='ocrx_word' id='word_1_46' title='bbox 844 451 1115 502; x_wconf 80' lang='lat' dir='ltr'>refellantur,</span> <span class='ocrx_word' id='word_1_47' title='bbox 1150 454 1194 494; x_wconf 89' lang='lat' dir='ltr'>et</span> <span class='ocrx_word' id='word_1_48' title='bbox 1227 453 1524 495; x_wconf 73' lang='lat' dir='ltr'>contentiosae</span> <span class='ocrx_word' id='word_1_49' title='bbox 1557 453 1774 496; x_wconf 76' lang='lat' dir='ltr'>tribuatur</span> <span class='ocrx_word' id='word_1_50' title='bbox 1807 468 1877 496; x_wconf 92' lang='lat' dir='ltr'>oc-</span> 
     </span>
     <span class='ocr_line' id='line_1_7' title="bbox 117 516 1878 571; baseline 0.002 -13"><span class='ocrx_word' id='word_1_51' title='bbox 117 516 233 558; x_wconf 89' lang='lat' dir='ltr'>casio</span> <span class='ocrx_word' id='word_1_52' title='bbox 267 516 318 557; x_wconf 90' lang='lat' dir='ltr'>de</span> <span class='ocrx_word' id='word_1_53' title='bbox 351 518 658 558; x_wconf 78' lang='lat' dir='ltr'>sacrosanctae</span> <span class='ocrx_word' id='word_1_54' title='bbox 690 516 787 557; x_wconf 91' lang='lat' dir='ltr'>fidei</span> <span class='ocrx_word' id='word_1_55' title='bbox 811 519 987 558; x_wconf 85' lang='lat' dir='ltr'>nostrae</span> <span class='ocrx_word' id='word_1_56' title='bbox 1009 516 1231 571; x_wconf 83' lang='lat' dir='ltr'>mysterijs</span> <span class='ocrx_word' id='word_1_57' title='bbox 1254 518 1368 571; x_wconf 89' lang='lat' dir='ltr'>apud</span> <span class='ocrx_word' id='word_1_58' title='bbox 1391 532 1492 559; x_wconf 91' lang='lat' dir='ltr'>suos</span> <span class='ocrx_word' id='word_1_59' title='bbox 1523 519 1714 571; x_wconf 86' lang='lat' dir='ltr'>nugandi</span> <span class='ocrx_word' id='word_1_60' title='bbox 1747 521 1878 571; x_wconf 86' lang='lat' dir='ltr'>atque</span> 
     </span>
     <span class='ocr_line' id='line_1_8' title="bbox 115 581 1876 636; baseline 0.002 -15"><span class='ocrx_word' id='word_1_61' title='bbox 115 581 294 631; x_wconf 89' lang='lat' dir='ltr'>ridendi,</span> <span class='ocrx_word' id='word_1_62' title='bbox 336 583 384 622; x_wconf 89' lang='lat' dir='ltr'>ut</span> <span class='ocrx_word' id='word_1_63' title='bbox 416 581 495 622; x_wconf 92' lang='lat' dir='ltr'>hoc</span> <span class='ocrx_word' id='word_1_64' title='bbox 528 581 745 623; x_wconf 88' lang='lat' dir='ltr'>hominum</span> <span class='ocrx_word' id='word_1_65' title='bbox 779 595 916 633; x_wconf 90' lang='lat' dir='ltr'>genus</span> <span class='ocrx_word' id='word_1_66' title='bbox 948 581 1095 622; x_wconf 88' lang='lat' dir='ltr'>facere</span> <span class='ocrx_word' id='word_1_67' title='bbox 1127 582 1251 624; x_wconf 88' lang='lat' dir='ltr'>solet.</span> <span class='ocrx_word' id='word_1_68' title='bbox 1316 583 1448 636; x_wconf 88' lang='lat' dir='ltr'>Cupio</span> <span class='ocrx_word' id='word_1_69' title='bbox 1482 583 1694 625; x_wconf 87' lang='lat' dir='ltr'>rationem</span> <span class='ocrx_word' id='word_1_70' title='bbox 1726 583 1876 625; x_wconf 87' lang='lat' dir='ltr'>haberi</span> 
     </span>
     <span class='ocr_line' id='line_1_9' title="bbox 117 646 1878 701; baseline 0.002 -15"><span class='ocrx_word' id='word_1_71' title='bbox 117 659 287 695; x_wconf 87' lang='lat' dir='ltr'>causae,</span> <span class='ocrx_word' id='word_1_72' title='bbox 331 660 458 698; x_wconf 89' lang='lat' dir='ltr'>quam</span> <span class='ocrx_word' id='word_1_73' title='bbox 501 646 581 688; x_wconf 88' lang='lat' dir='ltr'>hac</span> <span class='ocrx_word' id='word_1_74' title='bbox 613 646 827 687; x_wconf 87' lang='lat' dir='ltr'>scribendi</span> <span class='ocrx_word' id='word_1_75' title='bbox 865 646 1034 687; x_wconf 87' lang='lat' dir='ltr'>ratione</span> <span class='ocrx_word' id='word_1_76' title='bbox 1068 661 1151 688; x_wconf 91' lang='lat' dir='ltr'>non</span> <span class='ocrx_word' id='word_1_77' title='bbox 1194 661 1519 700; x_wconf 81' lang='lat' dir='ltr'>promonemus:</span> <span class='ocrx_word' id='word_1_78' title='bbox 1561 661 1700 700; x_wconf 89' lang='lat' dir='ltr'>neque</span> <span class='ocrx_word' id='word_1_79' title='bbox 1741 648 1878 701; x_wconf 90' lang='lat' dir='ltr'>negli-</span> 
     </span>
     <span class='ocr_line' id='line_1_10' title="bbox 116 711 1876 765; baseline 0.002 -14"><span class='ocrx_word' id='word_1_80' title='bbox 116 711 258 763; x_wconf 89' lang='lat' dir='ltr'>genda</span> <span class='ocrx_word' id='word_1_81' title='bbox 290 714 357 752; x_wconf 91' lang='lat' dir='ltr'>est</span> <span class='ocrx_word' id='word_1_82' title='bbox 379 714 427 752; x_wconf 89' lang='lat' dir='ltr'>ut</span> <span class='ocrx_word' id='word_1_83' title='bbox 449 711 551 761; x_wconf 83' lang='lat' dir='ltr'>dixi,</span> <span class='ocrx_word' id='word_1_84' title='bbox 586 725 796 765; x_wconf 89' lang='lat' dir='ltr'>personae</span> <span class='ocrx_word' id='word_1_85' title='bbox 820 711 1076 762; x_wconf 86' lang='lat' dir='ltr'>authoritas,</span> <span class='ocrx_word' id='word_1_86' title='bbox 1111 725 1222 764; x_wconf 86' lang='lat' dir='ltr'>quae</span> <span class='ocrx_word' id='word_1_87' title='bbox 1255 712 1367 765; x_wconf 89' lang='lat' dir='ltr'>apud</span> <span class='ocrx_word' id='word_1_88' title='bbox 1390 712 1498 754; x_wconf 91' lang='lat' dir='ltr'>istos</span> <span class='ocrx_word' id='word_1_89' title='bbox 1530 712 1658 754; x_wconf 88' lang='lat' dir='ltr'>facile</span> <span class='ocrx_word' id='word_1_90' title='bbox 1680 713 1876 763; x_wconf 88' lang='lat' dir='ltr'>uilescat,</span> 
     </span>
     <span class='ocr_line' id='line_1_11' title="bbox 116 775 1876 831; baseline 0.002 -15"><span class='ocrx_word' id='word_1_91' title='bbox 116 775 152 816; x_wconf 91' lang='lat' dir='ltr'>si</span> <span class='ocrx_word' id='word_1_92' title='bbox 194 778 350 829; x_wconf 80' lang='lat' dir='ltr'>pergat</span> <span class='ocrx_word' id='word_1_93' title='bbox 391 776 628 829; x_wconf 86' lang='lat' dir='ltr'>amplitudo</span> <span class='ocrx_word' id='word_1_94' title='bbox 672 779 768 826; x_wconf 90' lang='lat' dir='ltr'>tua,</span> <span class='ocrx_word' id='word_1_95' title='bbox 818 777 937 818; x_wconf 89' lang='lat' dir='ltr'>uelut</span> <span class='ocrx_word' id='word_1_96' title='bbox 978 790 1055 830; x_wconf 90' lang='lat' dir='ltr'>per</span> <span class='ocrx_word' id='word_1_97' title='bbox 1097 776 1227 817; x_wconf 85' lang='lat' dir='ltr'>alium</span> <span class='ocrx_word' id='word_1_98' title='bbox 1271 777 1555 819; x_wconf 87' lang='lat' dir='ltr'>subornatum</span> <span class='ocrx_word' id='word_1_99' title='bbox 1597 777 1876 831; x_wconf 80' lang='lat' dir='ltr'>Theologum,</span> 
     </span>
     <span class='ocr_line' id='line_1_12' title="bbox 117 840 1879 895; baseline 0.002 -14"><span class='ocrx_word' id='word_1_100' title='bbox 117 840 352 894; x_wconf 87' lang='lat' dir='ltr'>disputare.</span> <span class='ocrx_word' id='word_1_101' title='bbox 406 841 619 890; x_wconf 82' lang='lat' dir='ltr'>Breuiter,</span> <span class='ocrx_word' id='word_1_102' title='bbox 654 841 817 883; x_wconf 88' lang='lat' dir='ltr'>maiora</span> <span class='ocrx_word' id='word_1_103' title='bbox 851 855 931 894; x_wconf 90' lang='lat' dir='ltr'>ego</span> <span class='ocrx_word' id='word_1_104' title='bbox 958 841 1228 883; x_wconf 81' lang='lat' dir='ltr'>incommoda</span> <span class='ocrx_word' id='word_1_105' title='bbox 1260 856 1387 895; x_wconf 86' lang='lat' dir='ltr'>quam</span> <span class='ocrx_word' id='word_1_106' title='bbox 1422 843 1645 884; x_wconf 88' lang='lat' dir='ltr'>commoda</span> <span class='ocrx_word' id='word_1_107' title='bbox 1677 846 1879 885; x_wconf 88' lang='lat' dir='ltr'>secutura</span> 
     </span>
     <span class='ocr_line' id='line_1_13' title="bbox 116 905 1877 960; baseline 0.002 -14"><span class='ocrx_word' id='word_1_108' title='bbox 116 905 361 959; x_wconf 86' lang='lat' dir='ltr'>praeuideo,</span> <span class='ocrx_word' id='word_1_109' title='bbox 397 906 476 947; x_wconf 91' lang='lat' dir='ltr'>nisi</span> <span class='ocrx_word' id='word_1_110' title='bbox 500 909 713 948; x_wconf 89' lang='lat' dir='ltr'>mutemus</span> <span class='ocrx_word' id='word_1_111' title='bbox 745 907 855 948; x_wconf 90' lang='lat' dir='ltr'>hanc</span> <span class='ocrx_word' id='word_1_112' title='bbox 878 906 1062 948; x_wconf 87' lang='lat' dir='ltr'>formam</span> <span class='ocrx_word' id='word_1_113' title='bbox 1085 907 1254 959; x_wconf 87' lang='lat' dir='ltr'>agendi,</span> <span class='ocrx_word' id='word_1_114' title='bbox 1289 921 1416 960; x_wconf 90' lang='lat' dir='ltr'>quam</span> <span class='ocrx_word' id='word_1_115' title='bbox 1440 907 1573 949; x_wconf 90' lang='lat' dir='ltr'>semel</span> <span class='ocrx_word' id='word_1_116' title='bbox 1604 910 1751 949; x_wconf 90' lang='lat' dir='ltr'>tamen</span> <span class='ocrx_word' id='word_1_117' title='bbox 1781 910 1877 950; x_wconf 90' lang='lat' dir='ltr'>ten-</span> 
     </span>
     <span class='ocr_line' id='line_1_14' title="bbox 116 970 1878 1026; baseline 0.001 -14"><span class='ocrx_word' id='word_1_118' title='bbox 116 973 236 1012; x_wconf 87' lang='lat' dir='ltr'>tasse</span> <span class='ocrx_word' id='word_1_119' title='bbox 276 970 380 1011; x_wconf 87' lang='lat' dir='ltr'>nihil</span> <span class='ocrx_word' id='word_1_120' title='bbox 429 970 584 1022; x_wconf 87' lang='lat' dir='ltr'>obfuit,</span> <span class='ocrx_word' id='word_1_121' title='bbox 635 985 730 1012; x_wconf 88' lang='lat' dir='ltr'>cum</span> <span class='ocrx_word' id='word_1_122' title='bbox 773 971 869 1013; x_wconf 91' lang='lat' dir='ltr'>hinc</span> <span class='ocrx_word' id='word_1_123' title='bbox 909 971 985 1013; x_wconf 91' lang='lat' dir='ltr'>illa</span> <span class='ocrx_word' id='word_1_124' title='bbox 1025 971 1200 1013; x_wconf 91' lang='lat' dir='ltr'>nimium</span> <span class='ocrx_word' id='word_1_125' title='bbox 1248 973 1486 1026; x_wconf 88' lang='lat' dir='ltr'>prodiderit</span> <span class='ocrx_word' id='word_1_126' title='bbox 1526 986 1643 1022; x_wconf 86' lang='lat' dir='ltr'>sese,</span> <span class='ocrx_word' id='word_1_127' title='bbox 1693 986 1878 1025; x_wconf 87' lang='lat' dir='ltr'>suosque</span> 
     </span>
     <span class='ocr_line' id='line_1_15' title="bbox 118 1035 1572 1089; baseline 0.002 -13"><span class='ocrx_word' id='word_1_128' title='bbox 118 1035 289 1076; x_wconf 89' lang='lat' dir='ltr'>morbos</span> <span class='ocrx_word' id='word_1_129' title='bbox 321 1035 613 1088; x_wconf 89' lang='lat' dir='ltr'>grauissimos,</span> <span class='ocrx_word' id='word_1_130' title='bbox 648 1036 799 1089; x_wconf 91' lang='lat' dir='ltr'>quibus</span> <span class='ocrx_word' id='word_1_131' title='bbox 832 1036 1016 1085; x_wconf 85' lang='lat' dir='ltr'>laborat,</span> <span class='ocrx_word' id='word_1_132' title='bbox 1050 1036 1178 1078; x_wconf 89' lang='lat' dir='ltr'>facile</span> <span class='ocrx_word' id='word_1_133' title='bbox 1211 1038 1572 1080; x_wconf 86' lang='lat' dir='ltr'>commonstrarit.</span> 
     </span>
    </p>

    <p class='ocr_par' dir='ltr' id='par_1_3' title="bbox 113 1100 1878 2392">
     <span class='ocr_line' id='line_1_16' title="bbox 236 1100 1877 1155; baseline 0.002 -14"><span class='ocrx_word' id='word_1_134' title='bbox 236 1100 329 1153; x_wconf 88' lang='lat' dir='ltr'>Ego</span> <span class='ocrx_word' id='word_1_135' title='bbox 362 1114 464 1141; x_wconf 92' lang='lat' dir='ltr'>uero</span> <span class='ocrx_word' id='word_1_136' title='bbox 498 1101 636 1154; x_wconf 86' lang='lat' dir='ltr'>magis</span> <span class='ocrx_word' id='word_1_137' title='bbox 669 1102 724 1142; x_wconf 88' lang='lat' dir='ltr'>ad</span> <span class='ocrx_word' id='word_1_138' title='bbox 756 1116 844 1143; x_wconf 87' lang='lat' dir='ltr'>rem</span> <span class='ocrx_word' id='word_1_139' title='bbox 879 1102 972 1143; x_wconf 88' lang='lat' dir='ltr'>fore</span> <span class='ocrx_word' id='word_1_140' title='bbox 1005 1102 1218 1151; x_wconf 85' lang='lat' dir='ltr'>ducerem,</span> <span class='ocrx_word' id='word_1_141' title='bbox 1259 1102 1295 1143; x_wconf 91' lang='lat' dir='ltr'>si</span> <span class='ocrx_word' id='word_1_142' title='bbox 1327 1102 1516 1155; x_wconf 82' lang='lat' dir='ltr'>dignitas</span> <span class='ocrx_word' id='word_1_143' title='bbox 1548 1104 1626 1144; x_wconf 87' lang='lat' dir='ltr'>tua</span> <span class='ocrx_word' id='word_1_144' title='bbox 1657 1102 1769 1144; x_wconf 87' lang='lat' dir='ltr'>serio</span> <span class='ocrx_word' id='word_1_145' title='bbox 1803 1103 1877 1144; x_wconf 90' lang='lat' dir='ltr'>de-</span> 
     </span>
     <span class='ocr_line' id='line_1_17' title="bbox 117 1164 1877 1219; baseline 0.002 -14"><span class='ocrx_word' id='word_1_146' title='bbox 117 1165 255 1206; x_wconf 87' lang='lat' dir='ltr'>claret</span> <span class='ocrx_word' id='word_1_147' title='bbox 287 1164 374 1206; x_wconf 91' lang='lat' dir='ltr'>suis</span> <span class='ocrx_word' id='word_1_148' title='bbox 407 1165 543 1207; x_wconf 88' lang='lat' dir='ltr'>literis</span> <span class='ocrx_word' id='word_1_149' title='bbox 576 1170 762 1208; x_wconf 89' lang='lat' dir='ltr'>mentem</span> <span class='ocrx_word' id='word_1_150' title='bbox 797 1166 946 1217; x_wconf 91' lang='lat' dir='ltr'>sorori,</span> <span class='ocrx_word' id='word_1_151' title='bbox 981 1167 1092 1219; x_wconf 91' lang='lat' dir='ltr'>quod</span> <span class='ocrx_word' id='word_1_152' title='bbox 1126 1167 1252 1208; x_wconf 89' lang='lat' dir='ltr'>ualde</span> <span class='ocrx_word' id='word_1_153' title='bbox 1276 1167 1455 1208; x_wconf 89' lang='lat' dir='ltr'>miretur</span> <span class='ocrx_word' id='word_1_154' title='bbox 1476 1182 1598 1209; x_wconf 90' lang='lat' dir='ltr'>suam</span> <span class='ocrx_word' id='word_1_155' title='bbox 1621 1169 1666 1209; x_wconf 86' lang='lat' dir='ltr'>et</span> <span class='ocrx_word' id='word_1_156' title='bbox 1688 1167 1877 1209; x_wconf 81' lang='lat' dir='ltr'>Catholi-</span> 
     </span>
     <span class='ocr_line' id='line_1_18' title="bbox 117 1230 1876 1286; baseline 0.002 -16"><span class='ocrx_word' id='word_1_157' title='bbox 117 1243 209 1271; x_wconf 89' lang='lat' dir='ltr'>cam</span> <span class='ocrx_word' id='word_1_158' title='bbox 253 1230 587 1272; x_wconf 89' lang='lat' dir='ltr'>admonitionem</span> <span class='ocrx_word' id='word_1_159' title='bbox 630 1232 744 1285; x_wconf 87' lang='lat' dir='ltr'>apud</span> <span class='ocrx_word' id='word_1_160' title='bbox 785 1232 902 1273; x_wconf 86' lang='lat' dir='ltr'>illam</span> <span class='ocrx_word' id='word_1_161' title='bbox 944 1235 1034 1273; x_wconf 90' lang='lat' dir='ltr'>tam</span> <span class='ocrx_word' id='word_1_162' title='bbox 1077 1246 1227 1286; x_wconf 91' lang='lat' dir='ltr'>parum</span> <span class='ocrx_word' id='word_1_163' title='bbox 1270 1232 1471 1283; x_wconf 88' lang='lat' dir='ltr'>ualuisse,</span> <span class='ocrx_word' id='word_1_164' title='bbox 1514 1235 1562 1275; x_wconf 90' lang='lat' dir='ltr'>ut</span> <span class='ocrx_word' id='word_1_165' title='bbox 1594 1232 1764 1274; x_wconf 90' lang='lat' dir='ltr'>omnino</span> <span class='ocrx_word' id='word_1_166' title='bbox 1797 1233 1876 1274; x_wconf 86' lang='lat' dir='ltr'>sibi</span> 
     </span>
     <span class='ocr_line' id='line_1_19' title="bbox 115 1295 1876 1350; baseline 0.002 -15"><span class='ocrx_word' id='word_1_167' title='bbox 115 1295 389 1348; x_wconf 81' lang='lat' dir='ltr'>persuadeat,</span> <span class='ocrx_word' id='word_1_168' title='bbox 424 1309 469 1336; x_wconf 87' lang='lat' dir='ltr'>se</span> <span class='ocrx_word' id='word_1_169' title='bbox 498 1302 699 1349; x_wconf 78' lang='lat' dir='ltr'>prorsusa</span> <span class='ocrx_word' id='word_1_170' title='bbox 719 1297 762 1338; x_wconf 90' lang='lat' dir='ltr'>in</span> <span class='ocrx_word' id='word_1_171' title='bbox 785 1299 1006 1350; x_wconf 86' lang='lat' dir='ltr'>posterum</span> <span class='ocrx_word' id='word_1_172' title='bbox 1029 1297 1134 1338; x_wconf 90' lang='lat' dir='ltr'>nihil</span> <span class='ocrx_word' id='word_1_173' title='bbox 1156 1297 1400 1339; x_wconf 88' lang='lat' dir='ltr'>habiturum</span> <span class='ocrx_word' id='word_1_174' title='bbox 1425 1312 1517 1339; x_wconf 89' lang='lat' dir='ltr'>cum</span> <span class='ocrx_word' id='word_1_175' title='bbox 1541 1297 1616 1339; x_wconf 86' lang='lat' dir='ltr'>illa</span> <span class='ocrx_word' id='word_1_176' title='bbox 1639 1311 1876 1347; x_wconf 83' lang='lat' dir='ltr'>commune,</span> 
     </span>
     <span class='ocr_line' id='line_1_20' title="bbox 116 1360 1877 1415; baseline 0.002 -14"><span class='ocrx_word' id='word_1_177' title='bbox 116 1374 226 1412; x_wconf 85' lang='lat' dir='ltr'>quae</span> <span class='ocrx_word' id='word_1_178' title='bbox 248 1363 337 1402; x_wconf 87' lang='lat' dir='ltr'>tam</span> <span class='ocrx_word' id='word_1_179' title='bbox 361 1360 554 1414; x_wconf 88' lang='lat' dir='ltr'>improbe</span> <span class='ocrx_word' id='word_1_180' title='bbox 581 1362 743 1404; x_wconf 86' lang='lat' dir='ltr'>sentiat</span> <span class='ocrx_word' id='word_1_181' title='bbox 776 1366 819 1404; x_wconf 92' lang='lat' dir='ltr'>et</span> <span class='ocrx_word' id='word_1_182' title='bbox 849 1362 1051 1415; x_wconf 87' lang='lat' dir='ltr'>loquatur</span> <span class='ocrx_word' id='word_1_183' title='bbox 1084 1362 1135 1404; x_wconf 90' lang='lat' dir='ltr'>de</span> <span class='ocrx_word' id='word_1_184' title='bbox 1167 1365 1316 1404; x_wconf 85' lang='lat' dir='ltr'>nostra</span> <span class='ocrx_word' id='word_1_185' title='bbox 1349 1377 1452 1404; x_wconf 87' lang='lat' dir='ltr'>uera</span> <span class='ocrx_word' id='word_1_186' title='bbox 1484 1363 1621 1404; x_wconf 83' lang='lat' dir='ltr'>ueteri</span> <span class='ocrx_word' id='word_1_187' title='bbox 1654 1364 1698 1404; x_wconf 84' lang='lat' dir='ltr'>et</span> <span class='ocrx_word' id='word_1_188' title='bbox 1730 1363 1877 1405; x_wconf 89' lang='lat' dir='ltr'>ortho-</span> 
     </span>
     <span class='ocr_line' id='line_1_21' title="bbox 115 1424 1875 1480; baseline 0.002 -15"><span class='ocrx_word' id='word_1_189' title='bbox 115 1424 229 1465; x_wconf 82' lang='lat' dir='ltr'>doxa</span> <span class='ocrx_word' id='word_1_190' title='bbox 250 1425 470 1478; x_wconf 83' lang='lat' dir='ltr'>religione,</span> <span class='ocrx_word' id='word_1_191' title='bbox 505 1426 546 1467; x_wconf 90' lang='lat' dir='ltr'>in</span> <span class='ocrx_word' id='word_1_192' title='bbox 581 1440 664 1479; x_wconf 85' lang='lat' dir='ltr'>qua</span> <span class='ocrx_word' id='word_1_193' title='bbox 698 1427 754 1468; x_wconf 88' lang='lat' dir='ltr'>sit</span> <span class='ocrx_word' id='word_1_194' title='bbox 775 1427 869 1480; x_wconf 90' lang='lat' dir='ltr'>ipsa</span> <span class='ocrx_word' id='word_1_195' title='bbox 892 1427 1061 1470; x_wconf 87' lang='lat' dir='ltr'>Christo</span> <span class='ocrx_word' id='word_1_196' title='bbox 1084 1430 1238 1469; x_wconf 87' lang='lat' dir='ltr'>renata</span> <span class='ocrx_word' id='word_1_197' title='bbox 1253 1428 1268 1454; x_wconf 84' lang='lat'>4</span> <span class='ocrx_word' id='word_1_198' title='bbox 1289 1427 1415 1468; x_wconf 90' lang='lat' dir='ltr'>simul</span> <span class='ocrx_word' id='word_1_199' title='bbox 1449 1430 1493 1469; x_wconf 88' lang='lat' dir='ltr'>et</span> <span class='ocrx_word' id='word_1_200' title='bbox 1515 1428 1712 1470; x_wconf 84' lang='lat' dir='ltr'>educata.</span> <span class='ocrx_word' id='word_1_201' title='bbox 1756 1428 1875 1477; x_wconf 83' lang='lat' dir='ltr'>Quod</span> 
     </span>
     <span class='ocr_line' id='line_1_22' title="bbox 115 1489 1878 1546; baseline 0.002 -16"><span class='ocrx_word' id='word_1_202' title='bbox 115 1489 170 1530; x_wconf 86' lang='lat' dir='ltr'>ad</span> <span class='ocrx_word' id='word_1_203' title='bbox 192 1489 399 1543; x_wconf 89' lang='lat' dir='ltr'>scriptum</span> <span class='ocrx_word' id='word_1_204' title='bbox 432 1490 571 1544; x_wconf 89' lang='lat' dir='ltr'>ipsum</span> <span class='ocrx_word' id='word_1_205' title='bbox 604 1491 780 1544; x_wconf 87' lang='lat' dir='ltr'>longum</span> <span class='ocrx_word' id='word_1_206' title='bbox 804 1492 975 1542; x_wconf 81' lang='lat' dir='ltr'>attinet,</span> <span class='ocrx_word' id='word_1_207' title='bbox 1010 1507 1093 1534; x_wconf 91' lang='lat' dir='ltr'>non</span> <span class='ocrx_word' id='word_1_208' title='bbox 1118 1506 1223 1546; x_wconf 91' lang='lat' dir='ltr'>opus</span> <span class='ocrx_word' id='word_1_209' title='bbox 1246 1506 1340 1534; x_wconf 86' lang='lat' dir='ltr'>esse</span> <span class='ocrx_word' id='word_1_210' title='bbox 1373 1493 1452 1534; x_wconf 88' lang='lat' dir='ltr'>hoc</span> <span class='ocrx_word' id='word_1_211' title='bbox 1475 1492 1586 1543; x_wconf 88' lang='lat' dir='ltr'>fuco,</span> <span class='ocrx_word' id='word_1_212' title='bbox 1620 1495 1669 1534; x_wconf 88' lang='lat' dir='ltr'>vt</span> <span class='ocrx_word' id='word_1_213' title='bbox 1691 1506 1738 1534; x_wconf 89' lang='lat' dir='ltr'>se</span> <span class='ocrx_word' id='word_1_214' title='bbox 1761 1493 1878 1535; x_wconf 90' lang='lat' dir='ltr'>dicat</span> 
     </span>
     <span class='ocr_line' id='line_1_23' title="bbox 115 1556 1872 1611; baseline 0.002 -16"><span class='ocrx_word' id='word_1_215' title='bbox 115 1568 260 1595; x_wconf 88' lang='lat' dir='ltr'>eorum</span> <span class='ocrx_word' id='word_1_216' title='bbox 295 1569 404 1607; x_wconf 91' lang='lat' dir='ltr'>quae</span> <span class='ocrx_word' id='word_1_217' title='bbox 437 1570 490 1597; x_wconf 87' lang='lat' dir='ltr'>ne</span> <span class='ocrx_word' id='word_1_218' title='bbox 512 1556 719 1609; x_wconf 86' lang='lat' dir='ltr'>intelligit</span> <span class='ocrx_word' id='word_1_219' title='bbox 742 1557 926 1609; x_wconf 89' lang='lat' dir='ltr'>quidem,</span> <span class='ocrx_word' id='word_1_220' title='bbox 961 1557 1193 1600; x_wconf 88' lang='lat' dir='ltr'>autricem:</span> <span class='ocrx_word' id='word_1_221' title='bbox 1227 1557 1419 1611; x_wconf 88' lang='lat' dir='ltr'>potuisse</span> <span class='ocrx_word' id='word_1_222' title='bbox 1452 1560 1595 1599; x_wconf 89' lang='lat' dir='ltr'>autem</span> <span class='ocrx_word' id='word_1_223' title='bbox 1621 1558 1872 1611; x_wconf 90' lang='lat' dir='ltr'>scriptorem</span> 
     </span>
     <span class='ocr_line' id='line_1_24' title="bbox 113 1619 1876 1677; baseline 0.002 -17"><span class='ocrx_word' id='word_1_224' title='bbox 113 1619 266 1673; x_wconf 89' lang='lat' dir='ltr'>ipsum,</span> <span class='ocrx_word' id='word_1_225' title='bbox 301 1620 492 1673; x_wconf 87' lang='lat' dir='ltr'>quisquis</span> <span class='ocrx_word' id='word_1_226' title='bbox 515 1625 594 1671; x_wconf 87' lang='lat' dir='ltr'>est,</span> <span class='ocrx_word' id='word_1_227' title='bbox 629 1622 769 1663; x_wconf 89' lang='lat' dir='ltr'>oleum</span> <span class='ocrx_word' id='word_1_228' title='bbox 793 1625 836 1664; x_wconf 90' lang='lat' dir='ltr'>et</span> <span class='ocrx_word' id='word_1_229' title='bbox 859 1636 1033 1677; x_wconf 84' lang='lat' dir='ltr'>operam</span> <span class='ocrx_word' id='word_1_230' title='bbox 1055 1622 1216 1664; x_wconf 86' lang='lat' dir='ltr'>rectius</span> <span class='ocrx_word' id='word_1_231' title='bbox 1240 1623 1487 1673; x_wconf 88' lang='lat' dir='ltr'>collocasse,</span> <span class='ocrx_word' id='word_1_232' title='bbox 1522 1637 1649 1675; x_wconf 89' lang='lat' dir='ltr'>quam</span> <span class='ocrx_word' id='word_1_233' title='bbox 1683 1625 1731 1665; x_wconf 91' lang='lat' dir='ltr'>ut</span> <span class='ocrx_word' id='word_1_234' title='bbox 1760 1624 1876 1664; x_wconf 90' lang='lat' dir='ltr'>uiru-</span> 
     </span>
     <span class='ocr_line' id='line_1_25' title="bbox 114 1685 1874 1740; baseline 0.003 -15"><span class='ocrx_word' id='word_1_235' title='bbox 114 1685 232 1726; x_wconf 86' lang='lat' dir='ltr'>lento</span> <span class='ocrx_word' id='word_1_236' title='bbox 266 1685 432 1727; x_wconf 88' lang='lat' dir='ltr'>calamo</span> <span class='ocrx_word' id='word_1_237' title='bbox 466 1686 709 1728; x_wconf 84' lang='lat' dir='ltr'>Catholicos</span> <span class='ocrx_word' id='word_1_238' title='bbox 742 1687 1045 1737; x_wconf 85' lang='lat' dir='ltr'>insectaretur,</span> <span class='ocrx_word' id='word_1_239' title='bbox 1088 1701 1296 1740; x_wconf 89' lang='lat' dir='ltr'>suamque</span> <span class='ocrx_word' id='word_1_240' title='bbox 1328 1701 1518 1729; x_wconf 87' lang='lat' dir='ltr'>sororem</span> <span class='ocrx_word' id='word_1_241' title='bbox 1553 1690 1620 1730; x_wconf 85' lang='lat' dir='ltr'>tot</span> <span class='ocrx_word' id='word_1_242' title='bbox 1653 1688 1774 1730; x_wconf 89' lang='lat' dir='ltr'>nouis</span> <span class='ocrx_word' id='word_1_243' title='bbox 1807 1702 1874 1730; x_wconf 92' lang='lat' dir='ltr'>er-</span> 
     </span>
     <span class='ocr_line' id='line_1_26' title="bbox 114 1749 1875 1805; baseline 0.002 -15"><span class='ocrx_word' id='word_1_244' title='bbox 114 1749 282 1791; x_wconf 87' lang='lat' dir='ltr'>roribus</span> <span class='ocrx_word' id='word_1_245' title='bbox 323 1764 373 1792; x_wconf 91' lang='lat' dir='ltr'>ac</span> <span class='ocrx_word' id='word_1_246' title='bbox 414 1751 551 1792; x_wconf 85' lang='lat' dir='ltr'>foedis</span> <span class='ocrx_word' id='word_1_247' title='bbox 593 1752 798 1794; x_wconf 87' lang='lat' dir='ltr'>doctrinis</span> <span class='ocrx_word' id='word_1_248' title='bbox 839 1752 925 1794; x_wconf 82' lang='lat' dir='ltr'>iarn</span> <span class='ocrx_word' id='word_1_249' title='bbox 967 1753 1067 1794; x_wconf 91' lang='lat' dir='ltr'>olim</span> <span class='ocrx_word' id='word_1_250' title='bbox 1110 1752 1325 1795; x_wconf 86' lang='lat' dir='ltr'>damnatis</span> <span class='ocrx_word' id='word_1_251' title='bbox 1366 1752 1579 1795; x_wconf 88' lang='lat' dir='ltr'>imbueret</span> <span class='ocrx_word' id='word_1_252' title='bbox 1611 1756 1741 1805; x_wconf 86' lang='lat' dir='ltr'>atque</span> <span class='ocrx_word' id='word_1_253' title='bbox 1774 1767 1875 1795; x_wconf 89' lang='lat' dir='ltr'>con-</span> 
     </span>
     <span class='ocr_line' id='line_1_27' title="bbox 114 1815 1871 1871; baseline 0.003 -16"><span class='ocrx_word' id='word_1_254' title='bbox 114 1815 319 1858; x_wconf 85' lang='lat' dir='ltr'>firmaret.</span> <span class='ocrx_word' id='word_1_255' title='bbox 364 1816 547 1858; x_wconf 88' lang='lat' dir='ltr'>Proinde</span> <span class='ocrx_word' id='word_1_256' title='bbox 577 1817 656 1859; x_wconf 92' lang='lat' dir='ltr'>nisi</span> <span class='ocrx_word' id='word_1_257' title='bbox 680 1817 857 1859; x_wconf 90' lang='lat' dir='ltr'>missum</span> <span class='ocrx_word' id='word_1_258' title='bbox 882 1818 986 1860; x_wconf 89' lang='lat' dir='ltr'>uelit</span> <span class='ocrx_word' id='word_1_259' title='bbox 1018 1818 1161 1860; x_wconf 85' lang='lat' dir='ltr'>facere</span> <span class='ocrx_word' id='word_1_260' title='bbox 1193 1819 1273 1860; x_wconf 90' lang='lat' dir='ltr'>hoc</span> <span class='ocrx_word' id='word_1_261' title='bbox 1305 1832 1440 1871; x_wconf 90' lang='lat' dir='ltr'>genus</span> <span class='ocrx_word' id='word_1_262' title='bbox 1473 1818 1705 1860; x_wconf 82' lang='lat' dir='ltr'>fermenti5</span> <span class='ocrx_word' id='word_1_263' title='bbox 1737 1832 1871 1869; x_wconf 85' lang='lat' dir='ltr'>soror,</span> 
     </span>
     <span class='ocr_line' id='line_1_28' title="bbox 114 1879 1873 1936; baseline 0.003 -16"><span class='ocrx_word' id='word_1_264' title='bbox 114 1879 332 1932; x_wconf 87' lang='lat' dir='ltr'>intelligat</span> <span class='ocrx_word' id='word_1_265' title='bbox 348 1881 490 1931; x_wconf 78' lang='lat' dir='ltr'>uelim,</span> <span class='ocrx_word' id='word_1_266' title='bbox 510 1882 835 1936; x_wconf 87' lang='lat' dir='ltr'>amplitudinem</span> <span class='ocrx_word' id='word_1_267' title='bbox 853 1886 986 1933; x_wconf 86' lang='lat' dir='ltr'>tuam,</span> <span class='ocrx_word' id='word_1_268' title='bbox 1007 1884 1119 1936; x_wconf 91' lang='lat' dir='ltr'>quod</span> <span class='ocrx_word' id='word_1_269' title='bbox 1137 1883 1199 1925; x_wconf 89' lang='lat' dir='ltr'>sui</span> <span class='ocrx_word' id='word_1_270' title='bbox 1220 1887 1286 1925; x_wconf 88' lang='lat' dir='ltr'>est</span> <span class='ocrx_word' id='word_1_271' title='bbox 1303 1883 1503 1934; x_wconf 90' lang='lat' dir='ltr'>muneris,</span> <span class='ocrx_word' id='word_1_272' title='bbox 1529 1897 1623 1925; x_wconf 89' lang='lat' dir='ltr'>esse</span> <span class='ocrx_word' id='word_1_273' title='bbox 1646 1883 1873 1933; x_wconf 85' lang='lat' dir='ltr'>facturam,</span> 
     </span>
     <span class='ocr_line' id='line_1_29' title="bbox 115 1945 1875 2001; baseline 0.003 -16"><span class='ocrx_word' id='word_1_274' title='bbox 115 1959 254 1997; x_wconf 89' lang='lat' dir='ltr'>neque</span> <span class='ocrx_word' id='word_1_275' title='bbox 286 1945 446 1987; x_wconf 87' lang='lat' dir='ltr'>sororis</span> <span class='ocrx_word' id='word_1_276' title='bbox 478 1947 571 1988; x_wconf 92' lang='lat' dir='ltr'>loco</span> <span class='ocrx_word' id='word_1_277' title='bbox 604 1947 847 1989; x_wconf 89' lang='lat' dir='ltr'>habituram</span> <span class='ocrx_word' id='word_1_278' title='bbox 878 1948 1009 1998; x_wconf 87' lang='lat' dir='ltr'>illam,</span> <span class='ocrx_word' id='word_1_279' title='bbox 1045 1962 1155 2001; x_wconf 89' lang='lat' dir='ltr'>quae</span> <span class='ocrx_word' id='word_1_280' title='bbox 1187 1949 1241 1989; x_wconf 86' lang='lat' dir='ltr'>ab</span> <span class='ocrx_word' id='word_1_281' title='bbox 1274 1948 1393 1990; x_wconf 89' lang='lat' dir='ltr'>auita</span> <span class='ocrx_word' id='word_1_282' title='bbox 1426 1951 1469 1991; x_wconf 88' lang='lat' dir='ltr'>et</span> <span class='ocrx_word' id='word_1_283' title='bbox 1502 1949 1744 1990; x_wconf 85' lang='lat' dir='ltr'>orthodoxa</span> <span class='ocrx_word' id='word_1_284' title='bbox 1775 1949 1875 1990; x_wconf 90' lang='lat' dir='ltr'>reli-</span> 
     </span>
     <span class='ocr_line' id='line_1_30' title="bbox 116 2010 1872 2066; baseline 0.003 -15"><span class='ocrx_word' id='word_1_285' title='bbox 116 2010 242 2062; x_wconf 90' lang='lat' dir='ltr'>gione</span> <span class='ocrx_word' id='word_1_286' title='bbox 264 2013 353 2052; x_wconf 88' lang='lat' dir='ltr'>tam</span> <span class='ocrx_word' id='word_1_287' title='bbox 377 2011 563 2064; x_wconf 83' lang='lat' dir='ltr'>turpiter</span> <span class='ocrx_word' id='word_1_288' title='bbox 586 2012 804 2063; x_wconf 87' lang='lat' dir='ltr'>defecerit,</span> <span class='ocrx_word' id='word_1_289' title='bbox 829 2027 1035 2066; x_wconf 90' lang='lat' dir='ltr'>suamque</span> <span class='ocrx_word' id='word_1_290' title='bbox 1059 2013 1343 2055; x_wconf 86' lang='lat' dir='ltr'>defectionem</span> <span class='ocrx_word' id='word_1_291' title='bbox 1366 2027 1478 2055; x_wconf 89' lang='lat' dir='ltr'>nunc</span> <span class='ocrx_word' id='word_1_292' title='bbox 1502 2013 1606 2055; x_wconf 88' lang='lat' dir='ltr'>uelit</span> <span class='ocrx_word' id='word_1_293' title='bbox 1629 2013 1872 2059; x_wconf 80' lang='lat' dir='ltr'>defendere.</span> 
     </span>
     <span class='ocr_line' id='line_1_31' title="bbox 115 2075 1874 2132; baseline 0.002 -16"><span class='ocrx_word' id='word_1_294' title='bbox 115 2075 293 2129; x_wconf 90' lang='lat' dir='ltr'>perinde</span> <span class='ocrx_word' id='word_1_295' title='bbox 317 2089 366 2117; x_wconf 89' lang='lat' dir='ltr'>ac</span> <span class='ocrx_word' id='word_1_296' title='bbox 389 2076 424 2117; x_wconf 88' lang='lat' dir='ltr'>si</span> <span class='ocrx_word' id='word_1_297' title='bbox 447 2077 649 2118; x_wconf 90' lang='lat' dir='ltr'>doctricis</span> <span class='ocrx_word' id='word_1_298' title='bbox 673 2080 716 2119; x_wconf 88' lang='lat' dir='ltr'>et</span> <span class='ocrx_word' id='word_1_299' title='bbox 739 2077 1034 2131; x_wconf 88' lang='lat' dir='ltr'>disputatricis</span> <span class='ocrx_word' id='word_1_300' title='bbox 1056 2092 1282 2132; x_wconf 89' lang='lat' dir='ltr'>personam</span> <span class='ocrx_word' id='word_1_301' title='bbox 1310 2078 1509 2127; x_wconf 80' lang='lat' dir='ltr'>induerit,</span> <span class='ocrx_word' id='word_1_302' title='bbox 1543 2079 1720 2131; x_wconf 88' lang='lat' dir='ltr'>solaque</span> <span class='ocrx_word' id='word_1_303' title='bbox 1752 2079 1874 2132; x_wconf 89' lang='lat' dir='ltr'>plus</span> 
     </span>
     <span class='ocr_line' id='line_1_32' title="bbox 117 2140 1874 2197; baseline 0.002 -15"><span class='ocrx_word' id='word_1_304' title='bbox 117 2141 223 2183; x_wconf 89' lang='lat' dir='ltr'>uelit</span> <span class='ocrx_word' id='word_1_305' title='bbox 263 2140 412 2183; x_wconf 89' lang='lat' dir='ltr'>amicis</span> <span class='ocrx_word' id='word_1_306' title='bbox 455 2141 650 2183; x_wconf 91' lang='lat' dir='ltr'>omnibus</span> <span class='ocrx_word' id='word_1_307' title='bbox 690 2143 928 2196; x_wconf 68' lang='lat' dir='ltr'>saperess.</span> <span class='ocrx_word' id='word_1_308' title='bbox 999 2144 1092 2185; x_wconf 87' lang='lat' dir='ltr'>Hoc</span> <span class='ocrx_word' id='word_1_309' title='bbox 1134 2143 1422 2186; x_wconf 89' lang='lat' dir='ltr'>contentionis</span> <span class='ocrx_word' id='word_1_310' title='bbox 1464 2146 1508 2185; x_wconf 90' lang='lat' dir='ltr'>et</span> <span class='ocrx_word' id='word_1_311' title='bbox 1549 2143 1874 2197; x_wconf 82' lang='lat' dir='ltr'>disceptationis</span> 
     </span>
     <span class='ocr_line' id='line_1_33' title="bbox 116 2206 1872 2263; baseline 0.002 -16"><span class='ocrx_word' id='word_1_312' title='bbox 116 2206 304 2248; x_wconf 90' lang='lat' dir='ltr'>studium</span> <span class='ocrx_word' id='word_1_313' title='bbox 338 2206 485 2247; x_wconf 86' lang='lat' dir='ltr'>amicis</span> <span class='ocrx_word' id='word_1_314' title='bbox 527 2210 570 2249; x_wconf 86' lang='lat' dir='ltr'>et</span> <span class='ocrx_word' id='word_1_315' title='bbox 603 2208 800 2260; x_wconf 85' lang='lat' dir='ltr'>cognatis</span> <span class='ocrx_word' id='word_1_316' title='bbox 841 2211 884 2250; x_wconf 91' lang='lat' dir='ltr'>et</span> <span class='ocrx_word' id='word_1_317' title='bbox 917 2208 1037 2250; x_wconf 90' lang='lat' dir='ltr'>bonis</span> <span class='ocrx_word' id='word_1_318' title='bbox 1072 2208 1268 2250; x_wconf 89' lang='lat' dir='ltr'>omnibus</span> <span class='ocrx_word' id='word_1_319' title='bbox 1309 2209 1400 2250; x_wconf 89' lang='lat' dir='ltr'>iure</span> <span class='ocrx_word' id='word_1_320' title='bbox 1432 2223 1598 2250; x_wconf 87' lang='lat' dir='ltr'>summo</span> <span class='ocrx_word' id='word_1_321' title='bbox 1632 2209 1872 2263; x_wconf 84' lang='lat' dir='ltr'>displicere,</span> 
     </span>
     <span class='ocr_line' id='line_1_34' title="bbox 117 2271 1870 2326; baseline 0.002 -14"><span class='ocrx_word' id='word_1_322' title='bbox 117 2271 229 2324; x_wconf 89' lang='lat' dir='ltr'>quod</span> <span class='ocrx_word' id='word_1_323' title='bbox 269 2271 344 2312; x_wconf 89' lang='lat' dir='ltr'>illa</span> <span class='ocrx_word' id='word_1_324' title='bbox 377 2285 514 2324; x_wconf 88' lang='lat' dir='ltr'>neque</span> <span class='ocrx_word' id='word_1_325' title='bbox 551 2271 737 2323; x_wconf 87' lang='lat' dir='ltr'>honoris,</span> <span class='ocrx_word' id='word_1_326' title='bbox 780 2286 918 2325; x_wconf 88' lang='lat' dir='ltr'>neque</span> <span class='ocrx_word' id='word_1_327' title='bbox 950 2273 1134 2326; x_wconf 81' lang='lat' dir='ltr'>generis,</span> <span class='ocrx_word' id='word_1_328' title='bbox 1177 2287 1315 2326; x_wconf 89' lang='lat' dir='ltr'>neque</span> <span class='ocrx_word' id='word_1_329' title='bbox 1348 2287 1478 2315; x_wconf 80' lang='lat' dir='ltr'>sexus</span> <span class='ocrx_word' id='word_1_330' title='bbox 1510 2274 1678 2315; x_wconf 86' lang='lat' dir='ltr'>ratione</span> <span class='ocrx_word' id='word_1_331' title='bbox 1710 2274 1870 2323; x_wconf 89' lang='lat' dir='ltr'>habita,</span> 
     </span>
     <span class='ocr_line' id='line_1_35' title="bbox 115 2336 1869 2392; baseline 0.002 -15"><span class='ocrx_word' id='word_1_332' title='bbox 115 2350 160 2378; x_wconf 91' lang='lat' dir='ltr'>se</span> <span class='ocrx_word' id='word_1_333' title='bbox 192 2337 307 2378; x_wconf 88' lang='lat' dir='ltr'>sinat</span> <span class='ocrx_word' id='word_1_334' title='bbox 339 2337 392 2378; x_wconf 87' lang='lat' dir='ltr'>ab</span> <span class='ocrx_word' id='word_1_335' title='bbox 425 2336 519 2378; x_wconf 88' lang='lat' dir='ltr'>istis</span> <span class='ocrx_word' id='word_1_336' title='bbox 552 2337 856 2390; x_wconf 87' lang='lat' dir='ltr'>impostoribus</span> <span class='ocrx_word' id='word_1_337' title='bbox 884 2340 975 2379; x_wconf 89' lang='lat' dir='ltr'>tam</span> <span class='ocrx_word' id='word_1_338' title='bbox 998 2338 1152 2379; x_wconf 87' lang='lat' dir='ltr'>misere</span> <span class='ocrx_word' id='word_1_339' title='bbox 1184 2338 1290 2388; x_wconf 88' lang='lat' dir='ltr'>falli,</span> <span class='ocrx_word' id='word_1_340' title='bbox 1325 2353 1531 2392; x_wconf 90' lang='lat' dir='ltr'>suamque</span> <span class='ocrx_word' id='word_1_341' title='bbox 1565 2339 1869 2381; x_wconf 89' lang='lat' dir='ltr'>conscientiam</span> 
     </span>
    </p>
   </div>
   <div class='ocr_carea' id='block_1_3' title="bbox 233 2423 1100 2455">
    <p class='ocr_par' dir='ltr' id='par_1_4' title="bbox 233 2423 1100 2455">
     <span class='ocr_line' id='line_1_36' title="bbox 233 2423 1100 2455; baseline 0.003 -9"><span class='ocrx_word' id='word_1_342' title='bbox 233 2423 260 2453; x_wconf 83' lang='lat' dir='ltr'>a)</span> <span class='ocrx_word' id='word_1_343' title='bbox 281 2424 449 2455; x_wconf 74' lang='lat' dir='ltr'>Sequuntur</span> <span class='ocrx_word' id='word_1_344' title='bbox 471 2432 510 2448; x_wconf 71' lang='lat' dir='ltr'>rr.</span> <span class='ocrx_word' id='word_1_345' title='bbox 532 2423 568 2448; x_wconf 83' lang='lat' dir='ltr'>ab</span> <span class='ocrx_word' id='word_1_346' title='bbox 591 2424 654 2449; x_wconf 87' lang='lat' dir='ltr'>eius</span> <span class='ocrx_word' id='word_1_347' title='bbox 675 2423 904 2455; x_wconf 76' lang='lat' dir='ltr'>consuetudine,</span> <span class='ocrx_word' id='word_1_348' title='bbox 924 2433 940 2449; x_wconf 79' lang='lat' dir='ltr'>a</span> <span class='ocrx_word' id='word_1_349' title='bbox 963 2426 990 2449; x_wconf 59' lang='grc' dir='ltr'>Γ.</span> <span class='ocrx_word' id='word_1_350' title='bbox 1012 2426 1100 2449; x_wconf 72' lang='lat' dir='ltr'>oblitt.</span> 
     </span>
    </p>
   </div>
   <div class='ocr_carea' id='block_1_4' title="bbox 112 2530 1869 3098">
    <p class='ocr_par' dir='ltr' id='par_1_5' title="bbox 114 2530 1869 2681">
     <span class='ocr_line' id='line_1_37' title="bbox 116 2530 1869 2577; baseline 0.001 -14"><span class='ocrx_word' id='word_1_351' title='bbox 116 2542 182 2563; x_wconf 90' lang='lat' dir='ltr'>non</span> <span class='ocrx_word' id='word_1_352' title='bbox 200 2542 278 2564; x_wconf 81' lang='lat' dir='ltr'>esse</span> <span class='ocrx_word' id='word_1_353' title='bbox 297 2530 535 2565; x_wconf 87' lang='lat' dir='ltr'>admittendos</span> <span class='ocrx_word' id='word_1_354' title='bbox 561 2531 760 2565; x_wconf 81' lang='lat' dir='ltr'>haereticos</span> <span class='ocrx_word' id='word_1_355' title='bbox 786 2532 830 2565; x_wconf 88' lang='lat' dir='ltr'>ad</span> <span class='ocrx_word' id='word_1_356' title='bbox 857 2532 1045 2565; x_wconf 86' lang='lat' dir='ltr'>ineundam</span> <span class='ocrx_word' id='word_1_357' title='bbox 1074 2532 1115 2565; x_wconf 90' lang='lat' dir='ltr'>de</span> <span class='ocrx_word' id='word_1_358' title='bbox 1141 2531 1329 2576; x_wconf 85' lang='lat' dir='ltr'>scripturis</span> <span class='ocrx_word' id='word_1_359' title='bbox 1347 2532 1675 2577; x_wconf 75' lang='lat' dir='ltr'>provocationem“:</span> <span class='ocrx_word' id='word_1_360' title='bbox 1700 2530 1752 2564; x_wconf 87' lang='lat' dir='ltr'>De</span> <span class='ocrx_word' id='word_1_361' title='bbox 1770 2543 1869 2576; x_wconf 88' lang='lat' dir='ltr'>prae-</span> 
     </span>
     <span class='ocr_line' id='line_1_38' title="bbox 114 2583 1864 2630; baseline 0.001 -14"><span class='ocrx_word' id='word_1_362' title='bbox 114 2583 306 2627; x_wconf 81' lang='lat' dir='ltr'>scriptione</span> <span class='ocrx_word' id='word_1_363' title='bbox 341 2584 600 2618; x_wconf 79' lang='lat' dir='ltr'>haereticorum</span> <span class='ocrx_word' id='word_1_364' title='bbox 638 2596 666 2618; x_wconf 86' lang='lat' dir='ltr'>c.</span> <span class='ocrx_word' id='word_1_365' title='bbox 698 2586 739 2618; x_wconf 79' lang='lat'>15</span> <span class='ocrx_word' id='word_1_366' title='bbox 773 2585 816 2619; x_wconf 80' lang='lat'>37</span> <span class='ocrx_word' id='word_1_367' title='bbox 846 2584 1092 2628; x_wconf 84' lang='lat' dir='ltr'>(Florilegium</span> <span class='ocrx_word' id='word_1_368' title='bbox 1126 2585 1372 2630; x_wconf 84' lang='lat' dir='ltr'>patristicum,</span> <span class='ocrx_word' id='word_1_369' title='bbox 1409 2584 1462 2618; x_wconf 89' lang='lat' dir='ltr'>ed.</span> <span class='ocrx_word' id='word_1_370' title='bbox 1494 2586 1576 2619; x_wconf 82' lang='lat' dir='ltr'>Ger.</span> <span class='ocrx_word' id='word_1_371' title='bbox 1602 2586 1789 2618; x_wconf 72' lang='lat' dir='ltr'>Rauscleen.</span> <span class='ocrx_word' id='word_1_372' title='bbox 1815 2585 1864 2618; x_wconf 89' lang='lat' dir='ltr'>IV</span> 
     </span>
     <span class='ocr_line' id='line_1_39' title="bbox 118 2636 1209 2681; baseline 0.002 -12"><span class='ocrx_word' id='word_1_373' title='bbox 118 2636 259 2670; x_wconf 83' lang='lat' dir='ltr'>Bonnae</span> <span class='ocrx_word' id='word_1_374' title='bbox 290 2638 389 2674; x_wconf 75' lang='lat'>1906,</span> <span class='ocrx_word' id='word_1_375' title='bbox 417 2638 460 2672; x_wconf 79' lang='lat'>27</span> <span class='ocrx_word' id='word_1_376' title='bbox 489 2638 544 2672; x_wconf 81' lang='lat'>52.</span> <span class='ocrx_word' id='word_1_377' title='bbox 596 2639 726 2681; x_wconf 61' lang='lat' dir='ltr'>migne,</span> <span class='ocrx_word' id='word_1_378' title='bbox 753 2638 792 2671; x_wconf 87' lang='lat' dir='ltr'>P.</span> <span class='ocrx_word' id='word_1_379' title='bbox 820 2637 881 2672; x_wconf 80' lang='lat' dir='ltr'>lat.</span> <span class='ocrx_word' id='word_1_380' title='bbox 909 2638 942 2671; x_wconf 88' lang='grc' dir='ltr'>ΙΙ</span> <span class='ocrx_word' id='word_1_381' title='bbox 969 2638 1109 2673; x_wconf 76' lang='lat'><strong>33—34</strong></span> <span class='ocrx_word' id='word_1_382' title='bbox 1135 2638 1209 2681; x_wconf 84' lang='lat'>61).</span> 
     </span>
    </p>

    <p class='ocr_par' dir='ltr' id='par_1_6' title="bbox 234 2690 1356 2731">
     <span class='ocr_line' id='line_1_40' title="bbox 234 2690 1356 2731; baseline 0.001 -8"><span class='ocrx_word' id='word_1_383' title='bbox 234 2692 242 2709; x_wconf 94' lang='lat'>¹</span> <span class='ocrx_word' id='word_1_384' title='bbox 273 2690 325 2723; x_wconf 88' lang='lat' dir='ltr'>Cf.</span> <span class='ocrx_word' id='word_1_385' title='bbox 347 2692 361 2725; x_wconf 89' lang='lat'>1</span> <span class='ocrx_word' id='word_1_386' title='bbox 384 2691 461 2724; x_wconf 86' lang='lat' dir='ltr'>Tim</span> <span class='ocrx_word' id='word_1_387' title='bbox 489 2691 578 2731; x_wconf 78' lang='grc'>6,1;</span> <span class='ocrx_word' id='word_1_388' title='bbox 607 2691 627 2724; x_wconf 83' lang='grc'><strong>2</strong></span> <span class='ocrx_word' id='word_1_389' title='bbox 654 2691 740 2724; x_wconf 87' lang='lat' dir='ltr'>Petr</span> <span class='ocrx_word' id='word_1_390' title='bbox 766 2692 798 2731; x_wconf 84' lang='lat'>2,</span> <span class='ocrx_word' id='word_1_391' title='bbox 826 2691 864 2730; x_wconf 83' lang='grc'>2;</span> <span class='ocrx_word' id='word_1_392' title='bbox 893 2691 957 2725; x_wconf 91' lang='lat' dir='ltr'>Iud</span> <span class='ocrx_word' id='word_1_393' title='bbox 983 2691 1015 2725; x_wconf 88' lang='grc'>8.</span> <span class='ocrx_word' id='word_1_394' title='bbox 1161 2691 1174 2711; x_wconf 72' lang='lat'><strong>²</strong></span> <span class='ocrx_word' id='word_1_395' title='bbox 1200 2691 1248 2725; x_wconf 86' lang='lat' dir='ltr'>Ps</span> <span class='ocrx_word' id='word_1_396' title='bbox 1278 2691 1356 2731; x_wconf 84' lang='grc'>1,1.</span> 
     </span>
    </p>

    <p class='ocr_par' dir='ltr' id='par_1_7' title="bbox 112 2743 1867 2943">
     <span class='ocr_line' id='line_1_41' title="bbox 233 2743 1867 2788; baseline 0.001 -12"><span class='ocrx_word' id='word_1_397' title='bbox 233 2744 244 2761; x_wconf 73' lang='grc'>3</span> <span class='ocrx_word' id='word_1_398' title='bbox 276 2744 603 2783; x_wconf 70' lang='lat' dir='ltr'>„Acconimodatius</span> <span class='ocrx_word' id='word_1_399' title='bbox 623 2744 797 2788; x_wconf 85' lang='lat' dir='ltr'>accipitur</span> <span class='ocrx_word' id='word_1_400' title='bbox 815 2744 986 2778; x_wconf 84' lang='lat' dir='ltr'>cathedra</span> <span class='ocrx_word' id='word_1_401' title='bbox 1005 2744 1240 2788; x_wconf 78' lang='lat' dir='ltr'>pestilentiae,</span> <span class='ocrx_word' id='word_1_402' title='bbox 1260 2743 1459 2788; x_wconf 84' lang='lat' dir='ltr'>perniciosa</span> <span class='ocrx_word' id='word_1_403' title='bbox 1478 2743 1678 2778; x_wconf 84' lang='lat' dir='ltr'>doctrina“:</span> <span class='ocrx_word' id='word_1_404' title='bbox 1700 2745 1734 2778; x_wconf 89' lang='lat' dir='ltr'>S.</span> <span class='ocrx_word' id='word_1_405' title='bbox 1747 2745 1867 2787; x_wconf 69' lang='lat' dir='ltr'><strong><em>Anqu-</em></strong></span> 
     </span>
     <span class='ocr_line' id='line_1_42' title="bbox 112 2796 1866 2841; baseline 0.002 -15"><span class='ocrx_word' id='word_1_406' title='bbox 112 2797 236 2838; x_wconf 56' lang='lat' dir='ltr'>scimus,</span> <span class='ocrx_word' id='word_1_407' title='bbox 267 2796 520 2830; x_wconf 71' lang='lat' dir='ltr'>Eum-rationes</span> <span class='ocrx_word' id='word_1_408' title='bbox 545 2797 581 2830; x_wconf 90' lang='lat' dir='ltr'>in</span> <span class='ocrx_word' id='word_1_409' title='bbox 609 2797 780 2837; x_wconf 82' lang='lat' dir='ltr'>Psalmos,</span> <span class='ocrx_word' id='word_1_410' title='bbox 817 2798 852 2830; x_wconf 91' lang='lat' dir='ltr'>in</span> <span class='ocrx_word' id='word_1_411' title='bbox 880 2797 927 2831; x_wconf 88' lang='lat' dir='ltr'>Ps</span> <span class='ocrx_word' id='word_1_412' title='bbox 957 2798 984 2838; x_wconf 79' lang='grc'>1,</span> <span class='ocrx_word' id='word_1_413' title='bbox 1020 2798 1089 2831; x_wconf 90' lang='lat' dir='ltr'>n.1</span> <span class='ocrx_word' id='word_1_414' title='bbox 1123 2797 1177 2840; x_wconf 87' lang='lat' dir='ltr'>(S.</span> <span class='ocrx_word' id='word_1_415' title='bbox 1205 2798 1297 2831; x_wconf 79' lang='lat' dir='ltr'>Aur.</span> <span class='ocrx_word' id='word_1_416' title='bbox 1327 2798 1521 2840; x_wconf 73' lang='lat' dir='ltr'>Auyustini</span> <span class='ocrx_word' id='word_1_417' title='bbox 1553 2796 1709 2841; x_wconf 86' lang='lat' dir='ltr'>Operum</span> <span class='ocrx_word' id='word_1_418' title='bbox 1735 2796 1866 2830; x_wconf 87' lang='lat' dir='ltr'>Tomus</span> 
     </span>
     <span class='ocr_line' id='line_1_43' title="bbox 114 2848 1866 2894; baseline 0.002 -14"><span class='ocrx_word' id='word_1_419' title='bbox 114 2850 272 2891; x_wconf 81' lang='lat' dir='ltr'>quartus.</span> <span class='ocrx_word' id='word_1_420' title='bbox 307 2848 423 2892; x_wconf 85' lang='lat' dir='ltr'>Opera</span> <span class='ocrx_word' id='word_1_421' title='bbox 448 2850 701 2883; x_wconf 84' lang='lat' dir='ltr'>Monachorum</span> <span class='ocrx_word' id='word_1_422' title='bbox 722 2850 761 2884; x_wconf 93' lang='lat' dir='ltr'>O.</span> <span class='ocrx_word' id='word_1_423' title='bbox 778 2850 811 2884; x_wconf 79' lang='lat' dir='ltr'>S.</span> <span class='ocrx_word' id='word_1_424' title='bbox 828 2851 866 2885; x_wconf 83' lang='grc' dir='ltr'>Β.</span> <span class='ocrx_word' id='word_1_425' title='bbox 894 2862 911 2884; x_wconf 87' lang='lat' dir='ltr'>e</span> <span class='ocrx_word' id='word_1_426' title='bbox 931 2851 1059 2894; x_wconf 85' lang='lat' dir='ltr'>Congr.</span> <span class='ocrx_word' id='word_1_427' title='bbox 1079 2850 1114 2885; x_wconf 81' lang='lat' dir='ltr'>S.</span> <span class='ocrx_word' id='word_1_428' title='bbox 1129 2850 1255 2890; x_wconf 73' lang='lat' dir='ltr'>Mauri,</span> <span class='ocrx_word' id='word_1_429' title='bbox 1283 2849 1433 2883; x_wconf 87' lang='lat' dir='ltr'>Parisiis</span> <span class='ocrx_word' id='word_1_430' title='bbox 1454 2850 1553 2891; x_wconf 74' lang='lat'>1681,</span> <span class='ocrx_word' id='word_1_431' title='bbox 1581 2850 1644 2884; x_wconf 87' lang='lat' dir='ltr'>col.</span> <span class='ocrx_word' id='word_1_432' title='bbox 1667 2851 1697 2884; x_wconf 88' lang='lat'>1.</span> <span class='ocrx_word' id='word_1_433' title='bbox 1736 2851 1866 2894; x_wconf 70' lang='lat' dir='ltr'>Miyne,</span> 
     </span>
     <span class='ocr_line' id='line_1_44' title="bbox 115 2900 521 2943; baseline 0.005 -10"><span class='ocrx_word' id='word_1_434' title='bbox 115 2901 152 2935; x_wconf 84' lang='lat' dir='ltr'>P.</span> <span class='ocrx_word' id='word_1_435' title='bbox 180 2900 242 2934; x_wconf 82' lang='lat' dir='ltr'>lat.</span> <span class='ocrx_word' id='word_1_436' title='bbox 268 2901 419 2934; x_wconf 78' lang='lat' dir='ltr'>XXXVI</span> <span class='ocrx_word' id='word_1_437' title='bbox 447 2902 521 2943; x_wconf 85' lang='lat'>67).</span> 
     </span>
    </p>

    <p class='ocr_par' dir='ltr' id='par_1_8' title="bbox 232 2954 1022 2996">
     <span class='ocr_line' id='line_1_45' title="bbox 232 2954 1022 2996; baseline 0.005 -10"><span class='ocrx_word' id='word_1_438' title='bbox 232 2957 243 2973; x_wconf 70' lang='lat'>⁴</span> <span class='ocrx_word' id='word_1_439' title='bbox 271 2954 387 2987; x_wconf 87' lang='lat' dir='ltr'>Cf.10</span> <span class='ocrx_word' id='word_1_440' title='bbox 414 2955 444 2994; x_wconf 88' lang='lat'>3,</span> <span class='ocrx_word' id='word_1_441' title='bbox 471 2955 511 2995; x_wconf 80' lang='lat'>3;</span> <span class='ocrx_word' id='word_1_442' title='bbox 542 2956 556 2988; x_wconf 88' lang='lat'>1</span> <span class='ocrx_word' id='word_1_443' title='bbox 586 2955 671 2988; x_wconf 87' lang='lat' dir='ltr'>Petr</span> <span class='ocrx_word' id='word_1_444' title='bbox 700 2957 727 2995; x_wconf 87' lang='lat'>1,</span> <span class='ocrx_word' id='word_1_445' title='bbox 755 2956 819 2995; x_wconf 79' lang='lat'>23;</span> <span class='ocrx_word' id='word_1_446' title='bbox 847 2956 905 2990; x_wconf 86' lang='lat' dir='ltr'>Tit</span> <span class='ocrx_word' id='word_1_447' title='bbox 931 2956 962 2996; x_wconf 86' lang='lat'>3,</span> <span class='ocrx_word' id='word_1_448' title='bbox 990 2957 1022 2990; x_wconf 85' lang='lat'>5.</span> 
     </span>
    </p>

    <p class='ocr_par' dir='ltr' id='par_1_9' title="bbox 232 3006 1176 3049">
     <span class='ocr_line' id='line_1_46' title="bbox 232 3006 1176 3049; baseline 0.005 -10"><span class='ocrx_word' id='word_1_449' title='bbox 232 3008 245 3025; x_wconf 76' lang='lat'>⁵</span> <span class='ocrx_word' id='word_1_450' title='bbox 272 3006 324 3040; x_wconf 82' lang='lat' dir='ltr'>Cf.</span> <span class='ocrx_word' id='word_1_451' title='bbox 351 3007 405 3039; x_wconf 78' lang='lat' dir='ltr'>Mt</span> <span class='ocrx_word' id='word_1_452' title='bbox 434 3008 486 3045; x_wconf 85' lang='grc'>16,</span> <span class='ocrx_word' id='word_1_453' title='bbox 513 3008 533 3040; x_wconf 94' lang='grc'>6</span> <span class='ocrx_word' id='word_1_454' title='bbox 564 3008 623 3041; x_wconf 88' lang='grc'>11;</span> <span class='ocrx_word' id='word_1_455' title='bbox 654 3010 667 3042; x_wconf 96' lang='grc'><strong>1</strong></span> <span class='ocrx_word' id='word_1_456' title='bbox 700 3008 768 3042; x_wconf 90' lang='lat' dir='ltr'>Cor</span> <span class='ocrx_word' id='word_1_457' title='bbox 794 3009 824 3049; x_wconf 80' lang='lat'>5,</span> <span class='ocrx_word' id='word_1_458' title='bbox 852 3009 962 3049; x_wconf 71' lang='lat'>6-83</span> <span class='ocrx_word' id='word_1_459' title='bbox 991 3009 1057 3044; x_wconf 79' lang='lat' dir='ltr'>Gal</span> <span class='ocrx_word' id='word_1_460' title='bbox 1086 3010 1116 3049; x_wconf 84' lang='lat'>5,</span> <span class='ocrx_word' id='word_1_461' title='bbox 1145 3010 1176 3044; x_wconf 89' lang='lat'>9.</span> 
     </span>
    </p>

    <p class='ocr_par' dir='ltr' id='par_1_10' title="bbox 234 3059 796 3098">
     <span class='ocr_line' id='line_1_47' title="bbox 234 3059 796 3098; baseline 0.002 -5"><span class='ocrx_word' id='word_1_462' title='bbox 234 3060 247 3079; x_wconf 73' lang='lat'><strong><em>⁶</em></strong></span> <span class='ocrx_word' id='word_1_463' title='bbox 273 3059 378 3093; x_wconf 86' lang='lat' dir='ltr'>Eccle</span> <span class='ocrx_word' id='word_1_464' title='bbox 406 3060 435 3097; x_wconf 79' lang='lat'>7,</span> <span class='ocrx_word' id='word_1_465' title='bbox 466 3061 518 3093; x_wconf 88' lang='lat'>17.</span> <span class='ocrx_word' id='word_1_466' title='bbox 570 3060 656 3093; x_wconf 77' lang='lat' dir='ltr'>Rom</span> <span class='ocrx_word' id='word_1_467' title='bbox 685 3061 738 3098; x_wconf 78' lang='grc'>12,</span> <span class='ocrx_word' id='word_1_468' title='bbox 767 3062 796 3094; x_wconf 96' lang='lat'>3.</span> 
     </span>
    </p>
   </div>
  </div>
 </body>
</html>
