2044 3335
669 88 714 123 ΙΙ.
741 88 965 123 Prooemium
993 86 1188 121 voluminis
1214 86 1320 120 sexti.
1783 94 1882 118 xxm

111 218 231 241 rarum
250 205 421 241 studiosis
435 207 564 240 octavo
583 216 724 248 quoque
752 205 808 239 die
825 206 1054 249 peccatorum
1074 202 1336 237 confessionem
1355 201 1538 236 faciebant
1565 200 1665 244 (602)
1681 213 1688 242 ;
1715 200 1886 243 Dilingae

112 259 321 294 confessarii
354 262 496 293 tantum
531 269 601 292 non
636 258 929 303 opprimebantur
963 258 1133 291 iuvenum
1169 255 1412 290 studiosorum
1448 256 1597 299 peccata
1623 256 1751 299 sponte
1777 254 1886 288 confi-

110 313 263 347 tentium
289 312 541 352 multitudine;
577 311 671 345 unde
697 311 818 352 fiebat,
853 314 894 345 ut
927 321 1067 344 morum
1093 308 1250 349 licentia,
1286 320 1378 352 quae
1414 307 1449 341 in
1476 308 1558 341 aliis
1584 307 1886 341 universitatibus

110 365 333 408 cernebatur,
359 365 505 409 Dilinga
531 365 674 399 abesset
702 364 815 407 (541).
859 364 994 397 Ibidem
1021 362 1166 397 iubilaei
1185 365 1346 406 tempore
1366 361 1627 395 confessionem
1655 362 1886 405 peccatorum

109 419 220 452 totius
246 418 343 452 vitae
370 418 560 453 instituere
595 430 665 451 non
692 417 907 452 omittebant
941 416 1010 450 nisi
1036 415 1245 460 paucissimi
1273 415 1395 458 (541);
1433 414 1633 459 Oeniponte
1660 415 1782 447 autem
1808 413 1886 458 ipse

109 471 357 506 Ferdinandus
395 471 590 512 archidux,
634 474 673 505 ut
712 471 857 505 iubilaei
904 469 1167 512 indulgentiam
1210 470 1510 512 consequeretur,
1559 467 1888 512 supplicationibus

111 525 277 559 interfuit
304 525 418 568 (612),
452 524 736 559 communionem
774 524 893 569 palam
929 523 1104 567 sumpsit,
1149 521 1344 562 ieiunavit,
1385 522 1516 566 stipem
1551 520 1753 560 distribuit3
1792 520 1887 564 quod

112 578 315 623 exemplum
350 581 427 612 tota
459 578 536 612 fere
572 577 649 612 eius
681 578 839 622 regionis
874 577 1044 611 nobilitas
1071 576 1213 609 imitata
1248 577 1304 609 est
1341 575 1456 618 (457).
1506 575 1581 609 Iam
1609 574 1716 608 etiam
1744 573 1887 607 initium

109 633 247 667 factum
274 634 330 666 est
354 631 571 676 importandi
597 631 632 665 in
661 631 890 666 Germaniam
917 630 1034 675 pictas
1060 629 1237 672 imagines
1266 629 1399 662 veteris
1424 628 1523 662 illius
1549 627 1732 662 simulacri
1751 627 1888 661 Beatae

111 685 249 719 Mariae
274 684 438 728 Virginis
464 684 599 718 Romae
632 684 668 718 in
694 684 846 719 basilica
872 683 1025 718 Sanctae
1060 682 1198 716 Mariae
1233 682 1381 715 Maioris
1416 681 1579 715 collocati
1618 680 1814 723 (Madonna
1852 681 1887 714 di

112 738 182 773 San
209 738 334 782 Luca),
363 738 464 772 cuius
491 737 644 783 primum
672 737 896 782 exprimendi
922 736 1134 770 facultatem
1161 735 1195 769 S.
1223 735 1437 769 Franciscus
1463 735 1615 778 Borgias
1642 745 1663 767 a
1689 734 1722 768 S.
1752 733 1815 767 Pio
1842 733 1888 767 V.

110 793 371 837 impetraverat
397 791 481 834 (261
513 791 611 833 318).
664 790 768 825 Circa
794 791 887 824 idem
914 793 1056 834 tempus
1083 788 1165 823 Itali
1193 789 1332 833 experti
1359 791 1453 829 sunt,
1489 787 1738 831 imagunculas
1765 786 1888 821 Sancti

110 846 242 888 Ignatii
275 845 426 880 coelitus
464 845 621 889 opiferas
656 856 747 886 esse,
784 845 934 888 ideoque
970 843 1162 878 Germanis
1197 854 1339 886 quoque
1376 853 1437 876 eas
1470 841 1647 875 miserunt
1685 840 1809 884 (354);
1853 842 1890 874 et

109 899 256 933 litaniae
281 899 502 940 lauretanae,
530 910 609 932 cum
630 898 745 932 medio
764 897 908 932 saeculo
934 897 1030 932 XVI.
1057 897 1093 930 in
1114 896 1308 930 Germania
1325 896 1401 929 fere
1419 896 1575 929 nondum
1595 896 1700 928 notae
1719 894 1889 934 fuissent,

110 964 142 987 a.
171 953 261 987 1570
299 953 335 986 in
361 964 465 986 sacra
501 952 587 986 aede
623 952 812 995 ottingana
848 951 919 985 iam
951 950 1090 984 musico
1127 961 1207 984 cum
1244 952 1419 983 concentu
1455 949 1741 983 decantabantur
1770 947 1889 990 (643).

110 1006 244 1040 Eodem
279 1017 371 1040 anno
399 1005 565 1039 Canisius
600 1008 698 1039 serta
733 1005 935 1050 peccatoria
963 1024 1006 1028 —
1037 1003 1327 1047 „Rosenkrentz“
1364 1014 1405 1037 ea
1441 1003 1517 1048 ipse
1553 1003 1660 1036 vocat
1686 1021 1729 1025 —
1756 1001 1888 1035 Novio-

111 1070 256 1103 magum
294 1059 339 1093 ad
375 1060 548 1102 cognatos
585 1058 703 1099 misit,
743 1070 911 1099 monens,
949 1060 989 1092 ut
1028 1069 1069 1091 ea
1107 1058 1202 1091 inter
1239 1068 1278 1090 se
1314 1056 1571 1090 distribuerent
1605 1057 1641 1089 et
1676 1055 1720 1089 ad
1755 1054 1888 1088 liberos

109 1114 343 1156 caeterosque
369 1112 520 1146 heredes
546 1123 611 1146 suo
636 1114 797 1157 tempore
823 1111 1104 1146 transmittenda
1131 1112 1299 1144 curarent
1327 1109 1450 1153 (421);
1478 1113 1513 1144 et
1532 1109 1625 1144 Socii
1651 1119 1889 1142 monacenses

111 1166 147 1200 in
191 1166 360 1208 „Litteris
395 1166 545 1200 annuis“
584 1169 796 1201 narrarunt:
838 1165 944 1200 Libro
979 1164 1289 1199 confraternitatis
1324 1165 1418 1198 sacri
1454 1163 1595 1197 Rosarii
1630 1164 1886 1197 sexcentorum

109 1219 291 1253 hominum
326 1220 470 1253 nomina
506 1220 712 1253 curavimus
739 1219 986 1260 inscribenda3
1019 1219 1071 1252 ita
1110 1218 1204 1252 hano
1247 1229 1323 1252 rem
1361 1217 1630 1261 „dissuetudine
1665 1217 1741 1250 fere
1775 1215 1888 1249 inter-

109 1276 288 1307 mortuam
315 1272 488 1318 paulatim
516 1273 795 1307 resuscitamus“
829 1273 944 1316 (602).

229 1326 297 1361 Hic
324 1326 522 1360 catholicae
549 1326 734 1370 religionis
752 1326 938 1371 profectus
955 1328 1057 1360 tanto
1075 1324 1189 1370 pluris
1216 1325 1464 1359 aestimandus
1483 1326 1549 1365 est,
1577 1326 1712 1368 quanto
1730 1322 1886 1356 maiores

110 1379 285 1414 ecclesiae
303 1380 530 1425 praepositis,
557 1380 730 1425 patronis,
758 1380 935 1414 ministris
954 1379 1179 1424 superandae
1199 1381 1302 1413 erant
1329 1378 1680 1412 difficultates.
1726 1376 1886 1418 Quarum

108 1433 249 1478 aliquas
275 1434 479 1468 recensebo.

229 1490 333 1521 Anno
355 1487 446 1522 1568
473 1487 655 1522 Sociorum
677 1487 892 1522 Germaniae
911 1487 1108 1532 superioris
1135 1486 1369 1529 congregatio
1387 1485 1620 1530 provincialis
1639 1484 1672 1519 S.
1693 1484 1888 1518 Francisco

111 1541 267 1584 Borgiae
305 1541 512 1586 praeposito
547 1541 708 1584 generali
744 1541 910 1586 scripsit:
964 1540 1063 1583 „Non
1101 1551 1216 1585 parva
1250 1539 1354 1574 nobis
1389 1541 1445 1573 est
1482 1538 1681 1573 difficultas
1718 1537 1887 1581 exigendi

112 1596 148 1628 et
183 1595 398 1629 observandi
434 1607 486 1637 ea,
526 1606 617 1639 quae
644 1595 739 1629 circa
774 1595 885 1629 libros
920 1593 1120 1639 prohibitos
1147 1594 1261 1627 Index
1296 1593 1445 1637 eiusque
1480 1593 1627 1636 regulae
1664 1592 1700 1626 in
1728 1591 1886 1626 Concilio

112 1647 320 1682 Tridentino
356 1649 541 1683 confectae
577 1648 837 1694 praescribunt.
890 1648 1108 1682 Audivimus
1135 1647 1321 1681 Summum
1349 1646 1561 1680 Pontificem
1598 1646 1701 1680 Pium
1730 1645 1792 1681 IV.
1819 1646 1889 1680 sub

112 1713 182 1746 quo
208 1702 321 1746 primo
347 1702 406 1736 hic
433 1705 489 1737 est
515 1702 626 1736 Index
654 1702 916 1747 promulgatus,
943 1713 1117 1746 expresse
1144 1701 1280 1735 dixisse
1315 1700 1410 1735 nolle
1436 1712 1475 1734 se
1501 1700 1604 1734 illum
1630 1700 1667 1734 in
1694 1699 1889 1734 Germania

112 1755 298 1800 publicari.
349 1755 474 1800 Neque
512 1756 680 1801 Episcopi
718 1758 849 1802 putant
887 1756 1037 1789 eundem
1077 1755 1113 1788 in
1150 1754 1343 1789 Germania
1381 1766 1487 1799 posse
1522 1753 1726 1788 observari⁴⁴
1772 1753 1887 1797 (570).

111 1809 282 1843 Austriae
309 1812 430 1844 autem
457 1810 686 1855 praepositus
722 1809 955 1855 provincialis
992 1808 1200 1853 generalem
1226 1808 1414 1842 certiorem
1443 1808 1540 1849 fecit,
1567 1807 1690 1841 Socios
1717 1818 1759 1841 ea
1786 1808 1821 1841 in
1848 1819 1889 1841 re

112 1862 345 1907 amplissimis
383 1863 619 1898 facultatibus
654 1864 836 1907 indigere;
876 1875 965 1906 „non
992 1874 1118 1897 sumus
1144 1874 1261 1906 neque
1288 1862 1324 1895 in
1350 1861 1457 1895 Italia
1483 1873 1599 1905 neque
1625 1861 1660 1894 in
1688 1860 1889 1906 Hispania;

112 1916 305 1951 Germania
332 1929 418 1950 vero
443 1917 511 1951 hac
546 1917 582 1951 in
609 1929 646 1951 re
672 1918 785 1952 Indiis
812 1929 876 1962 par
903 1919 959 1951 est
984 1917 1169 1951 facienda“
1203 1916 1317 1959 (274).
1369 1915 1498 1950 Iisdem
1537 1916 1579 1949 de
1607 1915 1889 1949 difficultatibus

111 1981 143 2004 a.
172 1971 263 2005 1569
290 1970 329 2005 P.
357 1970 565 2015 Alphonsus
592 1971 746 2005 Pisanus
773 1971 958 2016 hispanus,
996 1971 1057 2015 qui
1092 1971 1129 2004 in
1167 1969 1407 2004 universitate
1443 1969 1628 2013 dilingana
1666 1968 1887 2012 theologiam

112 2024 272 2064 docebat,
300 2023 433 2058 Canisii
461 2025 656 2069 praepositi
683 2025 916 2070 provincialis
942 2025 1043 2058 iussu
1070 2023 1368 2058 commentarium
1395 2023 1472 2057 sive
1498 2034 1711 2067 responsum
1730 2023 1892 2067 scripsit.

116 2077 420 2121 „Intelleximus“‚
456 2078 574 2122 inquit
598 2078 764 2121 Pisanus,
805 2078 981 2121 „Galliam
1018 2090 1082 2123 per
1117 2077 1344 2112 Cardinalem
1380 2077 1639 2120 Lotharingum
1677 2076 1892 2121 impetrasse

113 2142 281 2175 magnam
307 2132 588 2166 moderationem
615 2132 749 2167 Indicis
776 2144 796 2166 a
822 2144 962 2166 summo
985 2132 1173 2176 pontifice3
1202 2132 1251 2165 ita
1278 2131 1406 2165 etiam“
1437 2142 1501 2175 per
1519 2130 1738 2165 cardinalem
1757 2130 1894 2164 Truch-

113 2186 267 2219 sessium
297 2188 357 2227 „ut
376 2185 588 2220 Germaniae
614 2188 865 2231 protectorem,
894 2186 955 2230 qui
981 2186 1083 2220 novit
1109 2197 1216 2230 quam
1244 2185 1391 2219 difficile
1418 2189 1454 2218 et
1480 2183 1703 2229 impossibile
1730 2184 1779 2218 sit
1804 2184 1893 2218 talia

112 2239 252 2273 servari
278 2238 314 2272 in
342 2238 546 2280 Germania,
573 2241 696 2284 posset
722 2240 919 2284 impetrari,
957 2242 997 2273 ut
1031 2239 1099 2274 soli
1125 2239 1178 2272 illi
1206 2238 1614 2279 excommunicarentur,
1641 2238 1703 2281 qui
1729 2237 1895 2280 legerent

113 2292 223 2326 libros
250 2304 295 2326 ex
321 2292 483 2337 professo
511 2296 635 2327 contra
661 2293 872 2336 religionem
898 2296 1111 2334 tractantes,
1138 2296 1175 2327 et
1201 2294 1260 2337 qui
1289 2305 1335 2326 ex
1360 2293 1524 2337 professo
1550 2292 1724 2335 legerent,
1752 2303 1821 2325 non
1847 2293 1894 2326 ad

113 2345 410 2390 impugnandum,
445 2358 562 2390 neque
598 2358 685 2381 casu
721 2350 788 2382 etc.
824 2348 885 2381 sed
923 2348 984 2392 qui
1019 2349 1124 2381 notas
1158 2347 1327 2380 haereses
1363 2346 1524 2389 gaudent
1549 2346 1713 2388 lege1·e“;
1750 2346 1894 2380 interim

114 2411 199 2433 vero
226 2400 406 2434 servanda
434 2411 513 2434 esse
541 2403 665 2434 censet
690 2401 857 2441 Pisanus,
885 2413 977 2445 quae
1004 2401 1188 2435 commode
1224 2400 1320 2434 effici
1347 2400 1506 2444 possint:
1542 2399 1593 2433 ita
1619 2400 1655 2433 in
1682 2400 1893 2444 episcopatu

114 2455 317 2496 augustano
343 2453 454 2487 biblia
480 2455 698 2497 germanica,
734 2466 825 2498 quae
862 2455 1006 2498 quidem
1042 2453 1220 2488 catholica
1255 2453 1338 2493 sint,
1374 2453 1533 2498 permitti
1570 2464 1674 2498 posse
1711 2465 1761 2495 eo,
1798 2454 1892 2497 quod

115 2506 309 2541 cardinalis
326 2507 567 2550 Augustanus
585 2508 657 2548 illa,
686 2520 778 2567 quae
797 2509 840 2542 de
858 2508 1014 2543 iisdem
1006 2520 1041 2542 1n
1062 2508 1183 2542 Indice
1202 2510 1395 2552 praecepta
1413 2507 1496 2547 sint,
1523 2507 1662 2541 servari
1690 2519 1760 2541 non
1786 2519 1893 2567 posse

113 2560 422 2605 pronuntiaverit;
453 2561 684 2603 „confessarii
710 2562 745 2596 in
772 2563 984 2596 universum
1010 2574 1079 2595 non
1107 2562 1178 2595 sint
1205 2560 1407 2606 scrupulosi
1434 2561 1468 2594 in
1495 2561 1562 2594 1100
1589 2572 1742 2604 gener3e
1770 2589 1777 2595 .
1798 2589 1805 2595 .
1826 2588 1833 2596 .
1861 2562 1893 2595 si

114 2613 302 2659 poenitens
327 2615 465 2659 profert
490 2614 632 2657 librum,
669 2616 730 2659 qui
764 2628 833 2649 non
870 2616 1016 2650 videtur
1041 2615 1237 2656 nociturus,
1276 2615 1468 2658 relinquat,
1496 2614 1708 2659 praesertim
1736 2614 1797 2649 ubi
1822 2626 1893 2648 non

115 2670 220 2712 putat
254 2668 547 2703 obediturum...
568 2695 575 2703 .
628 2668 717 2702 Cum
754 2669 879 2703 Clerus
916 2668 1130 2703 Germaniae
1165 2669 1255 2702 haec
1298 2680 1368 2702 non
1403 2669 1582 2709 observet,
1619 2680 1687 2702 non
1723 2670 1895 2703 tenentur

115 2721 250 2755 nostris
276 2721 423 2755 credere
449 2722 641 2767 populares
668 2723 924 2763 coinmuniter;
957 2734 1038 2756 cum
1064 2722 1186 2756 sciolis
1214 2724 1249 2755 et
1275 2722 1523 2756 sacerdotibus
1560 2721 1684 2755 durius
1711 2722 1892 2765 agendum

116 2776 213 2815 est“;
235 2803 242 2809 .
260 2802 266 2808 .
283 2801 290 2809 .
309 2775 435 2809 fideles
466 2776 648 2818 „suaviter
673 2776 717 2810 ad
745 2776 983 2810 obedientiam
1010 2776 1106 2810 sedis
1133 2775 1352 2820 apostolicae
1379 2775 1573 2809 ducantur“
1600 2775 1755 2818 (271s4).
1793 2775 1894 2809 Haec

116 2828 234 2862 adhuc
259 2828 384 2871 ignota
411 2831 514 2863 erant
541 2832 577 2862 et
602 2831 802 2863 memoratu
822 2830 930 2873 digna
949 2841 1028 2863 esse
1047 2829 1216 2863 videntur
1234 2829 1341 2863 etiam
1361 2831 1561 2874 propterea,
1589 2829 1684 2873 quod
1702 2829 1740 2863 Ρ.
1757 2829 1894 2863 Paulus

115 2881 298 2923 Hoffaeus,
325 2882 386 2926 qui
412 2882 518 2927 paulo
545 2886 627 2927 post
652 2883 859 2928 provinciae
887 2882 1102 2917 Germaniae
1129 2883 1325 2927 superioris
1351 2883 1427 2917 loco
1447 2882 1583 2918 Canisii
1609 2894 1629 2916 a
1648 2882 1682 2917 S.
1701 2882 1895 2917 Francisco

115 2935 249 2978 Borgia
281 2936 510 2980 praepositus
546 2939 612 2978 est,
641 2949 681 2971 se
707 2937 829 2971 Pisani
856 2936 1074 2971 sententiam
1102 2937 1301 2981 approbare
1336 2937 1490 2980 Borgiae
1525 2936 1749 2979 significavit
1776 2935 1892 2980 (286).

115 2988 241 3032 Neque
268 3000 354 3023 vero
381 2989 487 3034 plane
523 2992 676 3032 constat,
714 2991 797 3034 quid
836 2991 931 3035 apud
958 2990 1235 3024 'Pi-uchsessium
1272 2992 1308 3024 et
1333 2990 1437 3024 Pium
1464 2990 1508 3024 V.
1535 2990 1687 3033 Borgias
1714 2990 1894 3031 effecerim

117 3054 222 3087 quem
241 3043 432 3077 admodum
450 3043 618 3087 religiose
638 3056 715 3078 eam
736 3056 883 3079 causam
899 3047 1077 3079 tractasse
1096 3044 1154 3078 vel
1174 3056 1218 3078 ex
1237 3056 1277 3078 eo
1297 3044 1411 3078 conici
1429 3046 1558 3089 potest,
1578 3045 1672 3088 quod
1690 3044 1792 3078 brevi
1811 3046 1895 3088 post

115 3095 249 3130 litteris
268 3096 302 3130 in
324 3096 479 3131 Galliam
500 3097 620 3132 missis
639 3098 782 3132 sodales
802 3098 958 3133 monuit:
987 3098 1023 3132 Si
1045 3098 1124 3142 quis
1144 3098 1313 3132 librorum
1333 3098 1595 3132 haereticorum
1614 3097 1891 3143 prohibitionem
