2044 3335
645 117 811 160 Augusta
830 117 935 152 Vind.
955 118 988 152 4.
1008 116 1176 152 Octobris
1196 117 1297 152 1567.
1809 122 1862 162 85

95 235 246 278 damus
278 249 357 277 nos
390 235 677 277 Paternitatis
709 236 829 278 Tuae
861 236 1108 291 sacrificijs²
1140 239 1185 279 et
1216 237 1416 291 precibus
1448 237 1492 278 in
1521 237 1691 280 Christo
1724 238 1864 280 JESV

94 300 265 342 domino
297 303 461 343 nostro.
525 299 753 353 Augustae
786 303 825 345 4.
861 301 1051 344 octobris
1087 302 1214 344 1567.

979 379 1140 421 Seruus
1172 378 1216 420 in
1249 378 1419 421 Christo
1452 379 1497 422 P.
1533 377 1743 421 Canisius.

736 459 908 502 Jhesus.

211 535 345 577 Casus
386 535 452 576 his
490 535 720 578 adiunctus
763 536 817 578 ad
849 536 1058 578 Dominos
1091 536 1318 590 Fuggeros
1350 536 1552 591 pertinet.
1722 536 1864 589 Roga-

93 614 187 642 mus
227 600 375 653 igitur,
416 603 466 643 ut
506 614 763 654 responsum
804 602 857 643 ad
901 615 1048 643 casum
1092 601 1254 644 dictum
1296 601 1469 652 habere,
1514 604 1559 644 et
1593 601 1864 643 amicissimis

92 665 275 707 dominis
326 679 568 720 proponere
615 666 853 720 possimus,
904 667 975 720 qui
1023 669 1141 709 certe
1189 667 1396 709 multumb
1442 669 1666 709 merentur
1712 667 1765 708 de
1817 680 1864 708 re

92 730 326 782 Catholica,
368 733 412 773 et
444 731 562 784 digni
596 733 710 782 sunt,
754 745 936 784 quorum
969 732 1101 774 saluti
1133 734 1226 774 tum
1260 732 1469 786 Theologi
1501 735 1593 774 tum
1627 731 1865 786 Jureperiti

92 795 322 838 consulant
337 797 363 839 1.

209 861 275 903 De
315 861 499 903 historia
532 862 580 904 B.
614 862 660 904 P.
695 861 750 904 N.
784 862 953 917 Jgnatij
996 862 1102 904 nihil
1142 863 1313 918 reperio
1355 863 1398 904 in
1439 862 1663 917 prouincia
1699 864 1862 915 nostra,

90 926 172 968 nisi
204 926 414 980 scriptum
446 927 667 978 Jtalicum,
702 927 823 969 cuius
856 928 1014 969 author
1045 927 1129 970 fuit
1162 928 1207 971 P.
1233 928 1462 980 Polancus,
1496 928 1609 982 quod
1641 942 1727 969 non
1759 929 1864 981 puto

90 991 255 1034 Romae
288 991 526 1035 desiderari
540 993 568 1035 2.
632 993 843 1034 Dominus
876 992 1112 1036 nobiscum.

210 1057 615 1099 Reuerendissimus
638 1058 985 1100 Constantiensis
1018 1058 1207 1101 absoluit
1240 1073 1362 1101 suam
1388 1059 1609 1113 Synodum
1623 1059 1651 1109 3,
1686 1061 1730 1100 et
1763 1071 1864 1099 con-

90 1122 235 1165 stituit
253 1122 421 1176 erigere
440 1122 633 1165 scholam
651 1123 819 1166 uocatis
841 1123 924 1165 huc
941 1120 1260 1178 professoribus
1278 1124 1633 1167 Louaniensibus.
1678 1123 1866 1165 Miratur

88 1188 253 1230 factum
277 1188 683 1230 Reuerendissimus
710 1189 994 1242 Augustanus
1008 1189 1036 1239 4,
1071 1192 1115 1232 et
1149 1203 1229 1243 ego
1263 1204 1348 1231 non
1381 1190 1544 1233 inuitus
1577 1189 1716 1240 uideo,
1752 1189 1865 1242 quod

90 1253 323 1296 Societatis
363 1257 543 1297 nostrae
586 1268 760 1308 operam
804 1254 968 1296 nullam
1010 1255 1219 1308 requirat,
1263 1255 1346 1297 etsi
1379 1255 1570 1297 dubitem
1604 1255 1656 1296 de
1689 1254 1864 1296 scholae

88 1318 203 1361 illius
241 1333 382 1361 nouae
420 1333 668 1373 progressu.
734 1320 892 1362 Veniet
925 1322 1072 1362 autem
1106 1320 1289 1363 Romam
1331 1321 1466 1368 breui,
1509 1324 1557 1363 ut
1590 1320 1717 1362 audio
1750 1320 1864 1361 idem

89 1384 342 1428 Cardinalis.

207 1451 254 1493 P.
278 1450 496 1493 Antonius
521 1450 774 1499 Klesselius,
809 1450 861 1492 de
894 1465 977 1504 quo
1011 1451 1178 1505 scripsi,
1213 1451 1416 1505 Dilingae
1448 1451 1576 1494 ualde
1605 1453 1758 1505 gratus
1781 1450 1864 1492 fuit

90 1515 377 1558 Concionator
420 1515 813 1565 Reuerendissimo,
861 1516 932 1569 qui
976 1530 1089 1558 nunc
1134 1520 1314 1571 cuperet
1357 1517 1419 1558 illi
1464 1517 1593 1559 alium
1638 1531 1661 1559 e
1702 1515 1864 1558 nostris

89 1581 372 1624 substitutum
405 1581 579 1625 habere.
633 1581 735 1623 Dixi
767 1581 833 1623 id⁶
866 1582 1037 1635 quidem
1071 1596 1184 1624 nunc
1215 1583 1309 1624 fieri
1341 1597 1426 1624 non
1459 1597 1600 1637 posse,
1635 1597 1730 1624 cum
1755 1581 1863 1623 Ger-

87 1661 262 1688 manum
295 1647 459 1689 nullum
492 1647 590 1689 huic
625 1646 767 1689 officio
800 1661 952 1701 parem
984 1647 1271 1690 inueniamus.
1327 1649 1548 1691 Conantur
1581 1647 1787 1690 Pontifex
1819 1649 1864 1689 et

86 1711 246 1755 Caesar
278 1715 326 1755 ut
358 1713 500 1762 audio,
535 1713 649 1767 apud
673 1712 912 1754 Canonicos
936 1713 1214 1755 Colonienses
1237 1714 1426 1765 efficere,
1459 1718 1508 1757 ut
1530 1714 1599 1756 hic
1622 1713 1863 1755 Cardinalis

86 1777 129 1819 in
161 1778 549 1832 Archiepiscopum
595 1780 639 1820 et
683 1777 921 1832 principem
966 1779 1197 1821 electorem
1243 1781 1535 1823 assumatur5.
1600 1779 1733 1821 Fiat
1774 1791 1862 1819 uo-

86 1843 275 1886 luntas
318 1844 565 1886 dominiss.

204 1933 232 1984 ἦ·
264 1931 509 1975 Admodum
533 1933 790 1975 Reuerendo
823 1932 866 1974 in
890 1933 1061 1976 Christo
1086 1934 1205 1976 Patri
1230 1934 1462 1976 Francisco
1496 1948 1521 1976 a
1543 1933 1707 1986 Borgia
1729 1932 1861 1974 Prae-

84 1998 227 2052 posito
262 1998 466 2040 Generali
499 1998 731 2041 Societatis
764 1999 918 2041 JEsV.

1047 2059 1228 2101 Romae.

204 2149 430 2195 Postscripto
455 2149 539 2183 huic
565 2151 709 2195 tempus
745 2162 814 2185 non
842 2152 898 2184 est
924 2151 1134 2196 ascriptum.
1187 2151 1255 2186 Sed
1283 2163 1328 2186 ex
1355 2152 1444 2197 ipsis
1470 2151 1594 2192 rebus,
1630 2162 1722 2195 quae
1756 2150 1791 2183 in
1820 2161 1859 2184 eo

85 2202 261 2243 dicuntur,
287 2203 395 2237 facile
413 2205 524 2248 patet,
553 2202 736 2238 Canisium
756 2204 945 2249 scripsisse
965 2205 1100 2239 a.1567
1121 2205 1228 2250 paulo
1246 2208 1328 2251 post
1347 2205 1522 2250 synodum
1543 2204 1859 2243 constantiensem,

85 2268 165 2290 cum
186 2256 225 2292 P.
245 2256 427 2291 Kleselius
445 2256 592 2300 Dilinga
618 2257 857 2299 discessisset,
885 2258 962 2302 ipse
983 2258 1149 2293 Canisius
1168 2258 1336 2303 Dilingae
1363 2270 1443 2293 cum
1470 2258 1644 2292 cardinali
1659 2257 1859 2291 Truchsess

84 2310 230 2354 egisset,
257 2310 444 2353 Augustae
475 2312 639 2353 „casum“
670 2311 848 2355 quendam
876 2312 1077 2356 accepisset
1104 2312 1255 2346 Romam
1281 2313 1508 2347 mittendum.
1559 2311 1711 2354 Borgias
1739 2313 1857 2345 autem

201 2388 229 2417 a)
250 2388 311 2412 Hoc
330 2395 355 2412 v.
375 2395 468 2419 supra
489 2395 604 2412 versum
624 2388 767 2419 scriptmn
788 2392 838 2413 est.
915 2387 943 2416 b)
965 2389 1105 2420 Sequitur
1125 2389 1172 2419 be,
1192 2390 1282 2414 oblite.
1358 2390 1383 2417 c)
1406 2388 1436 2414 id
1457 2388 1485 2414 id
1506 2390 1586 2414 arch.

205 2483 215 2503 ¹
245 2482 331 2525 „Die
357 2482 503 2525 Fugger
528 2494 649 2517 waren
676 2483 732 2517 die
759 2482 915 2527 grossten
939 2484 1142 2518 Kaufleute
1167 2484 1265 2519 ihrer
1292 2485 1385 2525 Zeit;
1413 2485 1499 2518 aber
1525 2484 1577 2518 sie
1603 2495 1724 2518 waren
1750 2483 1856 2517 keine

80 2536 212 2571 blossen
255 2535 552 2570 Geldmenschen.
628 2536 701 2570 Der
744 2536 976 2572 Gelderwerb
1036 2538 1155 2572 diente
1197 2538 1254 2572 bei
1297 2538 1404 2572 ihnen
1456 2538 1615 2572 h'oheren
1657 2537 1852 2571 Zwecken“

86 2590 161 2632 (Dr.
188 2591 351 2624 Richard
385 2590 602 2634 Ehrenbery,
641 2590 829 2625 Professor
871 2591 934 2625 der
971 2591 1399 2626 Staatswissenschaften
1442 2603 1487 2625 an
1530 2591 1592 2625 der
1630 2590 1858 2625 Universitat

80 2643 249 2685 Rostock,
280 2642 421 2686 „Grosse
440 2644 655 2687 Vermogen.
707 2644 773 2678 Die
799 2644 962 2688 Fugger“
995 2647 1073 2685 etc„
1101 2646 1193 2679 Jena
1221 2645 1324 2687 1902,
1350 2646 1426 2689 40).

200 2697 213 2717 2
240 2696 293 2732 Cf.
324 2698 410 2731 Can.
431 2697 464 2730 V
490 2697 570 2731 510.
614 2697 881 2741 Significantur,
908 2700 1005 2743 puto,
1032 2698 1176 2733 litterae
1204 2699 1248 2733 ad
1275 2698 1483 2733 universam
1511 2698 1728 2733 Societatem
1755 2697 1855 2731 initio

80 2763 126 2786 m.
155 2750 311 2794 Augusti
333 2751 423 2785 1556
451 2750 567 2792 datae,
595 2751 725 2795 quibus
752 2751 932 2786 Polancus
958 2752 1090 2795 Ignatii
1117 2752 1284 2793 virtutes,
1313 2754 1475 2793 mortem,
1502 2752 1726 2797 sepulturam
1754 2763 1853 2786 enar-

79 2805 203 2844 rabat;
231 2816 265 2838 v.
298 2804 383 2838 Can.
411 2804 445 2838 Π
471 2804 504 2838 2.

200 2859 213 2878 ³
239 2857 441 2892 Cardinalis
466 2857 613 2892 Marcus
640 2858 790 2892 Sitticus
818 2858 861 2892 ab
880 2858 1112 2893 Hohenembs
1132 2859 1366 2893 Constantiae
1393 2859 1437 2894 ab
1458 2860 1489 2894 1.
1516 2860 1560 2894 ad
1580 2860 1610 2893 5.
1632 2859 1853 2904 Septembris

82 2911 171 2947 1567
199 2911 375 2956 synodum
403 2911 652 2946 dioecesanam
679 2912 825 2952 habuit;
852 2925 887 2947 v.
915 2924 1025 2957 supra
1051 2924 1083 2957 p.
1105 2913 1177 2948 382.

197 2967 211 2985 ⁴
238 2964 324 2999 Otto
351 2964 563 2999 Truchsess.
593 2965 796 3000 Cardinalis
823 2966 975 3000 Sitticus
1003 2966 1238 3000 Constantiae
1265 2966 1457 3011 collegium
1485 2967 1676 3001 Societatis
1702 2966 1854 3000 fundare

77 3019 244 3054 voluerat
269 3017 376 3062 (Can.
402 3018 436 3052 V
461 3019 531 3054 420
557 3020 623 3054 451
654 3019 751 3062 528).

198 3073 211 3092 ⁵
238 3071 329 3106 Vide
356 3083 465 3116 supra
492 3084 525 3117 p.
554 3073 609 3107 80.

197 3126 209 3145 ⁶
236 3126 306 3160 Act
332 3125 387 3166 21,
416 3126 479 3166 14;
506 3126 551 3160 cf.
580 3126 634 3160 Mt
660 3127 690 3167 6,
722 3126 782 3166 103
812 3126 867 3167 26,
893 3126 939 3160 42
967 3129 1034 3161 etc.
