2044 3335
780 97 926 141 Dilinga
955 97 1009 132 18.
1028 97 1120 131 Iunii
1140 97 1242 132 1569.
1800 98 1884 138 331

236 215 361 258 Nunc
394 229 579 257 excusus
612 218 680 257 est
716 216 825 258 liber
857 230 994 258 nouus
1028 216 1168 269 Osorij
1207 218 1361 258 contra
1393 215 1649 257 Haddonem
1682 213 1888 267 Anglum,

117 280 346 322 excuditur
387 283 532 322 autem
573 294 685 322 nunc
727 281 778 323 D.
813 281 1040 323 Torrensis
1081 294 1210 335 opus,
1253 280 1367 333 quod
1408 280 1574 333 Belgae
1614 279 1888 328 remiserunt,

116 348 268 388 contra
309 345 534 388 sectarios.
598 346 667 388 Ita
700 345 954 399 Dilingense
997 346 1165 400 prelum
1207 345 1440 388 Catholicis
1481 359 1567 387 non
1608 344 1700 387 sine
1741 344 1890 386 fructu

113 411 244 453 sudat
260 412 284 453 1.
350 411 582 464 Speramus
615 410 817 452 Coloniae
860 425 1030 464 quoque
1071 411 1205 452 libros
1248 410 1378 452 Vtiles
1420 411 1489 452 edi
1530 424 1608 465 pro
1646 409 1888 462 Religione,

114 477 159 518 et
189 478 349 530 pacata
381 475 503 517 uobis
536 489 632 517 esse
665 476 810 517 omnia
843 476 923 517 Dei
955 475 1242 529 benignitate.

231 541 503 583 Reuerenter
534 540 676 583 saluto
710 541 756 582 P.
783 541 1108 591 Prouintialem,
1152 540 1276 594 eique
1317 540 1485 593 gratias
1525 554 1608 593 ago
1642 540 1694 582 de
1727 539 1888 594 scripto

115 605 169 647 ad
201 620 269 647 me
302 620 510 660 responso
523 607 551 656 2,
586 605 699 648 sicut
731 607 776 647 et
798 605 845 648 P.
871 606 1122 647 Hermanno
1137 607 1166 656 3,
1201 604 1272 658 qui
1304 604 1444 646 literis
1477 605 1778 646 munusculum
1811 604 1889 647 ad-

112 669 214 713 iecit
246 685 323 724 pro
354 685 435 713 sua
467 670 606 713 ueteri
636 670 680 712 in
713 684 781 712 me
814 670 1131 713 beneuolentia.
1185 670 1358 711 Lubens
1390 669 1538 711 uidero
1569 669 1886 711 Catechismum

111 735 155 777 in
198 735 381 778 rithmos
425 736 673 786 redactum,
721 749 847 788 quem
893 735 1020 777 audio
1064 734 1210 789 pueris
1255 734 1310 776 ad
1356 734 1620 776 cantandum
1662 734 1844 788 proponi
1858 735 1887 776 4.

112 800 290 843 Vtinam
313 800 580 843 Coloniensis
600 800 797 842 Ecclesia
819 800 880 842 sic
903 800 1115 854 synodum
1134 799 1446 849 Tridentinam,
1470 799 1585 841 sicut
1602 798 1886 848 Treuirensis,

113 866 416 920 amplectatur,
450 865 697 919 habeatque
730 866 1035 908 confirmatum
1067 864 1310 907 antistitem
1326 865 1356 907 5.

232 931 396 973 Versor
435 945 548 972 nunc
588 930 632 972 in
674 944 803 984 opere
846 930 1177 980 conscribendo,
1222 929 1336 983 quod
1377 928 1566 972 iniunxit
1607 928 1733 971 Pont.
1769 929 1887 971 Max.

112 1010 247 1049 eoque
288 996 490 1050 Dilingae
530 1009 685 1038 maneo
726 997 905 1050 propter
947 995 1189 1037 studiorum
1222 993 1609 1036 commoditatem.
1635 994 1888 1036 commendo

111 1063 256 1103 autem
299 1061 410 1103 hunc
451 1075 593 1102 meum
634 1061 827 1103 laborem
871 1060 1094 1114 sacrificijs
1135 1062 1180 1102 et
1217 1059 1419 1114 precibus
1452 1059 1503 1102 R.
1538 1059 1586 1101 Τ.
1621 1061 1666 1101 et
1698 1058 1888 1100 omnium

110 1125 296 1169 fratrum
328 1126 372 1168 in
405 1126 575 1169 Christo
609 1125 781 1168 domino
815 1127 978 1168 nostro.
1042 1125 1244 1178 Dilingae
1279 1125 1333 1166 18
1365 1124 1484 1178 Junij
1521 1125 1647 1167 1569.
1713 1123 1887 1167 Salutat

110 1205 188 1233 uos
220 1191 410 1235 Rectore
441 1191 685 1246 plummum'
999 1226 1161 1268 Seruus
1192 1226 1236 1268 in
1269 1225 1440 1268 Christo
1474 1225 1519 1269 P.
1555 1224 1765 1268 Canisius.

229 1322 256 1374 †
288 1321 544 1364 Reuerendo
576 1321 620 1363 in
652 1321 823 1364 Christo
856 1320 979 1364 Patri
1001 1321 1226 1363 Leonardo
1260 1321 1415 1362 Kessel
1448 1319 1704 1374 Praeposito
1737 1334 1887 1362 eorum

110 1387 183 1440 qui
214 1389 316 1429 sunt
349 1386 582 1430 Societatis
613 1387 761 1430 IESV.
826 1386 1029 1428 Coloniae
1061 1386 1105 1427 in
1138 1385 1328 1439 Collegio
1361 1385 1493 1428 trium
1526 1385 1806 1428 Coronarum.

229 1491 328 1525 Haec
347 1490 502 1536 epistula
520 1490 764 1525 memorabilis
784 1492 840 1524 est
857 1492 1004 1535 propter
1021 1501 1079 1524 res
1098 1489 1413 1535 bibliographicas,
1440 1501 1532 1533 quae
1556 1489 1593 1523 in
1612 1501 1653 1523 ea
1671 1491 1886 1524 tractantur.

233 1551 262 1584 1.
290 1549 390 1591 Quod
411 1551 454 1584 ad
474 1550 711 1593 „Willenum“
735 1550 876 1591 attinet,
905 1550 1051 1584 dubium
1078 1561 1147 1583 non
1174 1551 1240 1590 est,
1268 1549 1354 1593 quin
1371 1549 1536 1583 Canisius
1554 1549 1736 1592 significet
1754 1548 1885 1583 Luthe-

110 1615 238 1638 ranum
270 1603 371 1638 illum
402 1604 576 1648 (Flacium
605 1604 788 1649 Illyricum
802 1604 850 1646 2³),
887 1604 945 1647 qui
974 1615 1054 1637 cum
1087 1602 1220 1645 „Vlrici
1239 1602 1386 1637 Veleni“
1419 1602 1652 1646 („Welleni“,
1675 1602 1884 1646 ,‚Willeni“)

113 1657 413 1700 „Minhoniensis“
446 1657 789 1701 („Monhoniensis“,
821 1657 1109 1700 „Minoriensis“)
1147 1656 1231 1691 ficto
1257 1657 1400 1691 nomine
1429 1657 1579 1700 (Jucher
1605 1656 1628 1690 l.
1648 1668 1678 1690 c.
1706 1655 1756 1690 IV
1776 1656 1884 1700 1503)

109 1710 282 1753 libellum,
317 1723 383 1746 nec
408 1711 486 1745 loco
521 1723 587 1745 nec
614 1722 706 1745 anno
734 1710 913 1755 ascriptis,
950 1722 981 1744 a.
1008 1710 1100 1745 1520
1127 1710 1240 1744 edidit
1270 1710 1324 1744 sic
1349 1710 1426 1744 fere
1458 1710 1692 1754 inscriptum:
1733 1709 1792 1752 „In
1818 1709 1887 1744 hoc

109 1764 230 1798 libello
334 1765 515 1809 probatur,
538 1766 602 1810 Ap.
622 1764 771 1798 Petrum
798 1764 949 1798 Romam
977 1776 1046 1798 non
1071 1763 1215 1798 venisse
1240 1775 1307 1797 nec
1334 1763 1408 1797 illic
1434 1775 1592 1808 passum,
1620 1764 1768 1808 proinde
1795 1764 1886 1797 satis

109 1817 238 1852 frivole
266 1820 302 1852 et
327 1820 463 1852 temere
489 1818 590 1852 Rom.
610 1818 713 1852 Pont.
741 1830 780 1852 se
807 1818 905 1852 Petri
933 1829 1179 1852 successorem
1203 1817 1321 1862 jactat
1347 1819 1383 1851 et
1409 1817 1589 1851 nominat“
1622 1818 1788 1861 (Reusclz,
1814 1816 1886 1851 Der

109 1872 223 1906 Index
241 1872 273 1905 II
292 1871 391 1915 234).
433 1871 668 1906 Germanicae
693 1871 806 1906 libelli
834 1872 1010 1905 editiones
1028 1871 1148 1905 factae
1166 1873 1252 1905 sunt
1270 1871 1457 1904 minimum
1475 1873 1664 1915 quattu0r;
1692 1883 1737 1904 ex
1756 1871 1886 1915 quibus

108 1937 180 1959 una
209 1925 297 1968 (,‚Jn
324 1925 438 1959 disem
464 1925 611 1959 buchlin
637 1925 720 1959 wirt
746 1925 812 1959 mit
838 1924 1073 1969 mancherlay
1100 1924 1255 1969 tapffern
1275 1923 1455 1958 vrsachen
1472 1923 1629 1958 klarlich
1648 1924 1794 1966 bewert‚
1821 1924 1886 1958 das

111 2007 116 2013 .
135 2007 141 2013 .
160 2006 165 2011 .
194 1978 324 2012 Petrus
350 1990 420 2022 gen
438 1978 528 2012 Rom
554 1978 654 2013 nicht
672 1979 823 2013 kofiien“
843 1981 922 2019 etc.‚
942 1990 971 2013 s.
989 1978 1011 2012 l.
1032 1981 1069 2012 et
1086 1978 1135 2021 a.)
1165 1978 1354 2021 Augustae
1381 1989 1411 2011 a.
1430 1977 1518 2012 1521
1548 1978 1583 2011 in
1610 1977 1728 2011 lucem
1754 1978 1887 2022 prodiit

111 2032 206 2076 (Em.
234 2033 370 2075 Weller,
397 2032 645 2077 Repertorium
673 2032 988 2078 typographicum.
1031 2031 1097 2066 Die
1124 2031 1299 2065 deutsche
1326 2031 1509 2065 Literatur
1535 2031 1582 2064 im
1610 2033 1731 2065 ersten
1749 2031 1889 2066 Viertel

110 2086 173 2120 des
207 2085 449 2120 sechzehnten
475 2085 751 2127 Jahrhunderts,
787 2085 1009 2129 Nordlingen
1038 2085 1140 2127 1864,
1168 2085 1369 2126 224-225,
1403 2096 1436 2119 n.
1468 2085 1558 2119 1959
1588 2084 1708 2129 1960).
1760 2085 1889 2119 Italica

234 2239 242 2258 ¹
269 2237 361 2271 Vide
388 2249 479 2281 quae
506 2237 549 2272 de
575 2237 676 2272 libris
695 2237 861 2281 Dilingae
881 2237 1025 2272 excusis
1044 2237 1208 2272 dicentur
1231 2237 1299 2271 sub
1318 2238 1417 2282 ipsas
1436 2236 1502 2271 has
1519 2236 1672 2276 litteras,
1698 2248 1758 2271 nn.
1777 2235 1798 2269 2
1817 2236 1837 2269 3
1855 2236 1888 2269 4.

230 2292 243 2311 2
269 2291 322 2325 De
340 2291 380 2325 P.
396 2291 543 2325 Antonii
554 2291 673 2325 Vinck
694 2291 901 2336 provinciae
926 2290 1108 2325 rhenanae
1133 2290 1330 2336 praepositi
1354 2291 1566 2335 „responso“
1586 2302 1619 2324 v.
1634 2301 1743 2334 supra
1762 2289 1890 2333 p.306.

231 2345 244 2365 ³
270 2344 310 2379 P.
339 2344 586 2378 Hermannum
605 2344 811 2389 Thyraeum
846 2346 1024 2379 rectorem
1051 2343 1195 2387 collegii
1222 2344 1444 2378 treverensis
1476 2343 1675 2387 significari
1708 2342 1888 2377 existimo.

229 2399 243 2418 4
270 2397 440 2432 Dubitari
465 2410 536 2432 non
562 2400 692 2442 potest,
719 2398 805 2442 quin
834 2397 969 2432 Canisii
996 2397 1240 2432 catechismus
1267 2397 1503 2440 significetur,
1531 2397 1634 2440 isque
1660 2401 1723 2430 aut
1748 2396 1890 2430 medius

111 2453 175 2486 aut
199 2451 370 2485 minimus
399 2451 655 2494 (germanicus,
687 2451 757 2485 nisi
783 2450 920 2494 fallor).

231 2504 244 2523 ⁵
270 2504 322 2538 De
349 2504 535 2539 Salentino
562 2504 833 2549 archiepiscopo
867 2504 1063 2539 coloniensi
1100 2504 1215 2538 electo
1251 2517 1285 2538 v.
1314 2515 1424 2548 supra
1450 2515 1484 2548 p.
1505 2504 1560 2537 81.
1611 2503 1763 2537 Iacobus
1793 2502 1888 2547 (III.)

110 2558 155 2592 ab
181 2558 272 2600 Eltz,
308 2558 601 2603 archiepiscopus
628 2558 852 2592 treverensis
879 2557 1018 2592 electus
1046 2558 1076 2592 7.
1097 2557 1233 2602 Aprilis
1263 2558 1366 2598 1567,
1400 2559 1483 2602 post
1509 2556 1592 2590 fidei
1627 2556 1890 2601 professionem

110 2611 344 2646 tridentinam
371 2612 541 2646 emissam
567 2623 587 2646 a
614 2611 678 2645 Pio
696 2611 740 2645 V.
769 2611 1003 2645 confirmatus
1030 2611 1213 2655 pallioque
1239 2612 1400 2651 ornatus,
1438 2610 1492 2645 19.
1520 2610 1657 2654 Aprilis
1685 2610 1777 2645 1569
1808 2621 1891 2644 con-

110 2667 274 2699 secratus
301 2667 366 2699 est.
404 2664 604 2699 Concilium
618 2664 869 2698 Tridentinum
896 2664 974 2698 eius
992 2664 1165 2698 mandatu
1180 2664 1350 2698 Treveris
1382 2663 1437 2706 „in
1455 2663 1647 2697 refectorio
1665 2663 1889 2697 dominorum

111 2717 382 2759 Canonicorum,
406 2721 445 2752 ut
464 2720 615 2753 vocant“
640 2718 694 2753 19.
714 2717 871 2751 Ianuarii
893 2718 982 2752 1569
1009 2717 1277 2762 promulgatum
1306 2718 1352 2759 et,
1380 2716 1563 2751 canonicis
1589 2717 1889 2762 metropolitanae

111 2771 285 2805 ecclesiae
320 2771 583 2813 recusantibus,
623 2783 664 2814 „a
691 2770 870 2804 Praelatis
907 2771 942 2804 in
978 2771 1065 2804 urbe
1093 2771 1342 2815 acceptatum“
1374 2781 1454 2804 esse
1480 2772 1650 2804 narratur
1684 2770 1721 2804 in
1751 2772 1890 2813 „Gestis

110 2824 362 2858 Trevi1·orum“
396 2825 491 2868 (edd.
518 2826 547 2859 I.
575 2826 622 2859 H.
650 2825 877 2868 Wyttenbach
903 2826 939 2857 et
964 2825 1015 2858 M.
1042 2825 1108 2858 Fr.
1135 2825 1165 2858 I.
1193 2824 1328 2858 Midler
1352 2823 1413 2865 III,
1441 2824 1630 2866 Augustae
1655 2823 1889 2858 Trevirorum

114 2877 216 2920 1839,
241 2878 317 2921 45).
368 2878 449 2922 Ipse
484 2881 604 2912 autem
642 2877 792 2912 Iacobus
828 2878 883 2911 21.
912 2877 1049 2922 Aprilis
1078 2878 1168 2912 1569
1202 2877 1372 2911 Treveris
1407 2877 1444 2911 in
1479 2888 1610 2921 magno
1646 2877 1817 2912 abbatum
1854 2879 1890 2912 et

111 2930 340 2965 sacerdotum
366 2933 547 2965 conventu
572 2930 694 2975 aliqua
712 2930 854 2965 concilii
873 2930 993 2975 capita
1019 2930 1278 2975 promulgavit,
1306 2932 1342 2964 et
1368 2930 1527 2964 eiusdem
1555 2930 1695 2965 concilii
1723 2930 1889 2975 exempla

111 2984 227 3029 ipsius
252 2984 457 3029 sumptibus
483 2996 618 3018 excusa
653 2985 690 3018 in
717 2995 850 3025 omnes,
887 2983 948 3027 qui
975 2983 1136 3026 aderant,
1173 2983 1357 3018 distribuit
1385 2983 1606 3027 (christoph.
1634 2985 1827 3018 Browerus
1853 2986 1889 3017 et

111 3039 184 3071 Iac.
210 3038 407 3081 Masem'us,
445 3037 713 3082 Antiquitatum
763 3039 799 3071 et
836 3036 1030 3071 Annalium
1065 3036 1335 3071 Trevirensium
1372 3036 1455 3071 libri
1492 3036 1605 3079 XXV,
1640 3039 1665 3071 t.
1694 3038 1726 3079 2,
1766 3037 1888 3071 Leodii

115 3090 216 3132 1670,
242 3091 342 3134 405).
495 3092 508 3111 ⁶
534 3090 573 3125 P.
594 3090 836 3125 Theodoricus
864 3089 1040 3124 Canisius.
