2044 3335
219 107 244 146 2
392 106 493 140 1471.
522 106 606 140 Can.
626 106 831 140 Mendozae.
868 108 960 151 Aug.
983 107 1084 142 1567.
1138 107 1240 141 1472.
1269 106 1509 142 Leubenstain
1528 107 1613 143 Can.
1650 109 1742 152 Aug.
1765 109 1867 144 1567.

219 224 354 265 uideri
401 225 455 266 ad
501 224 612 266 hanc
655 225 840 279 Philippi
882 225 1196 280 profectionem
1241 226 1455 269 foeliciter
1495 226 1764 280 dirigendam
1780 228 1806 278 1,
1848 228 1884 269 si
1924 228 1988 270 ita

219 289 355 330 uisum
399 289 482 331 erit
515 290 561 332 P.
595 290 727 340 Tuae,
772 304 901 343 quam
942 291 1098 332 iterum
1141 305 1248 343 rogo
1291 291 1440 344 optimj
1485 292 1679 345 parentis
1724 295 1768 334 et
1808 295 1988 335 sanctae

218 354 395 396 matrisa
427 355 654 407 Fuggerae
697 355 882 405 nomine,
928 358 978 397 ut
1019 355 1159 398 dictus
1192 355 1415 410 Philippus
1457 357 1726 399 commodum
1760 358 1910 400 ducem
1943 361 1989 401 et

219 419 419 460 comitem
461 420 515 460 ad
556 419 636 461 hoc
677 419 762 462 iter
795 434 946 462 secure
979 423 1023 463 et
1055 421 1147 462 sine
1179 420 1370 475 periculo
1403 421 1716 464 instituendum
1750 422 1834 465 cito
1867 436 1987 465 asse-

218 486 388 536 quatur,
422 498 562 536 neque
594 484 771 526 nimium
804 484 998 527 libertati
1030 499 1134 527 suae
1165 483 1234 526 inb
1266 485 1346 527 hoc
1371 486 1513 528 reditu
1539 487 1822 539 relinquatur.
1867 488 1988 530 Haec

217 549 357 591 scribo
382 548 626 603 Oeniponti‚
660 552 896 603 occupatus
929 550 971 591 in
1006 550 1267 593 Visitatione
1300 550 1479 605 Collegij
1513 565 1667 604 meque
1699 566 1794 593 curn
1826 552 1987 594 nostris

218 614 469 656 commendo
503 614 728 668 sacrificijs
761 617 804 656 et
837 615 1036 668 precibus
1060 615 1105 658 P.
1130 616 1178 658 Τ.
1202 615 1245 656 in
1272 615 1441 658 Christo
1465 616 1606 658 ‚JESV
1630 616 1799 658 domino
1822 620 1984 660 nostro.

218 678 449 732 Oeniponti
482 681 527 720 55>
559 679 749 733 Augusti
784 681 911 723 1567.
1103 680 1264 722 Seruus
1295 681 1339 722 in
1371 681 1542 723 Christo
1577 681 1623 724 P.
1657 681 1866 724 Canisius.

337 773 364 825 †
396 773 451 815 Al
484 773 620 815 Molto
653 773 910 816 Reuerendo
952 773 996 815 in
1029 774 1199 816 Christo
1232 774 1374 816 Padre
1414 775 1445 816 il
1478 775 1619 816 Padre
1650 775 1892 817 Francesco
1934 775 1987 818 de

219 838 391 892 Borgia,
425 838 653 892 Prepesito
688 838 901 881 Generale
934 839 1048 881 della
1081 839 1347 893 Compagnia
1382 839 1449 881 del
1484 839 1628 881 Giesu.

1623 899 1681 940 Jn
1714 899 1865 941 Roma.

337 955 489 998 Borgias
515 954 659 989 Canisio
685 955 870 1000 respondit
895 955 951 990 23.
980 955 1202 1000 Septembris
1230 956 1332 991 1567.

218 1076 361 1113 1471.
470 1078 687 1113 CANISIUS
730 1077 792 1114 P.
828 1077 1133 1115 ALOYSIo
1173 1077 1266 1113 DE
1303 1077 1637 1115 ΜΕΝΒΟΖΑ
1677 1078 1730 1115 S.
1758 1078 1812 1114 J.
1852 1078 1986 1114 Romae

408 1132 540 1175 agenti.
1226 1132 1426 1177 Oeniponte
1452 1133 1518 1167 sub
1545 1133 1577 1167 d.
1598 1133 1630 1168 5.
1649 1132 1806 1176 Augusti
1836 1133 1936 1168 1567.

336 1197 422 1230 Vide
447 1197 633 1240 epistulam
659 1198 890 1241 superiorem,
913 1209 950 1240 p.
980 1200 1009 1230 1.

217 1317 367 1354 1472.
482 1318 543 1354 Ρ.
579 1318 937 1356 MARTINUS
976 1318 1459 1355 LEUBENSTAIN
1501 1319 1553 1355 S.
1586 1319 1640 1355 J.
1683 1322 1801 1354 rector
1843 1320 1985 1363 collegii

406 1372 699 1416 ingolstadiensis
727 1373 926 1414 CANISIO,
953 1374 1157 1418 praeposito
1183 1373 1396 1418 provinciali
1424 1374 1639 1408 Germaniae
1665 1373 1871 1418 superioris.

887 1427 1108 1470 Ingolstadio
1135 1426 1280 1461 ineunte
1306 1427 1366 1460 vel
1392 1427 1507 1460 medio
1534 1427 1609 1461 fere
1636 1428 1802 1470 Augusto
1831 1427 1933 1462 1567.

337 1501 391 1535 Ex
418 1501 540 1535 Lanoii
568 1502 699 1536 litteris
725 1503 972 1547 autographis.
1024 1502 1066 1537 G.
1094 1502 1157 1547 Ep.
1177 1502 1263 1536 VIII
1291 1503 1315 1537 f.
1344 1503 1436 1537 1972.

336 1580 389 1612 De
416 1581 663 1613 controversiis
689 1581 902 1614 academicis
929 1582 1115 1614 Sociorum
1140 1581 1471 1624 inyolsladiensium
1497 1586 1556 1615 etc.

336 1644 376 1677 P.
404 1645 576 1677 Nicotaus·
603 1646 767 1678 Lanatus
794 1646 829 1678 S.
846 1646 882 1679 J.
911 1650 1026 1679 rector
1052 1646 1187 1688 eolleyii
1213 1646 1443 1688 oenipontcmt
1473 1646 1662 1688 Oeniponte
1688 1647 1743 1678 30.
1772 1645 1986 1687 Septembris

225 1698 312 1729 1567
338 1698 486 1730 Romam
523 1699 571 1731 acl
607 1699 642 1731 S.
670 1699 908 1731 Franctscnm
943 1699 985 1731 de
1011 1699 1146 1742 Boryia
1179 1701 1421 1741 praepo-&itum
1446 1699 1644 1742 gleneralem
1671 1699 1829 1731 rettulit:
1868 1698 1982 1740 Inyol-

217 1751 334 1783 stadio
358 1751 428 1783 sibi
452 1753 597 1784 missum
624 1763 692 1785 esse
718 1752 766 1784 ad
791 1754 895 1795 coqui
921 1753 1079 1793 officium
1105 1753 1434 1785 administrandum
1463 1749 1856 1796 »ΟῙινίεΐορΙιω-ιιφηα9,·
1890 1752 1984 1784 lianc

218 1807 331 1835 (uitem
369 1805 528 1847 „duritia
564 1806 622 1838 sm·
656 1807 781 1848 capitis
816 1810 846 1838 et
876 1806 1089 1848 praefracta
1115 1804 1270 1838 ceruice“
1299 1816 1384 1838 noco
1411 1806 1604 1838 Ministro³
1639 1805 1763 1837 cotidie
1796 1805 1835 1837 in
1861 1805 1984 1837 eulina

218 1856 391 1889 molestias
410 1868 572 1900 paror&
606 1859 731 1891 deinde
758 1859 918 1891 Lanoitts
952 1859 1073 1891 addit:
1110 1859 1298 1901 „Eiusdem
1322 1859 1431 1901 plane
1467 1859 1601 1901 iwqemj
1623 1863 1705 1891 sunt
1733 1858 1984 1900 St'y'isiizundzcs

217 1910 363 1952 quidam
393 1912 609 1953 yerincmius‘*
644 1916 673 1944 et
700 1912 897 1944 Balthasar
923 1912 1046 1945 Sctoeo⁵
1075 1939 1081 1944 .
1111 1939 1117 1945 .
1148 1939 1154 1945 .
1191 1923 1342 1954 quorum
1374 1913 1480 1954 prior
1507 1923 1621 1954 nuper
1655 1911 1723 1944 huc
1758 1922 1836 1943 eum
1871 1911 1983 1943 literis

217 1963 559 2005 Jnyolstadtensimn
577 1966 623 1997 ad
642 1965 680 1998 P.
697 1966 959 1998 Prouincialem
978 1966 1081 2009 venit,
1109 1967 1226 1998 iussus
1251 1965 1308 1998 hic
1333 1976 1476 1998 manere
1502 1970 1540 1997 ut
1566 1969 1719 2008 tempore
1737 1965 1983 1997 renozcationis

216 2017 416 2050 studiorum
447 2018 737 2061 gubernationem
767 2020 908 2060 infimae
938 2019 1071 2051 Classis
1096 2021 1295 2061 susciperet,
1327 2020 1386 2051 sed
1414 2020 1450 2051 id
1474 2020 1609 2060 factum
1645 2029 1715 2051 non.
1741 2023 1787 2051 est
1813 2019 1981 2060 quoniam

218 2070 256 2102 P.
283 2070 528 2104 Prouincialts
564 2072 664 2104 illum
700 2083 777 2104 eum
812 2077 894 2105 esset
921 2072 1148 2114 Monaclmjcss
1182 2072 1266 2104 hinc
1302 2074 1486 2105 reuocauit
1521 2076 1550 2104 et
1586 2073 1676 2104 alter
1711 2083 1789 2104 cum
1824 2082 1846 2104 a
1881 2071 1981 2104 nobis

219 2124 443 2157 iudicaretur
468 2125 515 2157 acl
541 2136 670 2158 munus
690 2125 908 2168 penultimae
927 2126 1050 2158 classis
1076 2126 1295 2158 subeundmn
1314 2126 1355 2158 ob
1374 2126 1523 2157 nimiam
1542 2126 1755 2157 iuuentutem
1775 2128 1804 2157 et
1822 2126 1982 2167 corporis

220 2178 487 2210 imbecillitatem
522 2182 595 2210 tum
632 2181 784 2211 mart-ime
820 2179 860 2211 ob
896 2180 1023 2221 capitis
1061 2179 1227 2212 duritiem
1267 2179 1462 2221 itidieijque
1496 2179 1696 2211 mirabilem
1726 2179 1980 2220 proprietatem

218 2230 401 2273 [ineptus]
417 2231 432 2250 ‘¹
467 2233 634 2264 remissus
668 2233 739 2273 fuit
775 2243 852 2264 cum
888 2233 992 2264 (lictis
1026 2233 1140 2265 literis
1173 2232 1278 2274 (quia
1313 2232 1370 2265 hic
1402 2242 1473 2264 ozon
1504 2233 1719 2264 inuenerunt
1752 2231 1792 2264 P.
1818 2231 1981 2274 Prouin.‚

337 2318 365 2348 a)
386 2318 524 2349 Sequitur
544 2317 676 2349 nominc,
703 2319 792 2343 oblitt.
894 2317 925 2345 b)
953 2319 1013 2343 Hoc
1040 2326 1063 2343 v.
1090 2319 1138 2348 (ab
1159 2319 1223 2350 ipso
1247 2322 1286 2349 (ζ,
1307 2321 1337 2342 ut
1360 2318 1486 2349 videtur)
1514 2326 1606 2350 supra
1636 2326 1749 2343 versum
1769 2318 1910 2349 seriptum
1930 2320 1982 2346 est=

218 2359 243 2387 c)
266 2360 300 2383 In
320 2362 432 2390 (cutoyr.
453 2360 586 2391 sequitu»-
605 2359 653 2391 ad,
673 2361 764 2384 oblitt.
852 2359 882 2391 d)
904 2361 964 2384 Hoc
986 2361 1027 2385 uel
1046 2360 1142 2385 simile
1163 2368 1186 2384 v.
1207 2360 1404 2391 supplendum
1425 2368 1484 2384 esse
1505 2360 1629 2384 ostendit
1650 2360 1715 2391 ‘ipsa
1736 2368 1790 2384 res.

341 2465 350 2485 ¹
377 2466 415 2500 P.
442 2466 613 2510 Aloysius
642 2465 877 2509 (Ludovicus)
907 2466 949 2499 de
976 2465 1151 2499 Mendoza
1179 2465 1242 2509 (cf.
1272 2467 1360 2500 Can.
1388 2465 1437 2499 IV
1465 2464 1668 2508 313—314)
1706 2468 1742 2498 et
1773 2477 1803 2499 a.
1826 2464 1980 2507 1563l64

219 2521 254 2552 et
280 2530 311 2552 a.
329 2518 419 2553 1566
446 2530 525 2553 cum
552 2519 725 2553 cardinali
745 2518 944 2553 Truchsess
973 2519 1086 2553 Roma
1104 2519 1308 2562 Augustam
1326 2521 1477 2553 venerat
1499 2518 1604 2561 (Can.
1630 2518 1681 2552 IV
1700 2518 1767 2552 312
1795 2517 1864 2552 520
1890 2517 1977 2558 588;

338 2625 350 2644 2
376 2625 415 2658 In
442 2627 459 2643 “³‘
475 2626 642 2669 Cataloyo
668 2625 811 2668 collegii
836 2625 1133 2668 ingolstadiensis
1160 2627 1314 2659 exeunte
1349 2637 1380 2659 a.
1410 2625 1500 2659 1566
1533 2623 1736 2668 conscripto
1771 2624 1805 2657 in
1832 2635 1979 2657 numero

219 2678 370 2711 fratrum
389 2677 561 2711 laicorum
579 2679 723 2722 ponitur
745 2678 1044 2723 „Christophorus
1064 2678 1322 2712 Saldorfensis“
1349 2689 1483 2722 coquus
1502 2677 1605 2721 (GSO
1626 2678 1670 2711 66
1688 2677 1712 2711 f.
1727 2676 1978 2720 4062—40812).

338 2731 351 2749 ³
376 2731 416 2765 P.
444 2730 598 2774 Georgio
625 2731 768 2776 Crispo;
795 2732 841 2766 cf.
871 2733 957 2765 Can.
977 2731 1009 2764 V
1028 2732 1072 2765 89
1085 2732 1107 2765 ³.

339 2785 350 2803 ⁴
378 2783 620 2827 Significatur,
638 2787 735 2829 puto,
759 2785 1032 2828 „Sigismundus
1051 2784 1202 2828 Myller“
1225 2785 1302 2818 sive
1325 2784 1498 2827 „Miller“‚
1525 2796 1570 2817 ex
1597 2783 1751 2817 dioecesi
1777 2786 1980 2826 augustana

218 2838 327 2877 ortus,
363 2848 394 2871 a.
424 2837 514 2871 1566
550 2837 729 2871 Monaehii
763 2839 799 2871 in
835 2837 1050 2872 Societatem
1089 2838 1286 2878 admissus3
1322 2838 1364 2871 de
1401 2848 1469 2880 quo
1497 2835 1717 2879 *Cataloyus
1754 2836 1979 2870 monacensis

219 2901 264 2923 m.
284 2888 429 2923 Octobri
450 2891 538 2924 1567
558 2889 784 2935 conscriptus
806 2890 895 2925 haec
912 2891 1040 2925 habet:
1069 2891 1158 2924 Eum
1177 2902 1195 2924 e
1213 2891 1434 2924 noviciorum
1452 2901 1599 2923 numero
1619 2901 1697 2923 esse
1721 2892 1757 2923 et
1778 2889 1834 2931 „in
1852 2889 1978 2923 ultima

218 2942 334 2976 classe
361 2942 507 2976 docere“
541 2942 644 2985 (GSO
670 2944 714 2977 66
742 2944 764 2977 f.
792 2944 860 2978 385
887 2943 1136 2986 4092—4122).

339 2996 350 3013 ⁵
376 2996 626 3030 Balthasarem
645 2995 820 3038 Zugerum
845 2997 1040 3039 significari
1060 2998 1160 3041 patet
1185 3007 1230 3030 ex
1257 2997 1336 3041 ipsa
1353 2996 1421 3030 hac
1438 2995 1561 3029 Lanoii
1580 2995 1754 3040 epistula;
1781 2996 1824 3029 de
1842 2995 1979 3038 Zugero

218 3060 252 3081 v,
284 3050 370 3082 Can.
389 3049 422 3082 V
443 3049 530 3082 112¹
557 3052 593 3083 et
618 3050 722 3090 infra,
750 3061 804 3094 ep.
831 3062 865 3083 n.
894 3050 985 3084 1499
1014 3049 1114 3084 1502.

339 3102 350 3120 ⁰
377 3101 448 3135 Sub
475 3101 506 3135 d.
534 3102 590 3136 21.
618 3102 774 3145 Augusti
801 3114 879 3136 eum
906 3114 1097 3136 revocasse
1124 3102 1284 3142 videtur;
1314 3114 1348 3136 v.
1375 3101 1479 3142 infra,
1507 3113 1560 3146 epi
1587 3114 1620 3136 n.
1642 3102 1742 3136 1487.
