2044 3335
116 104 200 144 412
506 101 607 135 1718.
635 99 799 134 Canisius
825 98 949 132 Ottoni
975 97 1173 133 Truchsess
1199 98 1241 132 de
1268 97 1482 142 Waldburg.

115 219 260 261 propter
286 216 363 260 ejus
391 215 571 249 Summam
599 213 822 255 modestiam,
849 213 1075 258 probitatem,
1102 213 1285 258 pietatem,
1316 225 1357 248 ac
1385 212 1631 248 Excellentem
1658 212 1876 254 doctrinam3

115 269 208 303 inter
234 269 391 312 reliquos
418 268 541 301 doctos
569 266 776 301 Catholicae
802 268 946 300 nostrae
971 265 1148 300 Veritatis
1174 265 1390 301 Defensores
1414 266 1519 301 vnice
1553 265 1763 311 paternitati
1793 267 1879 299 tuae

117 322 336 362 commendo,
364 332 469 365 quem
496 320 720 365 praedictum
746 320 963 363 Magistrum
991 318 1230 359 Joachimum,
1257 319 1286 353 si
1305 319 1364 353 vel
1383 319 1602 354 Conditionis
1629 330 1759 363 genere
1785 318 1878 363 apud

116 378 151 408 te
177 375 327 409 honesto
354 373 563 417 gratificari,
589 373 649 407 vel
675 372 926 407 beneficiorum
952 374 1095 406 tuorum
1121 371 1348 413 liberalitate,
1383 384 1474 416 quae
1500 372 1641 406 fidelem
1667 371 1877 406 Praesulem

117 427 230 465 decet,
256 427 452 460 clementer
477 425 650 471 adjuuare
676 426 822 471 poteris,
848 425 936 459 illud
964 425 1022 459 vel
1042 425 1170 459 Matris
1196 427 1341 459 nostrae
1359 425 1543 459 Ecclesiae
1560 425 1712 465 nornine,
1739 424 1796 458 cui
1822 424 1880 458 hio

116 479 292 513 Defensor
318 479 536 513 constitutus
563 491 611 519 es,
647 479 767 513 facere
793 490 838 512 ne
865 478 1081 522 dedigneris,
1116 478 1293 512 submisse
1323 489 1344 512 a
1369 482 1405 512 te
1430 480 1525 522 peto,
1561 481 1668 521 atque
1695 477 1880 511 contendo.

117 532 183 566 Est
209 533 302 566 enim
329 532 458 576 dignus
492 532 551 566 hic
576 532 808 573 Adolescens,
844 534 885 565 vt
911 531 1191 565 clarissimorum
1218 531 1386 565 Virorum
1421 542 1486 575 ope
1521 533 1557 565 et
1583 530 1717 564 auxilio
1753 530 1796 564 ad
1822 529 1881 564 ho—

117 587 258 619 nestum
294 586 495 620 studiorum
531 597 676 620 suorum
703 585 811 619 finem
837 584 1038 630 adjuuetur.
1091 585 1171 629 Ipse
1198 584 1350 628 denique
1386 595 1430 617 ne
1456 583 1515 617 vel
1541 586 1603 618 tua
1638 583 1696 617 vel
1733 583 1882 617 aliorum

117 639 388 682 magnificorum
414 638 627 674 Praesulum
653 638 827 673 beneficia
852 638 920 682 ipsi
948 637 1080 672 collata
1107 648 1201 671 vana
1226 637 1289 671 sed
1316 636 1498 682 operariae
1524 637 1606 678 sint,
1638 648 1778 671 summa
1803 647 1882 679 gra-

117 691 269 726 titudine
296 692 440 726 efficiet.
483 692 561 726 Hac
587 692 622 726 in
648 703 687 726 re
713 691 800 725 mihi
826 694 861 725 et
887 691 1037 725 honesto
1063 690 1146 725 huic
1172 689 1392 724 adolescenti
1417 689 1608 731 inseruies,
1630 694 1801 735 perpetuo
1827 701 1884 723 me

119 745 185 779 tibi
213 757 332 779 amore
359 745 552 785 deuincies,
588 745 734 790 sicqueb
753 744 799 789 [22]
827 744 909 779 huic
938 744 1145 779 doctissimo
1172 743 1341 784 studioso,
1378 743 1521 777 alumno
1547 745 1670 778 nostro
1696 746 1883 788 promptus

120 799 202 842 (ceu
221 799 340 844 spero)
361 799 483 840 fueris,
511 798 695 833 Ecclesiae
720 801 865 832 nostrae
891 797 1001 832 saluti
1026 797 1179 831 multum
1199 796 1472 840 gratificaberis,
1499 796 1574 830 Deo
1601 798 1720 830 autem
1739 796 1884 831 Summo

116 856 153 885 te
181 851 415 886 Carissimum
442 850 638 887 exhibebis.
675 851 743 893 Qui
769 851 1017 886 Reuerendam
1043 850 1306 885 Pater-nitatem
1333 852 1431 884 tuam
1458 850 1518 884 diu
1543 850 1646 884 nobis
1671 849 1885 883 incolumem

119 908 251 946 seruet,
287 905 323 939 in
350 905 534 940 Ecclesiae
569 917 656 940 suae
682 904 904 950 triumphum
940 907 976 938 et
1001 915 1122 938 rerum
1147 903 1372 949 publicarum
1398 902 1720 938 conseruationem.
1770 902 1886 936 Datae

120 960 307 1002 Augustae
334 958 485 992 Rhetiae
511 959 543 993 2.
571 958 722 992 Kalend.
749 958 836 992 Julii
863 959 965 992 Anno
992 956 1237 992 Redemtionis
1262 955 1443 991 MDLXX.

241 1028 473 1063 Reuerendae
499 1028 716 1062 Paternitati
742 1030 825 1062 tuae
852 1028 887 1061 in
914 1027 1078 1062 omnibus
1104 1027 1349 1061 deditissimus

529 1081 660 1116 Petrus
688 1081 854 1115 Canisius
881 1081 921 1115 D.
949 1080 1141 1115 Societatis
1166 1080 1254 1115 ,Iesu
1280 1079 1484 1123 Theologus

420 1134 695 1179 haereticaeque
721 1134 919 1168 Prauitatis
946 1145 1010 1179 per
1036 1132 1265 1168 Germaniam
1292 1133 1487 1177 Inquisitor
1512 1143 1620 1166 manu
1637 1131 1791 1177 propria.

125 1265 270 1302 1718.
382 1266 599 1302 CANISIUS
625 1266 798 1301 cardinali
826 1263 1085 1301 OTTONI
1114 1263 1514 1301 TRUGHSESS
1541 1263 1634 1299 DE
1660 1261 1889 1299 WVALD·

316 1318 506 1355 BURG
534 1320 699 1365 episcopo
725 1323 927 1364 augustano
954 1321 1021 1353 etc.

875 1372 1021 1416 Dilinga
1046 1372 1139 1406 inter
1166 1384 1211 1406 m.
1230 1372 1391 1417 Aprilem
1417 1374 1452 1405 et
1479 1371 1712 1405 Decembrem
1740 1370 1843 1405 1570.

246 1438 301 1472 Ex
329 1439 514 1481 Sacclaz‘no,
542 1437 627 1472 Can.
655 1437 854 1471 272-273.
894 1436 961 1479 Qui
988 1438 1039 1471 sic
1065 1437 1268 1482 praefatur:
1299 1435 1498 1479 „Regresso
1525 1436 1569 1470 ab
1583 1435 1679 1469 Vrbe
1692 1433 1892 1468 Vendelino

128 1490 292 1536 [Volckio
319 1491 352 1526 S.
368 1491 400 1525 J.
427 1503 472 1525 m.
492 1491 607 1536 Aprili
628 1491 736 1531 1570;
765 1503 799 1525 V.
819 1502 929 1536 supra
954 1502 988 1535 p.
1007 1490 1089 1533 399]
1106 1491 1318 1534 Augustam,
1337 1489 1462 1524 retulit
1479 1501 1518 1523 se
1532 1488 1714 1531 Dilingam
1733 1488 1776 1522 ad
1794 1487 1892 1522 lucu-

126 1545 308 1579 brationes
334 1556 418 1579 suas
445 1544 611 1579 Canisius
715 1544 794 1578 Non
819 1547 941 1578 tamen
967 1544 1166 1578 animarum
1193 1554 1321 1578 causas
1347 1542 1489 1577 omnino
1516 1542 1741 1582 destituerat,
1768 1540 1830 1575 sed
1857 1542 1893 1574 et

127 1600 290 1643 impensa
314 1598 465 1632 subinde
491 1609 599 1643 opera
626 1600 662 1632 et
688 1597 857 1639 consiliis,
885 1599 921 1632 et
947 1598 1044 1632 vitae
1071 1609 1157 1632 suae
1182 1597 1332 1631 iuuabat
1358 1595 1545 1641 exemplis,
1581 1598 1617 1630 et
1641 1594 1757 1629 literis
1784 1594 1893 1628 etiam

128 1663 225 1686 more
261 1654 467 1686 sanctorum
503 1651 709 1692 Doctorum,
744 1651 980 1696 inprimisque
1007 1650 1217 1696 Hieronymi
1252 1649 1519 1695 scriptitandis:
1556 1660 1601 1682 ex
1635 1659 1785 1692 quarum
1812 1646 1894 1681 vnis

129 1707 237 1750 eaput
274 1705 429 1740 adscribi
468 1716 525 1739 res
563 1704 738 1750 postulat,
778 1716 847 1748 quo
886 1704 1112 1739 Cardinalem
1149 1705 1402 1748 Augustanum
1446 1703 1491 1736 ad
1528 1701 1754 1736 reuisendam
1791 1711 1894 1734 suam

130 1758 329 1793 Ecclesiam
358 1758 455 1801 (nam
482 1757 616 1792 Romae
643 1758 811 1801 degebat)
840 1758 1025 1792 hortatur:
1063 1760 1104 1792 vt
1130 1760 1301 1802 appareat
1328 1767 1560 1801 personarum
1587 1754 1783 1798 insignium
1809 1754 1895 1788 ami-

130 1812 244 1852 citias,
272 1823 378 1856 quam
405 1823 475 1845 non
501 1812 537 1845 in
564 1823 677 1853 suam,
709 1813 744 1845 et
772 1812 929 1856 ipsorum
957 1811 1150 1856 perniciem
1177 1822 1241 1856 per
1267 1809 1505 1855 corruptrices
1531 1807 1805 1848 assentationes,
1832 1806 1894 1841 sed

128 1869 268 1899 tantum
296 1866 331 1899 in
359 1876 545 1900 commune
570 1865 702 1899 bonum
728 1865 896 1899 libertate
915 1864 1120 1899 Christiana
1138 1865 1288 1905 foueret,
1315 1866 1423 1907 atque
1442 1863 1529 1896 adeo
1548 1873 1617 1906 quo
1635 1861 1761 1895 merito
1780 1860 1894 1894 eidem

131 1918 312 1953 Cardinali
338 1930 423 1952 vere
449 1918 614 1963 sapienti,
650 1929 692 1952 ac
718 1919 785 1963 pio,
821 1921 895 1952 tam
923 1929 1039 1958 carus,
1075 1929 1117 1952 ac
1143 1917 1370 1952 venerandus
1396 1916 1524 1950 esset.“
1577 1914 1709 1949 Exstat
1746 1914 1782 1947 in
1809 1913 1893 1947 Cod.

131 1983 266 2006 monac.
298 1972 396 2014 „Lat
419 1972 528 2006 1606“
561 1972 622 2014 (cf.
653 1972 739 2006 Can.
767 1972 781 2005 Ι
808 1972 902 2014 LVII)
930 1972 954 2005 f.
977 1971 1060 2006 109³
1086 1971 1244 2005 eiusdem
1271 1970 1472 2004 litterarum
1508 1968 1622 2013 partis
1648 1966 1895 2012 apographum

130 2037 152 2059 a
177 2025 215 2059 P.
237 2026 339 2058 Petro
366 2026 517 2069 Huyone
543 2024 577 2058 S.
597 2025 630 2059 J.
660 2025 695 2067 (†
716 2025 823 2068 1657)
852 2025 1025 2069 scriptum
1053 2027 1089 2059 et
1115 2025 1166 2058 sic
1193 2024 1426 2068 inscriptum:
1459 2023 1582 2064 „Anno
1603 2021 1703 2055 1570.
1740 2020 1795 2054 Ad
1813 2019 1895 2054 Illu-

129 2078 348 2112 strissimum
383 2081 417 2112 et
454 2077 808 2112 Reuerendissimum
843 2077 1035 2112 Dominum
1072 2077 1114 2111 D.
1141 2076 1320 2111 Othonem
1347 2074 1574 2109 cardinalem
1599 2074 1895 2117 Augustanum“;

130 2132 223 2175 quod
250 2131 496 2176 apographum
524 2143 569 2165 ex
596 2130 771 2165 Sacchino
798 2131 1020 2176 exscriptum
1047 2142 1126 2164 esse
1154 2130 1308 2164 videtur.
1351 2128 1507 2162 Litteras
1534 2127 1661 2161 deinde
1687 2126 1746 2160 vel
1773 2137 1895 2160 earum

129 2185 325 2230 particulas
351 2187 547 2229 posuerunt
572 2185 712 2228 Python
738 2184 761 2218 l.
789 2196 817 2218 c.
846 2183 1052 2225 284—285;
1080 2185 1250 2227 Lonyaro
1269 2184 1362 2226 cleyle'
1384 2183 1475 2215 Oddi
1494 2181 1527 2215 S.
1544 2181 1587 2222 J„
1606 2180 1692 2214 Vita
1711 2180 1767 2213 del
1783 2179 1896 2213 Vene-

129 2238 219 2272 rabil
246 2238 357 2273 Servo
393 2238 427 2272 di
453 2237 520 2272 Dio
546 2238 571 2272 il
598 2238 714 2272 Padre
740 2238 861 2272 Pietro
888 2237 1043 2277 Canisio,
1078 2237 1207 2282 Napoli
1236 2237 1337 2277 1755,
1371 2235 1440 2269 210
1470 2234 1644 2278 (italice);
1681 2235 1782 2267 Ra‘ess
1815 2232 1837 2267 l.
1866 2244 1895 2267 c.

130 2292 317 2326 391—392
347 2291 604 2336 (germanice);
631 2292 750 2335 Dalm
777 2292 849 2325 Jes.
877 2291 892 2325 I
919 2291 1060 2325 87—88
1090 2290 1324 2334 (germanice)
1355 2292 1422 2323 eto.

255 2375 483 2408 Cardinalem
509 2374 688 2418 hortatur,
717 2378 752 2407 ut
777 2374 891 2408 Roma
920 2375 956 2407 ἱιι
983 2375 1219 2417 episcopatum
1245 2384 1349 2406 suum
1376 2375 1583 2405 revertatur.

131 2472 186 2476 —
211 2470 266 2475 ——
298 2445 417 2495 Quod
450 2445 505 2487 ad
528 2445 830 2499 Augustanam
864 2445 1105 2488 Ecclesiam
1138 2445 1310 2495 attinet,
1344 2443 1468 2485 multi
1494 2454 1662 2484 mecum
1685 2443 1899 2494 exoptant
1928 2479 1934 2485 .

131 2511 315 2554 reditum
348 2514 451 2553 tuae
484 2510 773 2561 Celsitudinis,
817 2514 860 2554 et
892 2510 1175 2565 grauissimas
1208 2510 1379 2563 quidem
1414 2509 1467 2551 ob
1500 2519 1667 2556 causaS,
1710 2506 1822 2548 sicut
1854 2509 1899 2548 et

132 2580 233 2619 ante
265 2576 430 2630 scripsi.
473 2576 601 2618 Peius
635 2589 731 2617 cum
763 2577 844 2618 hac
877 2576 1023 2629 agitur
1046 2575 1255 2626 Ecclesia,
1290 2589 1417 2628 quam
1450 2572 1548 2616 istic
1579 2570 1650 2612 vel
1683 2571 1897 2621 credatur,

134 2641 202 2682 vel
242 2641 536 2695 intelligatur:
579 2644 623 2684 et
653 2641 828 2684 interim
860 2644 941 2691 tot,
983 2641 1206 2694 tantisque
1237 2640 1419 2682 sarcinis
1451 2643 1610 2693 grauat
1641 2651 1763 2680 suam
1797 2651 1899 2678 con-

132 2705 357 2748 scientiam
380 2706 634 2760 Episcopus,
667 2709 717 2748 vt
748 2706 880 2748 mirer
912 2720 1016 2748 sane
1049 2706 1262 2759 quomodo
1296 2705 1487 2759 quietum
1519 2719 1716 2747 somnum
1743 2715 1900 2757 capere

253 2786 279 2812 a)
302 2787 365 2816 βίω
386 2788 536 2818 operosa?
607 2785 638 2818 b)
661 2787 725 2818 Sic,-
746 2786 853 2819 sique?

135 2926 372 2960 dedicatorias
410 2927 453 2960 ad
490 2927 588 2961 Rem.
616 2929 797 2962 Driutium
834 2927 1040 2973 episcopum
1077 2927 1330 2971 brugensem);
1366 2926 1504 2961 Versus
1531 2926 1642 2971 aliqui
1667 2925 1769 2960 latini
1796 2924 1898 2968 aTy-

137 2979 253 3014 dichio
288 2980 474 3023 compositi
509 2980 545 3014 in
572 2980 608 3014 C.
629 2981 726 3015 Julio
762 2981 916 3016 Caesare
943 2980 1068 3024 (1563)
1097 2983 1133 3014 et
1168 2981 1203 3014 in
1230 2980 1414 3014 Thesauro
1444 2979 1495 3013 rei
1521 2979 1744 3023 antiquariae
1773 2976 1897 3021 (1579)

137 3031 381 3120 agggi—ulliggff
411 3032 561 3118 tGO‘JltzgiO
600 3034 724 3068 editis:
765 3035 981 3068 Bibliotheca
1008 3035 1149 3078 Belyica
1187 3034 1213 3067 1.
1241 3033 1327 3074 Ser„
1366 3032 1405 3068 T.
1432 3032 1562 3074 XXIV,
1601 3031 1771 3066 Gand-La
1797 3030 1900 3075 Haye
