2044 3335
689 84 832 127 Dilinga
859 84 915 119 20.
934 83 1089 127 Augusti
1119 84 1219 118 1571.
1753 87 1837 128 465

73 203 212 243 derunt,
238 201 384 233 multum
412 205 527 233 tamen
554 210 594 232 ea
620 201 658 233 in
677 212 716 233 re
728 202 912 243 potestatis
929 204 958 233 et
977 201 1149 233 libertatis
1174 201 1323 244 reliquis
1348 202 1559 234 academicis
1578 202 1843 243 permittentes,-

73 260 103 288 εἰ
129 254 214 298 quid
238 255 367 286 sentiat
393 254 435 286 de
460 254 751 287 adnotationibus
777 265 799 286 α
818 254 953 295 Boryza
975 255 1180 296 praeposito
1204 255 1366 295 [lenm-ccli
1388 255 1596 287 ¹resolutioni
1620 254 1678 286 illi
1695 254 1839 287 additis.

73 307 296 341 Resolulione
323 307 386 339 illa
413 317 559 339 causam
585 317 809 350 nequaqnam
836 307 1017 348 definitam
1043 317 1121 339 esse.

891 371 1036 412 ihesus

248 436 312 478 Sit
343 436 580 479 nobiscum.
630 436 885 477 Reuerende
919 436 1148 477 admodum
1182 435 1225 476 in
1259 436 1429 478 Christo
1462 437 1567 479 Jesu
1600 440 1739 492 pater.

193 508 235 549 in
278 507 343 548 his
385 507 445 547 nil
478 506 593 548 aliud
626 506 812 548 scribam
855 521 982 560 quam
1021 505 1229 559 judicium
1263 506 1315 547 de
1347 508 1635 550 translatione
1668 508 1842 551 scholae

75 571 434 626 Ingolstadiensis
474 571 516 613 in
561 575 747 622 nostros,
790 572 902 624 quod
938 571 1201 612 Reuerentia
1234 571 1285 613 V.
1320 571 1444 613 simul
1489 587 1583 614 cum
1623 588 1703 616 sua
1735 574 1843 616 Cen-

76 651 178 679 sura
225 637 364 691 primo
408 650 578 690 quoque
626 639 821 690 tempore
869 637 995 678 debet
1029 636 1209 677 Romam
1259 636 1434 678 mittere
1476 651 1530 678 ex
1573 638 1843 681 ordinatione

76 702 321 744 Reuerendi
355 702 400 744 P.
426 701 630 755 Viearij1.
696 701 830 743 Simul
864 716 957 743 cum
993 701 1159 743 duabus
1189 701 1332 755 Copijs
1366 701 1492 754 (quas
1526 704 1703 755 vocant)
1736 718 1844 757 quas

76 771 121 810 et
161 767 288 808 simul
331 781 426 808 cum
467 766 606 808 literis
648 767 702 808 ad
736 767 1043 808 Reuerentiam
1076 766 1128 809 V.
1164 765 1304 809 mitto,
1368 766 1523 809 Altera
1565 771 1632 809 est
1666 772 1845 810 senatus

77 831 206 874 aulici
238 831 514 874 resolutionis
556 832 607 873 de
651 832 802 873 eadem
836 831 1137 881 translatione,
1180 831 1321 873 altera
1362 834 1430 873 est
1463 832 1673 886 epistolae
1706 834 1845 875 Reve-

76 897 198 939 rendi
222 898 267 940 P.
289 897 513 939 Generalis
537 897 589 938 ad
612 897 914 938 Reuerendum
941 897 985 939 Ρ.
1010 897 1319 950 provincialem
1344 897 1396 938 de
1425 898 1575 939 eadem
1608 899 1844 949 materia2;

78 977 259 1015 quorum
292 962 552 1016 scriptorum
586 962 778 1003 ordinem
811 962 1045 1015 sequendo,
1076 962 1329 1015 judicarem,
1364 965 1412 1005 ut
1443 963 1570 1006 infra.

196 1027 333 1081 primo
376 1041 459 1068 non
502 1027 565 1069 ita
606 1027 760 1068 anxios
802 1042 879 1069 nos
922 1041 1016 1069 esse
1050 1032 1251 1081 oportere
1285 1027 1336 1068 de
1370 1028 1494 1069 huius
1527 1029 1695 1071 aulicae
1728 1043 1847 1071 reso-

79 1092 255 1134 lutionis
298 1092 451 1141 forma,
507 1091 711 1145 Intelligo
758 1092 869 1133 enim
912 1092 1030 1134 illam
1075 1106 1158 1133 non
1201 1106 1296 1134 esse
1329 1093 1563 1135 admissam
1595 1109 1673 1148 per
1705 1095 1849 1136 omnia

79 1172 105 1199 a
136 1157 391 1198 Reuerendo
434 1171 474 1210 p.
509 1157 808 1210 provinciali3,
859 1158 942 1200 Sed
985 1158 1161 1199 fuerunt
1193 1159 1363 1200 tantum
1398 1158 1573 1200 litterae
1606 1173 1631 1201 a
1665 1160 1847 1201 Domino

78 1222 275 1264 Vendio4
316 1225 552 1275 conceptae
595 1221 649 1263 ad
692 1222 898 1264 Senatum
941 1222 1250 1264 Academicum
1292 1223 1696 1275 lngolstaffiensem,
1741 1225 1848 1267 Ger-

78 1287 273 1328 manicae
316 1301 423 1340 quas
465 1289 618 1341 postea
664 1288 838 1340 quidam
886 1302 940 1329 ex
986 1288 1147 1329 nostris
1193 1288 1327 1330 vertit
1360 1288 1524 1331 Romae
1565 1290 1607 1330 in
1652 1289 1848 1340 latinum,

79 1355 311 1406 propterea
353 1352 498 1402 etiam,
543 1355 591 1393 ut
632 1357 815 1406 apparet
849 1353 1130 1394 Reuerendus
1163 1367 1202 1407 p.
1228 1354 1508 1407 provincialis
1550 1355 1637 1396 suis
1671 1355 1849 1396 Consul-

79 1417 247 1459 toribus
279 1418 357 1459 hec
390 1431 475 1459 non
507 1421 797 1471 proposuerat
830 1418 1157 1468 consideranda,
1194 1419 1294 1470 quia
1327 1433 1410 1460 non
1444 1423 1539 1461 erat
1563 1420 1716 1463 vltima
1749 1434 1850 1462 con-

80 1483 227 1524 uentio
260 1482 338 1524 hec
370 1481 483 1525 inter
506 1482 770 1525 Societatem
801 1486 846 1525 et
869 1483 1045 1532 aulicos,
1081 1483 1271 1536 alioquin
1304 1498 1389 1526 non
1422 1499 1514 1526 sum
1539 1499 1620 1538 ego
1645 1490 1852 1539 expertus

78 1547 122 1589 in
143 1547 361 1590 Societate
379 1548 666 1602 Superiorem,
692 1548 763 1600 qui
786 1551 958 1590 tantum
983 1551 1134 1590 vtatur
1157 1563 1289 1602 opera
1312 1550 1620 1600 consultorum,
1641 1553 1850 1603 quantum

78 1612 143 1655 vti
176 1613 289 1655 solet
321 1613 366 1654 P.
392 1613 447 1655 N.
473 1613 763 1667 provincialis,

201 1680 279 1721 2¹{m
311 1678 449 1720 tribus
482 1678 631 1732 primis
663 1679 1018 1721 annotationibus
1051 1679 1297 1721 Reuerendi
1331 1680 1376 1723 P.
1406 1680 1633 1723 Generalis
1666 1681 1851 1735 signatis

81 1743 148 1785 his
172 1743 289 1785 cifris
315 1747 366 1786 .1.
394 1746 432 1787 2.
458 1746 496 1786 3.
512 1745 527 1770 5
551 1744 722 1786 omnino
747 1745 984 1795 consentio,
1019 1748 1062 1786 et
1085 1748 1316 1799 praeterea
1339 1746 1539 1797 occurrit,
1574 1747 1689 1789 circa
1716 1748 1851 1789 verba

81 1809 376 1851 Resolutionis
417 1810 597 1859 aulicae,
637 1811 755 1864 jnter
792 1812 827 1852 1.
863 1813 907 1852 et
942 1812 978 1852 2.
1016 1810 1086 1852 vbi
1119 1810 1297 1860 dicitur;
1342 1815 1387 1853 ut
1430 1816 1578 1866 patres
1620 1812 1852 1855 Societatis

80 1889 253 1916 cursum
287 1875 643 1929 philosophicum,
679 1879 723 1917 et
747 1875 1065 1929 paedagogium
1089 1877 1218 1930 plane
1241 1877 1322 1918 sibi
1345 1878 1570 1926 sumant&
1604 1878 1685 1919 His
1710 1878 1853 1920 verbis

81 1954 339 1994 repugnare,
365 1955 474 1994 quae
497 1943 650 1994 postea
672 1940 716 1982 in
740 1941 888 1983 eadem
914 1941 1178 1983 resolutione
1201 1943 1431 1993 habentur,
1462 1943 1652 1986 sciliceta
1675 1958 1853 1986 numero

87 2008 155 2047 10⁰
178 2006 289 2058 quod
315 2006 502 2048 debeant
525 2005 565 2047 in
590 2006 803 2048 facultate
827 2006 985 2049 artium
1017 2007 1187 2049 externi
1221 2008 1347 2049 simul
1381 2022 1476 2050 cum
1509 2008 1671 2051 nostris
1694 2009 1854 2051 habere

82 2070 351 2123 suffragium,
385 2073 433 2113 ut
467 2074 597 2113 antea
626 2071 912 2121 habeb-anth&
948 2075 1079 2114 antea
1102 2073 1214 2115 enim
1239 2074 1407 2115 externi
1432 2073 1677 2117 habuerunt
1699 2076 1854 2117 suffra-

82 2137 200 2189 gium
235 2136 289 2177 ad
325 2137 652 2189 gubernandum
686 2137 984 2191 philosophiae
1017 2142 1062 2180 et
1084 2138 1343 2192 paedagogij
1367 2140 1598 2190 studiosos,
1633 2141 1745 2194 quod
1764 2141 1854 2194 jam

83 2216 168 2244 non
210 2202 418 2258 deberent
460 2202 632 2251 habere,
676 2203 729 2244 ad
772 2203 1002 2245 euitandas
1044 2208 1279 2258 perpetuas
1321 2205 1436 2248 inter
1476 2206 1573 2247 illos
1607 2210 1651 2248 et
1683 2209 1855 2249 nostros

84 2267 387 2316 dissensiones,
432 2270 476 2309 et
517 2269 565 2309 ut
605 2267 850 2322 impleatur,
895 2268 1008 2321 quod
1050 2269 1118 2311 hic
1161 2270 1331 2321 dicitur,
1376 2274 1423 2312 ut
1456 2271 1651 2313 Societas
1684 2286 1855 2313 cursum

84 2336 129 2375 et
160 2332 478 2386 paedagogium
519 2333 648 2386 plane
689 2333 770 2374 sibi
811 2335 988 2376 sumate.
1036 2349 1122 2376 non
1164 2335 1275 2377 enim
1318 2336 1447 2390 plane
1484 2336 1563 2378 sibi
1597 2337 1777 2388 sumetd,
1820 2338 1856 2380 si

85 2398 157 2452 alij
192 2398 413 2440 habebunt
446 2399 699 2451 suffragium
733 2399 1085 2451 gubernationis⁰
1119 2404 1365 2442 nostrorum
1394 2401 1711 2455 jmpeditiuum.

206 2465 285 2506 3¹9¹]
319 2463 390 2505 vbi
425 2463 594 2514 dicitur,
631 2463 741 2505 cisra
773 2466 813 2513 4,
847 2478 1029 2518 poeseos
1062 2468 1107 2507 et
1138 2480 1367 2519 grecarum
1401 2467 1649 2509 litterarum
1666 2468 1694 2518 3,
1736 2468 1856 2511 vide-

86 2529 215 2571 batur
246 2543 374 2583 posse
407 2543 582 2570 manere
620 2529 663 2570 in
695 2528 984 2571 Vniuersitate
1026 2534 1256 2572 externum
1299 2535 1472 2585 poetam
1514 2532 1740 2586 insignem,
1785 2534 1857 2587 qui

86 2597 367 2648 componeret
399 2597 603 2648 poemata
635 2594 821 2649 publica,
858 2595 928 2636 vbi
961 2609 1068 2649 opus
1093 2599 1221 2643 esset,
1256 2601 1304 2639 ut
1327 2597 1380 2639 ab
1404 2597 1484 2639 hoc
1508 2612 1638 2640 onere
1661 2599 1856 2643 Societas

205 2671 232 2700 a)
248 2671 313 2695 Duo
333 2678 375 2695 vv.
389 2678 447 2702 sqq.
462 2679 479 2695 (ι
494 2672 526 2695 P.
540 2679 633 2702 supra
654 2678 769 2696 versum
789 2671 901 2702 scripta
921 2675 997 2696 sunt.
1053 2670 1082 2703 b)
1104 2673 1243 2704 Sequitur
1263 2672 1333 2705 quia
1355 2674 1397 2698 vel
1418 2673 1509 2706 quod,
1529 2683 1547 2698 a
1567 2675 1598 2700 P.
1617 2676 1706 2700 omitt.
1763 2677 1789 2706 c)
1811 2678 1857 2702 Ita

85 2713 119 2737 P.
139 2712 268 2737 correxit
287 2719 323 2737 em
343 2711 475 2738 sumant.
544 2711 574 2743 d)
595 2713 643 2737 Ita
663 2714 693 2737 P.
709 2714 837 2737 correxit
856 2721 892 2737 ex
912 2713 1041 2739 sument.
1110 2714 1137 2745 e)
1159 2716 1183 2738 A
1205 2715 1236 2739 P.
1257 2722 1332 2739 corr.
1353 2723 1389 2739 ea·
1409 2714 1599 2746 gubernandi
1620 2718 1664 2742 vel
1683 2718 1776 2743 simili
1796 2727 1821 2744 v.

211 2816 219 2834 ¹
246 2814 337 2848 Vide
363 2826 473 2858 supra
499 2826 531 2859 p.
551 2815 631 2848 449.
780 2815 792 2834 ‘-'
820 2814 910 2848 Vide
936 2825 1046 2859 supra
1072 2827 1105 2859 p.
1124 2816 1205 2850 461.
1353 2817 1364 2836 ³
1391 2816 1503 2850 Paulo
1530 2818 1688 2853 Hoffaeo.

208 2870 218 2887 ⁴
248 2868 301 2901 Ab
329 2867 477 2901 Erasmo
496 2868 617 2903 Vendt
643 2867 869 2911 ambergensi
899 2868 1189 2912 (1532—1585);
1218 2869 1260 2903 de
1287 2881 1356 2914 quo
1383 2882 1492 2915 supra
1519 2883 1550 2916 p.
1570 2871 1651 2907 449.

208 2922 221 2941 ⁵
248 2921 337 2955 Vide
364 2933 472 2965 supra
498 2933 530 2966 p.
549 2921 630 2956 462.

210 2975 222 2993 ⁶
254 2973 479 3018 „Allerdings
505 2987 547 3008 zu
575 2975 660 3009 lnen
687 2976 833 3008 nemeu“
868 2975 917 3017 (v.
944 2986 1054 3019 supra
1080 2987 1113 3020 p.
1138 2976 1253 3020 462¹).
1306 2976 1513 3021 Allerdings
1540 2993 1584 3008 Ξ
1610 2980 1763 3022 omnino,
1797 2994 1860 3027 per

89 3028 217 3069 omnia,
232 3028 338 3072 plane
354 3026 450 3070 (ch.
469 3030 609 3062 Grimm
622 3040 656 3062 u.
674 3029 773 3062 Wilh.
794 3030 945 3072 Grimm,
964 3028 1165 3063 Deutsches
1181 3029 1422 3065 lVorterbuch
1440 3032 1464 3073 Ι,
1482 3032 1628 3078 Leipzig
1644 3034 1745 3076 1854,
1761 3036 1859 3080 221).

211 3082 222 3100 ⁷
251 3080 340 3115 Vide
365 3093 475 3126 supra
501 3094 534 3126 p.
552 3083 650 3116 464⁴.
797 3083 809 3101 ⁵³
836 3081 927 3116 Vide
954 3093 1063 3127 supra
1090 3094 1122 3127 p.
1141 3083 1238 3118 462⁴.

162 3143 476 3177 Brauusberger,
497 3145 608 3172 Canisii
627 3146 783 3180 Epistulae
804 3145 835 3171 et
854 3145 940 3172 Acta.
967 3145 1013 3172 vl.
1530 3146 1574 3181 30
