2044 3335
152 116 237 157 430
432 116 532 150 1727.
562 117 726 151 Canisius
754 116 943 151 Guilielmo
973 117 1047 161 (V.)
1092 117 1237 162 Dilinga
1263 119 1319 153 27.
1339 120 1493 154 Ianuarii
1524 121 1624 155 1571.

149 241 427 290 uestramque
469 234 641 276 interim
683 233 726 274 in
759 236 934 276 nostrae
968 235 1199 278 Societatis
1241 236 1435 279 homines
1466 237 1678 290 insignem
1721 237 1911 280 liberali-

148 305 285 345 tatem
318 316 367 344 ac
399 301 612 342 illustrem
646 298 983 341 munificentiam
1016 300 1163 342 multis
1185 300 1227 342 in
1250 301 1380 343 rebus
1411 301 1503 356 ipse
1537 302 1721 355 cognoui
1750 304 1794 344 et
1816 316 1910 344 sum

149 381 224 421 pro
258 381 354 408 mea
386 365 559 419 quidem
592 365 718 417 parte
751 362 1002 417 frequenter
1034 368 1254 419 expertus.
1318 366 1493 408 Memini
1529 381 1646 417 sane,
1690 381 1784 409 011111
1823 366 1911 421 pri—

149 446 261 472 mum
296 432 338 472 in
361 430 593 472 Bauariam
626 428 856 479 uenissem,
891 443 974 482 quo
1006 444 1075 472 me
1107 430 1260 473 fauore
1292 445 1342 473 ac
1374 432 1517 473 studio
1551 431 1773 485 exceperit
1805 445 1911 474 auus

145 497 217 538 ille
250 499 349 538 tuus
383 494 547 537 clariss
581 494 781 547 idemque
813 494 1019 548 Princeps
1061 495 1249 549 optimus
1282 497 1332 538 D.
1369 496 1757 545 GVILHELMVS‚
1792 496 1912 538 cuius

144 561 223 603 tibi
256 574 409 602 nomen
443 559 649 601 diuinitus
680 559 929 612 impositum
963 559 1097 601 fuisse
1130 561 1331 610 arbitror,
1375 575 1468 602 cum
1504 561 1693 603 eiusdem
1727 561 1913 604 uirtutes

144 626 339 668 heroicas
374 629 418 668 et
450 624 717 667 Catholicam
749 624 793 665 in
825 624 976 678 primis
1017 625 1227 679 pietatem
1269 626 1480 669 hactenus
1513 629 1602 669 tam
1635 626 1823 668 feliciter
1854 626 1912 668 sis

143 691 351 734 imitatus
415 691 474 733 Et
506 693 573 732 est
605 703 723 739 sane,
768 703 843 730 cur
874 703 1042 731 mecum
1085 690 1184 732 boni
1223 705 1372 732 omnes
1415 693 1656 744 agnoscant
1692 693 1737 732 et
1778 705 1913 743 agno-

144 757 300 798 scendo
329 756 574 809 singulares
596 755 712 797 DEO
738 754 860 797 OPT.
885 755 1024 797 MAX.
1050 756 1217 808 gratias
1250 759 1398 809 agant,
1433 770 1528 798 eam
1552 756 1767 798 Bauariae
1789 756 1913 797 Prin-

144 821 308 875 cipibus
349 821 606 863 felicitatem
650 819 829 862 coelitus
872 820 1127 873 contigisse,
1174 823 1222 863 ut
1263 835 1368 875 prae
1410 821 1507 875 alijs
1548 824 1639 863 tani
1681 820 1828 863 multis
1870 822 1914 862 et

144 886 313 939 magnis
346 887 547 928 heroibus
580 900 703 928 suam
735 886 778 927 in
812 885 1055 927 orthodoxa
1087 887 1171 928 fide
1194 886 1519 940 synceritatem,
1556 886 1599 927 in
1622 899 1728 927 uera
1749 885 1915 939 pietate

148 951 452 1003 constantiam,
493 951 537 992 in
579 953 701 993 recta
742 950 1011 992 subditorum
1056 951 1370 1003 gubernatione
1409 951 1667 1006 sapientiam
1700 950 1916 1004 integram

149 1020 279 1070 atque
311 1019 565 1071 perpetuam
604 1016 823 1069 hucusque
857 1016 1169 1059 conseruarint.
1233 1016 1324 1066 Quo
1367 1017 1498 1059 etiam
1540 1016 1704 1059 factum
1744 1018 1824 1065 est,
1867 1018 1916 1058 ut

149 1082 278 1136 ijdem
312 1096 396 1123 non
428 1082 554 1123 modo
577 1095 672 1123 sese
695 1080 990 1133 familiamque
1013 1095 1149 1131 suam,
1183 1082 1259 1123 sed
1292 1085 1337 1124 et
1368 1081 1675 1136 amplissimam
1710 1080 1916 1122 ditionem

149 1148 203 1188 ab
237 1161 285 1188 eo
319 1147 573 1199 Euangelio,
616 1146 730 1199 quod
762 1146 843 1187 uiri
876 1146 1151 1197 sanctissimi,
1194 1147 1405 1200 planeque
1437 1146 1677 1201 Apostolici
1708 1145 1912 1187 LVCIVS

149 1214 193 1254 et
233 1212 539 1254 RVPERTVS
581 1212 625 1253 in
666 1211 898 1253 Bauariam
943 1211 1069 1265 primi
1112 1211 1393 1262 intuleruntl,
1439 1212 1584 1254 diuelli
1629 1214 1672 1253 et
1716 1210 1912 1252 abstrahi

147 1277 316 1319 ratione
357 1277 477 1319 nulla
520 1280 788 1331 paterentur.
862 1276 965 1318 Cum
1008 1291 1092 1330 qua
1133 1279 1417 1319 conseruatae
1457 1277 1679 1329 religionis
1719 1276 1912 1329 puritate

146 1342 243 1383 illas
285 1342 421 1392 dotes,
463 1342 540 1384 illa
581 1342 773 1396 praemia
806 1341 1060 1384 mirabiliter
1098 1342 1321 1385 coniunxit
1353 1343 1482 1391 Deus,
1525 1356 1636 1395 quae
1668 1341 1780 1383 aliae
1811 1354 1910 1394 pro-

147 1407 314 1449 uinciae
337 1407 520 1449 Bauaris
546 1407 738 1449 inuidere
771 1410 964 1461 possunt,
999 1407 1228 1449 uendicare
1251 1410 1396 1449 autem
1429 1407 1522 1458 sibi,
1557 1409 1605 1449 ut
1637 1407 1764 1460 plane
1797 1405 1911 1447 arbi-

146 1476 251 1523 tror,
286 1486 422 1526 aeque
445 1486 529 1513 non
562 1474 761 1526 possunt:
795 1472 887 1514 siue
910 1475 1081 1526 spectes
1104 1473 1146 1514 in
1169 1473 1251 1514 fide
1275 1475 1319 1514 et
1340 1472 1549 1526 religione
1572 1470 1909 1520 consensionem,

146 1538 239 1580 siue
282 1539 325 1579 in
369 1537 505 1580 sacris
550 1537 727 1579 aedibus
769 1538 1054 1580 stabilitatem
1097 1537 1441 1588 animaduertas,
1485 1537 1577 1579 siue
1618 1536 1825 1578 uirtutem
1868 1538 1912 1578 et

147 1602 354 1645 miracula
387 1602 466 1644 Dei
507 1616 584 1656 per
617 1602 800 1644 Sanctos
841 1603 980 1644 adhuc
1022 1603 1244 1656 operantis
1286 1603 1535 1653 intuearis2,
1578 1601 1668 1643 siue
1707 1600 1912 1653 antiquae

147 1668 386 1710 nobilitatis
430 1668 703 1721 splendorem
747 1668 964 1721 requiras,
1011 1668 1102 1709 siue
1146 1668 1442 1710 Ecclesiastici
1486 1667 1705 1722 politiciue
1750 1665 1911 1707 ordinis

147 1733 487 1787 amplitudinem,
511 1732 795 1785 fortunasque
819 1733 1076 1783 consideres,
1100 1733 1191 1775 siue
1213 1733 1575 1775 monasteriorum
1591 1731 1910 1774 multitudinem

148 1801 192 1840 et
223 1798 521 1851 integritatem
545 1811 742 1851 quaeras,
777 1798 868 1840 siue
891 1798 1159 1841 subditorum
1192 1812 1298 1851 erga
1329 1812 1430 1840 51105
1463 1797 1678 1852 principes
1709 1809 1911 1838 reueren-

146 1863 252 1905 tiam
276 1863 651 1916 obedientiamque
684 1863 940 1918 perpendas,
974 1863 1065 1905 siue
1088 1864 1257 1905 demum
1290 1863 1485 1918 publicae
1511 1862 1631 1917 pacis
1654 1860 1911 1903 communis-

148 1942 230 1981 que
262 1928 592 1981 tranquillitatis
630 1928 958 1971 diuturnitatem
1000 1928 1143 1970 animo
1185 1942 1345 1971 uerses.
1409 1928 1641 1970 Praeclara
1673 1928 1774 1968 sunt
1806 1926 1912 1967 haec

146 1997 191 2036 et
223 1994 368 2036 diuina
401 1993 698 2047 proculdubio
721 2007 913 2040 munera,
948 2007 1059 2046 quae
1091 1993 1149 2047 pij
1173 2007 1320 2035 omnes
1353 1997 1401 2035 ut
1427 1993 1565 2047 gratis
1598 1992 1751 2034 animis
1782 2004 1909 2045 prae·

147 2059 305 2109 dicant,
339 2059 401 2100 sic
434 2072 483 2099 eo
506 2058 709 2100 libentius
733 2059 862 2100 etiam
887 2058 1101 2100 Bauariae
1123 2059 1413 2112 gratulantur,
1449 2059 1561 2112 quod
1594 2058 1637 2099 in
1668 2058 1755 2107 illa,
1789 2057 1909 2098 uelut

144 2124 187 2165 in
220 2123 489 2167 fertilissima
514 2126 634 2165 terra
657 2123 833 2173 Gessen,
867 2123 978 2165 filios
1002 2124 1135 2165 Israel
1159 2124 1212 2165 ab
1234 2124 1377 2178 impijs
1400 2123 1631 2178 Aegyptijs
1653 2124 1908 2176 segregatos

145 2189 323 2241 colligat
354 2190 484 2239 Deus,
529 2191 572 2230 et
606 2189 811 2230 collectos
842 2189 1077 2241 tranquille
1109 2190 1322 2242 gubernet
1363 2203 1413 2231 ac
1444 2192 1632 2239 tueatur,
1678 2188 1907 2240 multisque

144 2254 280 2296 modis
321 2268 400 2296 sua
441 2253 619 2296 coelesti
660 2253 757 2295 illos
798 2254 1095 2296 benedictione
1137 2254 1379 2307 digneturss,
1429 2255 1483 2296 ad
1525 2255 1694 2296 clauum
1734 2251 1906 2295 interim

267 2407 275 2426 ¹
303 2406 444 2447 Lucius,
480 2405 509 2439 si
537 2417 606 2439 non
633 2408 726 2447 ante,
763 2408 859 2439 certe
887 2406 957 2439 iam
984 2405 1065 2439 inde
1092 2417 1112 2439 a
1139 2406 1282 2440 saeculo
1309 2406 1371 2441 IX.
1397 2405 1608 2440 Sanctorum
1635 2405 1734 2439 cultu
1759 2404 1907 2438 honora-

143 2459 249 2493 batur
276 2462 311 2493 et
337 2458 512 2493 Rhaetiae
542 2458 726 2503 apostolus
753 2459 966 2499 vocabatur:
1005 2459 1048 2492 de
1080 2470 1148 2502 quo
1184 2459 1298 2493 multa
1332 2462 1540 2499 narrantur,
1580 2458 1682 2492 velut
1715 2469 1795 2492 eum
1831 2457 1906 2491 Bri-

144 2512 287 2546 tanniae
323 2524 443 2555 regem
478 2512 602 2552 1111550,
642 2524 662 2546 a
688 2512 874 2546 Timotheo
902 2512 1005 2546 Pauli
1031 2512 1183 2557 apostoli
1209 2513 1383 2557 discipulo
1409 2513 1478 2546 fide
1505 2511 1700 2546 christiana
1731 2511 1906 2545 imbutum

145 2576 233 2605 esse,
269 2566 423 2610 primum
458 2565 632 2599 dioecesis
667 2565 841 2599 curiensis
869 2565 982 2608 (Chur
1019 2566 1054 2599 in
1081 2565 1264 2609 Helvetia)
1303 2567 1509 2610 episcopum
1535 2565 1657 2606 fuisse,
1691 2565 1903 2608 martyrium

145 2618 308 2652 subiisse.
357 2618 510 2652 Sanctus
536 2621 655 2652 autem
688 2618 869 2663 Rupertus
904 2619 1041 2663 primus
1068 2619 1256 2664 episcopus
1280 2619 1560 2662 salisburgensis
1588 2617 1794 2662 (salzburg)
1828 2629 1904 2652 sae-

145 2671 234 2704 culis
253 2671 331 2705 VlI.
356 2674 509 2705 exeunte
536 2674 571 2705 et
588 2672 685 2706 VIII.
712 2672 857 2706 ineunte
886 2672 972 2715 (vel,
1005 2674 1045 2706 ut
1070 2672 1131 2706 alii
1158 2672 1377 2712 existimant,
1404 2673 1473 2706 iarn
1500 2672 1581 2706 inde
1608 2683 1629 2706 a
1655 2671 1798 2705 saeculo
1825 2671 1902 2714 VI.)

145 2724 236 2767 apud
257 2724 416 2758 Bavares
441 2724 604 2768 religioni
632 2725 849 2759 christianae
875 2728 912 2759 et
936 2725 1193 2759 instaurandae
1212 2728 1247 2759 et
1273 2725 1525 2770 propagandae
1552 2725 1734 2768 egregiam
1761 2736 1903 2769 operam

145 2776 314 2810 navabat.

263 2830 275 2849 ²
302 2830 352 2863 Ea
387 2830 561 2874 imprimis
595 2831 786 2873 significat,
822 2843 914 2875 quae
949 2831 1046 2865 Deus
1082 2844 1145 2877 per
1170 2832 1319 2866 Beatam
1340 2831 1524 2874 Virginem
1552 2831 1705 2865 Mariam
1732 2831 1903 2875 Ottingae

145 2881 287 2915 Veteris
316 2882 527 2926 (Altutting)
553 2884 738 2928 patrabat;
765 2884 892 2918 deinde
919 2884 1069 2918 aliorum
1096 2896 1236 2929 quoque
1262 2885 1473 2919 Sanctorum
1500 2884 1690 2925 miracula;
1726 2885 1827 2918 velut
1852 2896 1903 2925 ea,

146 2946 237 2978 quae
272 2935 435 2968 invocato
471 2936 600 2969 Sancto
638 2937 819 2971 Leonardo
862 2938 990 2971 abbate
1032 2939 1268 2982 patrabantur
1294 2938 1562 2972 Tuntenhusiae
1591 2937 1900 2981 (Tuntenhausen)

146 2988 181 3021 in
196 2988 372 3021 Bavariae
390 2988 583 3031 superioris
601 2989 681 3022 vico
697 2989 804 3032 (Can.
820 2990 869 3023 III
889 2991 967 3025 643.
1004 2992 1043 3025 P.
1062 2993 1240 3035 Cam'sius,
1260 2991 1310 3025 De
1325 2991 1440 3025 Maria
1455 2991 1604 3035 Virgine
1622 2991 1902 3036 incomparabili,

149 3040 357 3083 Ingolstadii
387 3040 485 3080 1577,
513 3040 534 3073 l.
554 3042 585 3079 5,
613 3054 641 3075 0.
664 3042 716 3081 18,
744 3054 776 3086 p.
797 3043 895 3085 668).

270 3094 281 3112 ³
308 3092 360 3126 Cf.
389 3092 444 3126 Gn
470 3093 525 3128 45.
553 3094 686 3134 9—11;
712 3096 768 3134 46,
796 3096 857 3135 34ς
886 3097 941 3136 47,
972 3098 1061 3131 1—-6
1088 3098 1150 3131 27:
1180 3097 1233 3131 Ex
1261 3098 1290 3139 9,
1318 3098 1362 3131 25
1390 3098 1444 3131 26.
