2044 3335
168 102 260 124 xxm
730 87 773 121 11.
800 86 1025 122 Prooemium
1053 85 1245 121 voluminis
1270 86 1376 120 sexti.

168 218 254 249 erga
282 205 471 240 ecclesiam
498 204 710 239 vacillasset
738 202 799 246 (60
827 203 900 247 83),
927 203 1138 246 Oeniponte‚
1165 200 1226 235 ubi
1245 201 1448 236 archiducis
1476 203 1700 236 contionator
1718 207 1795 236 erat
1822 201 1937 246 (247),

168 259 259 293 clam
287 260 437 302 aufugit,
465 257 596 292 litteris
623 257 667 291 ad
695 256 924 290 archiducem
949 255 1088 290 relictis
1114 254 1230 298 iisque
1256 255 1344 289 adeo
1381 255 1415 288 in
1442 255 1632 289 ecclesiam
1668 257 1705 290 et
1730 255 1935 300 pontificem

168 311 445 351 contumeliosis,
472 313 513 344 ut
538 309 785 344 Ferdinandus
813 321 893 343 eum
920 309 964 343 ad
991 310 1129 342 furcam
1158 310 1358 351 quaereret,
1386 310 1422 342 et
1448 308 1664 351 Magdalena
1690 308 1815 352 regina
1841 308 1936 342 affir-

170 368 295 405 maret,
315 358 354 398 se
373 364 449 398 suis
468 364 633 397 manibus
647 373 775 405 rogum
790 362 1017 396 incensuram
1038 372 1128 401 esse,
1146 360 1182 394 in
1201 372 1270 404 quo
1289 361 1348 395 ille
1363 364 1458 396 esset
1474 362 1734 396 comburendus
1754 361 1936 405 (357s61);

168 421 328 451 attamen
348 416 529 451 Kleselius
556 418 682 461 postea
708 415 861 459 resipuit
887 418 923 449 et
940 415 975 448 in
996 414 1171 448 ecclesiae
1197 416 1234 447 et
1252 413 1455 448 archiducis
1474 414 1628 458 gratiam
1647 415 1754 448 rediit
1771 415 1807 448 in
1826 426 1938 458 eaque

169 471 384 515 permansit,
413 481 528 513 neque
555 481 640 502 vero
667 469 702 502 in
726 467 943 502 Societatem
970 467 1085 501 denuo
1112 470 1167 501 est
1193 469 1359 511 receptus
1387 467 1501 510 (622).
1541 468 1607 501 His
1633 467 1939 501 contionatoribus

169 523 297 557 addam
326 522 511 567 (quoniam
538 521 743 556 huiusmodi
770 520 966 555 domestica
992 519 1158 564 exempla
1184 520 1337 564 posteris
1365 522 1400 554 et
1418 520 1630 554 documento
1654 523 1690 554 et
1707 520 1939 554 incitamento

169 587 248 610 esse
275 575 442 620 possunt)
481 575 570 608 duos
606 574 811 617 theologiae
847 574 884 607 in
909 573 1147 607 universitate
1183 572 1365 616 dilingana
1399 573 1727 618 professores:
1755 573 1938 607 Conradus

169 628 375 671 Swagerius
404 628 492 670 (83),
521 628 622 661 cuius
649 627 816 671 querelae
843 629 879 660 et
896 639 917 661 a
936 626 1115 660 Societate
1142 625 1314 660 discessio
1340 626 1376 660 in
1394 626 1578 670 superiore
1595 627 1777 660 volumine
1794 628 1940 660 narrata

168 684 262 722 sunt,
290 681 434 714 tandem
463 693 481 714 e
501 680 680 714 Societate
707 680 877 714 dimissus
904 682 959 713 est
988 678 1111 721 (139);
1139 679 1216 712 eius
1243 679 1371 713 similis
1398 682 1476 713 erat
1494 679 1650 713 Thomas
1670 679 1796 714 Gallus
1824 679 1937 722 (140),

167 735 227 778 qui
254 735 416 768 omnibus
443 733 604 776 collegiis
629 733 820 767 molestum
847 744 886 767 se
912 732 1126 777 praebebat,
1154 733 1189 766 in
1217 731 1399 766 Canisium
1426 732 1686 777 provincialem
1713 733 1939 777 impudenter

167 800 205 822 se
232 787 381 831 gerebat
401 786 513 830 (147),
540 787 576 820 in
602 786 736 831 templo
763 798 840 820 cum
868 785 1089 819 mulierculis
1115 785 1256 819 ridebat
1280 797 1322 819 ac
1347 786 1552 828 nugabatur
1580 785 1665 829 (258
1692 786 1790 830 275),
1817 785 1939 820 Socios

168 852 358 883 germanos
392 841 429 874 in
456 840 648 874 Germania
682 851 890 880 servorum,
928 850 999 873 non
1035 838 1187 872 fratrum
1223 838 1300 873 loco
1338 838 1460 873 haberi
1495 839 1780 883 conquerebatur
1817 839 1938 882 (536);

168 893 304 927 Eckius
319 893 554 928 cancellarius
569 893 702 926 homini
722 892 967 932 dissuadebat,
990 903 1053 934 „ne
1072 894 1146 925 tam
1164 895 1326 926 sanctam
1346 892 1592 926 sodalitaten1“
1616 893 1797 927 desereret
1818 892 1916 936 (275)
1932 905 1940 933 ;

169 946 334 981 Canisius
360 946 499 991 placide
526 946 759 990 modesteque
786 946 816 979 ei
849 946 995 990 scripsit
1025 945 1183 988 (297s8);
1211 945 1421 979 transeundi
1448 945 1484 979 in
1510 946 1706 987 Austriam‚
1734 945 1938 985 Lauretum,

168 999 316 1034 Romam
344 1000 593 1044 opportunitas
619 999 651 1033 ei
677 999 895 1033 offerebatur
924 998 1044 1042 (28Ο);
1084 998 1264 1032 incassum
1293 998 1500 1042 frustraque
1536 999 1672 1039 omnia;
1709 1010 1793 1032 nam
1820 999 1939 1043 specie

169 1053 314 1088 iuvandi
342 1054 475 1087 fratres
500 1064 711 1096 sororesque
738 1052 862 1097 inopes
887 1071 933 1076 --
960 1063 1050 1096 quos
1076 1051 1238 1086 Societas
1264 1051 1372 1096 probe
1399 1052 1566 1086 adiutura
1593 1054 1671 1086 erat
1699 1052 1798 1095 (319)
1831 1071 1873 1075 ——
1899 1063 1938 1086 se

169 1107 381 1149 segregavit
408 1106 563 1150 (296s7)‚
598 1108 635 1139 et
669 1105 855 1139 minitatus
891 1116 940 1145 se,
973 1104 1003 1139 si
1038 1116 1108 1138 non
1135 1104 1388 1147 dimitteretur,
1423 1105 1582 1139 libellum
1617 1106 1792 1139 adversus
1819 1104 1941 1139 Socios

171 1160 455 1203 conscripturum
483 1170 562 1193 esse
591 1159 674 1202 (297
702 1159 801 1201 302),
828 1158 1047 1192 dimissionis
1072 1157 1214 1192 litteras
1240 1158 1385 1192 tandem
1413 1158 1565 1192 extorsit
1594 1158 1707 1202 (319).

290 1212 360 1246 Pro
386 1213 442 1247 his
460 1212 664 1246 hominibus
683 1211 780 1245 Deus
798 1211 968 1245 Societati
998 1211 1076 1256 ipso
1094 1211 1161 1245 hoc
1180 1213 1338 1255 tempore
1357 1211 1464 1245 alium
1485 1211 1641 1252 donavit,
1668 1211 1729 1255 qui
1747 1211 1939 1245 multorum

170 1265 284 1300 instar
311 1268 404 1300 erat:
432 1265 643 1300 Vindobana
669 1265 851 1309 Dilingam
879 1265 923 1298 ad
955 1264 1138 1298 Canisium
1169 1265 1428 1309 provincialem
1460 1276 1491 1299 a.
1526 1265 1615 1299 1567
1642 1264 1772 1299 nobilis
1800 1264 1940 1298 iuvenis

171 1319 323 1364 polonus
349 1319 460 1359 venit,
488 1330 702 1353 asseverans
729 1330 778 1359 se,
806 1321 979 1362 quantum
1008 1330 1052 1351 ex
1079 1318 1155 1362 ipso
1189 1320 1304 1357 esset,
1343 1317 1412 1351 iam
1441 1318 1500 1351 diu
1527 1317 1696 1352 Societati
1723 1329 1762 1352 se
1788 1317 1939 1357 dedisse,

173 1373 217 1406 ad
256 1384 360 1416 quam
400 1384 439 1406 se
475 1372 650 1406 divinitus
683 1374 851 1406 vocatum
888 1382 969 1405 esse
1004 1370 1132 1412 sciret,
1168 1373 1204 1404 et
1238 1371 1475 1405 deliberatum
1510 1371 1578 1405 sibi
1614 1383 1693 1405 esse
1730 1382 1794 1416 per
1821 1370 1939 1405 orbem

171 1428 348 1459 terrarum
377 1426 612 1470 peregrinari,
649 1425 765 1469 quoad
800 1426 941 1470 portam
977 1424 1137 1468 aliquam
1172 1424 1360 1466 inveniret,
1397 1436 1467 1468 qua
1502 1425 1538 1458 in
1565 1425 1780 1459 Societatem
1807 1425 1940 1468 recipe-

173 1483 273 1513 retur
301 1478 410 1521 (4s6).
462 1479 638 1519 Canisius,
665 1478 906 1512 adulescentis
925 1478 1129 1511 const-antia
1155 1490 1218 1522 per
1236 1478 1349 1511 multa
1377 1478 1624 1522 experimenta
1654 1478 1804 1523 probata
1825 1477 1938 1521 (535),

173 1544 263 1573 eum,
298 1534 339 1565 ut
373 1532 450 1576 ipse
476 1532 639 1577 petierat,
675 1532 825 1565 Romam
861 1531 904 1565 ad
934 1531 1167 1564 Franciscum
1199 1531 1367 1574 Borgiam
1401 1531 1499 1565 misit
1525 1543 1605 1566 cum
1632 1531 1774 1572 litteris,
1812 1530 1943 1574 quibus

173 1597 211 1619 se
243 1585 448 1630 „praeclara
475 1586 517 1619 de
543 1585 605 1619 illo
631 1586 795 1630 sperare“
828 1584 1033 1618 affirmabat
1062 1585 1200 1628 (63s4);
1236 1585 1398 1629 proximo
1425 1588 1545 1619 autem
1572 1597 1663 1619 anno
1689 1585 1724 1619 in
1751 1584 1830 1629 ipsa
1856 1584 1942 1617 urbe

175 1639 289 1673 Roma
315 1650 408 1677 eum,
435 1639 685 1672 exhortatione
711 1650 815 1672 sacra
841 1639 885 1672 ad
905 1638 1095 1672 Societatis
1122 1638 1282 1672 novicios
1308 1638 1442 1678 habita,
1470 1639 1574 1683 quasi
1601 1639 1645 1673 ad
1664 1640 1814 1672 mortem
1841 1648 1941 1683 prae-

173 1693 328 1737 paravit,
356 1703 462 1736 quam
490 1692 549 1726 ille
577 1692 715 1726 duabus
745 1694 827 1736 post
852 1691 1086 1725 hebdomadis
1118 1692 1346 1725 sanctissime
1373 1692 1480 1732 obiit:
1508 1694 1586 1726 erat
1611 1694 1641 1726 is
1668 1692 1941 1726 Stanislaus

174 1745 375 1783 Kostka:
414 1746 473 1789 qui
509 1746 580 1779 iam
608 1745 818 1779 Sanctorum
847 1745 1039 1778 honoribus
1075 1747 1203 1779 auctus
1230 1757 1293 1789 per
1319 1745 1439 1779 orbem
1466 1748 1642 1780 terrarum
1669 1745 1798 1779 coIItur
1827 1744 1941 1787 (585).

294 1799 543 1842 Caeteroquin,
570 1800 608 1832 ut
635 1798 901 1843 sapientissime
927 1798 999 1832 iam
1018 1798 1101 1832 olim
1121 1799 1254 1832 dictum
1274 1800 1338 1836 est.
1366 1800 1459 1832 inter
1477 1799 1664 1842 religiosas
1683 1799 1805 1833 domos
1831 1798 1942 1832 bonas

173 1855 208 1886 et
233 1852 348 1886 malas
375 1864 444 1886 non
471 1852 538 1886 hoc
564 1852 726 1892 interest,
754 1852 847 1895 quod
875 1852 910 1885 in
936 1851 992 1886 his
1019 1854 1200 1896 peccatur,
1226 1852 1262 1885 in
1289 1852 1360 1886 illis
1387 1864 1456 1886 non
1482 1855 1672 1896 peccatur-3
1703 1853 1764 1886 sed
1792 1852 1941 1896 peccata

176 1906 211 1939 in
239 1905 344 1939 malis
371 1905 533 1939 domibus
559 1917 627 1939 non
666 1908 848 1946 curantur,
883 1905 918 1938 in
952 1905 1053 1939 bonis
1088 1905 1434 1940 animadvertuntur.
1487 1905 1596 1939 Cuius
1623 1904 1944 1939 animadversionis

174 1958 241 1992 etsi
277 1958 460 2003 complura
496 1959 566 1992 iam
600 1959 716 2002 posita
751 1961 834 1992 sunt
869 1958 1046 2003 exempla,
1081 1970 1191 1992 unum
1227 1958 1309 1992 addi
1346 1970 1474 2003 operae
1508 1958 1664 2003 pretium
1689 1958 1815 1992 fuerit:
1853 1956 1942 1991 Cum

174 2011 389 2045 Franciscus
422 2011 572 2055 Borgias
608 2012 836 2056 praepositus
872 2012 1052 2055 generalis
1094 2012 1133 2046 P.
1167 2011 1393 2046 Theodorum
1428 2011 1619 2046 Peltanum
1666 2011 1869 2054 theologiae
1905 2011 1942 2044 in

176 2064 414 2099 universitate
452 2064 727 2107 ingolstadiensi
766 2065 1005 2110 professorem
1046 2065 1089 2098 ad
1118 2067 1289 2108 quattuor
1314 2064 1501 2099 sollemnia
1528 2065 1718 2099 Societatis
1745 2067 1830 2099 vota
1856 2076 1943 2098 nun-

175 2119 339 2162 cupanda
382 2118 572 2152 admittere
607 2118 738 2159 vellet,
775 2118 940 2153 Canisius
975 2118 1208 2163 provincialis
1242 2119 1467 2158 intercessit;
1510 2118 1702 2153 Peltanum
1736 2118 1772 2152 in
1807 2118 1942 2152 virtute

173 2171 328 2205 nondum
354 2173 494 2205 tantum
515 2171 721 2215 profecisse,
749 2175 924 2215 quantum
951 2173 995 2206 ad
1020 2171 1230 2206 sollemnem
1259 2171 1359 2205 illam
1387 2172 1645 2216 professionem
1671 2184 1734 2216 per
1754 2171 1943 2205 Societatis

174 2225 449 2258 constitutiones
475 2225 683 2267 exigeretur
712 2225 797 2267 (253
824 2225 931 2268 266);
964 2225 1087 2269 itaque
1123 2224 1298 2269 professio
1325 2224 1474 2258 Peltano
1510 2225 1622 2259 dilata
1648 2227 1704 2259 est
1731 2224 1814 2268 (281
1843 2224 1941 2266 292).

175 2278 258 2311 Pari
294 2289 373 2311 cum
400 2289 486 2311 cura
513 2277 605 2312 Socii
644 2278 688 2311 ad
724 2278 866 2312 litteras
902 2278 995 2312 serio
1030 2278 1240 2312 tractandas
1272 2278 1566 2322 impellebantur;
1604 2279 1655 2312 ita
1680 2279 1832 2321 Borgias
1867 2289 1942 2322 per-

174 2331 273 2364 misit
299 2331 452 2375 quidem,
492 2334 531 2365 ut
570 2343 692 2365 eorum
731 2331 843 2375 aliqui
882 2332 925 2365 ad
960 2332 1093 2375 gradus
1130 2332 1354 2365 academicos
1390 2334 1707 2376 promoverentur,
1743 2331 1805 2365 sed
1844 2331 1942 2376 prius

177 2384 369 2417 videndum
409 2395 488 2418 esse
524 2384 670 2429 scripsit
705 2389 741 2418 et
779 2385 942 2418 severius
981 2396 1088 2428 quam
1125 2384 1336 2419 clementius
1372 2385 1632 2428 indagandum,
1680 2396 1764 2418 num
1799 2384 1944 2418 laureae

177 2438 306 2470 maturi
334 2439 475 2477 essent;
512 2438 605 2481 quod
631 2438 699 2472 nisi
727 2437 841 2478 fieret,
877 2437 1069 2472 Societatis
1096 2438 1379 2482 promotionibus
1405 2438 1540 2472 nullam
1567 2439 1644 2472 fore
1670 2438 1940 2477 auctoritatem3

176 2490 253 2523 ideo
281 2490 319 2524 P.
348 2490 593 2524 Schorichium
622 2491 904 2526 contionatorem
930 2491 1031 2525 ducis
1061 2491 1239 2525 Bavariae
1266 2491 1468 2535 theologiae
1506 2492 1730 2526 doctoratum
1757 2491 1825 2525 sibi
1851 2502 1943 2525 com-

176 2554 301 2587 parare
328 2543 472 2577 volebat
497 2544 558 2584 ita,
594 2547 634 2577 ut
668 2544 698 2578 is
725 2547 761 2578 et
793 2544 937 2578 usitatis
964 2545 1185 2589 temporibus
1212 2547 1248 2579 et
1282 2545 1391 2589 probe
1418 2546 1581 2589 iusteque
1608 2545 1651 2578 de
1677 2545 1828 2578 scientia
1854 2544 1944 2589 peri-

177 2596 363 2630 clitaretur
391 2608 432 2630 ac
451 2596 713 2641 disputationes
731 2597 900 2638 haberet;
928 2598 1021 2641 quod
1048 2610 1134 2631 vero
1153 2598 1226 2631 dux
1252 2599 1288 2632 in
1315 2609 1392 2632 eam
1412 2598 1667 2643 promotionem
1695 2597 1764 2632 300
1781 2608 1944 2630 nummos

178 2660 304 2682 aureos
331 2650 532 2693 expendere
567 2650 689 2689 vellet,
722 2662 801 2684 eam
836 2662 1001 2695 pompam
1028 2651 1141 2685 Sociis
1166 2663 1236 2685 non
1263 2653 1469 2692 convenire;
1505 2651 1539 2685 id
1566 2662 1651 2685 vero
1677 2651 1721 2684 iis
1748 2650 1944 2685 curandum

177 2713 267 2742 esse,
294 2705 333 2735 ut
360 2702 454 2736 docti
480 2706 601 2736 essent
627 2706 663 2737 et
689 2704 886 2737 doctrinam
913 2705 1187 2749 comprobarent
1215 2704 1299 2747 (243
1326 2705 1442 2748 2912).

295 2755 488 2797 Negotium
507 2756 736 2790 facessebant
753 2757 866 2791 Sociis
884 2757 995 2801 aliqui
1015 2758 1057 2791 de
1084 2757 1259 2791 familia
1285 2758 1536 2801 fuggerica,
1563 2757 1598 2791 in
1617 2757 1833 2792 Societatem
1860 2756 1942 2790 alio-

178 2808 262 2851 quin
281 2808 411 2852 optime
438 2809 567 2843 affecta
592 2810 821 2854 maximeque
840 2810 1009 2845 benefica.
1041 2809 1264 2844 Octavianus
1282 2811 1469 2854 Fuggerus
1490 2810 1632 2853 collegii
1649 2810 1846 2852 germanici
1864 2821 1943 2844 con-

178 2861 294 2894 victor
308 2862 429 2895 morbo
448 2864 483 2895 et
497 2862 695 2896 studiorum
709 2863 966 2897 litterariorum
984 2864 1102 2898 taedio
1120 2863 1281 2898 laborare
1296 2864 1413 2908 coepit
1430 2864 1510 2906 (201
1533 2864 1634 2906 284);
1655 2874 1764 2907 quare
1779 2863 1944 2897 Canisius

180 2916 216 2948 et
243 2914 335 2947 Socii
362 2915 499 2948 romani
525 2916 730 2957 effecerunt,
757 2918 797 2950 ut
823 2928 843 2950 a
870 2917 1078 2961 parentibus
1104 2919 1335 2951 revocaretur
1372 2917 1453 2960 (211
1483 2916 1580 2960 588).
1631 2917 1730 2950 Idem
1756 2916 1946 2950 Societatis

178 2966 431 3009 ingrediendae
451 2970 575 3002 votum
595 2969 764 3003 emiserat
792 2970 891 3012 (163)
908 2983 914 3010 ;
941 2970 1002 3003 sed
1023 2969 1107 3013 quia
1126 2972 1203 3003 erat
1220 2969 1461 3004 inconstantia
1479 2972 1515 3003 et
1534 2969 1642 3003 animi
1659 2969 1809 3004 levitate
1829 2968 1943 3012 (177),

181 3031 201 3053 a
227 3020 408 3064 proposito
443 3021 584 3054 abstitit
619 3024 654 3055 et
681 3022 871 3056 Societatis
904 3022 1065 3056 homines
1100 3025 1209 3066 atque
1245 3022 1353 3056 etiam
1388 3022 1502 3066 ipsum
1532 3022 1714 3056 Canisium
1747 3021 1943 3060 accusavit,

181 3073 275 3116 quod
310 3084 423 3117 paene
458 3073 525 3107 sibi
561 3075 817 3118 imposuissent
852 3077 887 3109 et
922 3075 994 3108 vim
1031 3076 1209 3119 quandam
1246 3076 1378 3109 inferre
1413 3076 1531 3109 conati
1570 3078 1692 3109 essent
1729 3075 1810 3118 (201
1845 3073 1943 3116 211).
