2044 3335
157 120 214 160 32
385 118 485 152 1489.
514 117 679 152 Canisius
706 118 739 153 S.
760 118 949 152 Francisco
975 118 1139 161 Borgiae.
1191 118 1411 161 Ingolstadio
1440 119 1470 154 1.
1489 119 1585 164 Sept.
1607 120 1710 154 1567.

155 234 398 280 Czartoryski,
428 234 511 269 Cod.
535 235 634 276 1608,
662 247 695 279 p.
719 235 937 278 315-318).
980 234 1179 269 Turrianus
1205 234 1378 279 plurimos
1403 236 1513 270 libros
1540 236 1599 270 vel
1626 236 1736 271 edidit
1763 237 1821 271 vel
1847 238 1925 283 ipse

154 288 388 332 conscripsit,
427 288 470 322 ob
509 299 599 331 quos
638 288 739 330 „fidei
774 288 940 321 defensor
979 289 1015 321 et
1050 291 1269 332 propagator
1307 288 1523 323 acerrimus“
1566 289 1694 323 merito
1733 301 1754 324 a
1788 291 1925 325 Ioanne

158 341 332 374 Croeselio
359 341 608 375 universitatis
627 340 920 383 ingolstadiensis
938 340 1211 375 bibliothecario
1231 341 1373 375 illorum
1391 344 1592 386 temporum
1611 343 1753 387 aequali
1772 346 1925 378 vocatus

154 397 211 427 est
239 393 381 436 (Elogia
407 393 441 427 in
470 394 558 427 duas
584 394 700 427 diuisa
728 396 859 438 partes,
889 393 1100 437 Ingolstadii
1130 394 1231 435 1584,
1259 394 1357 438 390).
1408 396 1538 439 Atque,
1567 396 1635 430 etsi
1660 396 1750 430 artis
1777 396 1925 431 criticae

155 446 256 490 leges
290 458 543 490 nonnunquam
582 446 820 490 neglegebat,
863 447 1010 491 scriptis
1053 450 1129 481 tum
1171 447 1358 481 historiam
1397 448 1682 483 ecclesiasticam
1719 451 1797 483 tum
1834 449 1924 484 iuris

154 499 392 533 ecclesiastici
427 499 652 543 disciplinam
689 499 834 543 egregie
870 499 1021 534 adiuvit.
1073 499 1125 534 De
1152 500 1229 535 eius
1254 501 1355 535 libris
1381 513 1416 536 v.
1436 503 1701 545 Sommervoyel,
1727 501 1820 536 Bibl.
1839 502 1925 536 Vm

157 552 362 592 113—1‘26;
407 554 452 586 H.
489 554 628 587 Han-ter
666 552 700 586 S.
729 553 782 593 J.,
821 552 1075 587 Nomenclator
1113 552 1295 588 literarius
1333 554 1552 598 Theologiae
1595 555 1794 589 catholicae
1837 556 1923 597 111³,

155 605 356 650 Oeniponte
385 606 486 645 1907,
514 605 714 639 281—284.
1613 612 1617 620 ¹

159 723 315 760 1489.
413 725 630 761 CANISIUS
658 725 925 762 SANGTO
959 725 1349 764 FRANGISCO
1377 727 1695 764 BORGIAE
1723 731 1926 775 praeposito

345 779 504 822 generali
530 779 723 813 Societatis
749 780 840 814 Iesu.
1224 781 1446 825 Ingolstadio
1474 783 1504 817 1.
1524 783 1746 827 Septembris
1774 784 1875 819 1567.

275 849 331 882 Ex
357 849 553 895 archetypo
583 850 654 891 (2⁰3
685 850 728 893 ³l4
756 862 809 894 p.;
838 850 874 884 in
901 862 933 895 p.
961 852 983 884 4
1009 851 1116 885 inser.
1144 853 1179 885 et
1206 851 1384 896 particula
1410 851 1506 896 sig),
1543 852 1664 887 Germ.
1687 853 1763 895 183,
1793 866 1828 889 n.
1855 854 1924 890 208

158 901 198 946 (f.
213 902 282 936 358
301 906 337 936 et
355 902 378 936 f.
395 915 463 936 non
482 903 585 947 sign„
605 903 698 947 quod
717 907 773 937 est
792 915 882 948 pone
900 904 924 938 f.
941 904 1039 947 362).
1075 904 1242 939 Canisius
1260 917 1326 939 sua
1345 917 1452 939 manu
1470 917 1599 940 nomen
1621 905 1815 949 („Seruus“
1837 907 1923 952 etc.)

155 955 380 1000 subscripsit.
424 956 464 990 In
489 957 662 990 extremis
688 957 854 991 versibus
881 957 1084 1002 complures
1110 957 1255 992 litterae
1282 961 1519 993 evanuerunt.

275 1027 523 1060 Adulescentes
550 1029 586 1060 in
613 1028 794 1070 colleyz'um
817 1031 1063 1071 yermanicum
1089 1031 1291 1063 mittuntur.
1343 1030 1512 1064 Canisius
1537 1031 1719 1075 colleyium
1745 1031 1874 1065 visitat.

359 1109 530 1151 Jhesus.
594 1109 689 1151 Pax
722 1110 879 1153 Christi
912 1111 1143 1153 admodum
1176 1112 1429 1153 Reuerende
1462 1112 1594 1155 Pater
1626 1115 1708 1155 etc.

278 1184 385 1238 Agit
424 1185 592 1238 gratias
625 1185 888 1229 Paternitati
921 1189 1024 1229 tuae
1056 1188 1266 1229 Dominus
1298 1188 1664 1241 Eisengrainius⁸,
1705 1187 1825 1230 cuius
1856 1188 1924 1230 fa-

157 1249 259 1291 muli
293 1250 388 1300 duo,
424 1251 522 1292 boni
553 1250 615 1292 illi
649 1251 820 1304 quidem
854 1255 897 1293 et
929 1252 1112 1294 studiosi
1145 1253 1457 1304 adolescentes,
1491 1254 1683 1295 Joannes
1716 1256 1760 1295 et
1784 1253 1923 1295 Leon-

156 1315 287 1356 ardus
334 1315 579 1366 Germani1,
625 1315 710 1357 iam
757 1316 900 1358 isthuc
945 1317 1237 1370 peruenerint,
1284 1318 1425 1361 credo.
1489 1318 1570 1360 Est
1611 1321 1792 1371 uterque
1837 1332 1922 1359 non

154 1379 293 1420 solum
326 1379 368 1421 in
402 1380 658 1430 Rhetoricis,
702 1381 779 1423 sed
819 1381 950 1423 etiam
983 1382 1027 1424 in
1060 1382 1229 1435 graecis
1261 1397 1346 1424 non
1378 1383 1491 1425 male
1524 1386 1738 1434 uersatus,
1783 1385 1827 1424 et
1867 1383 1922 1424 ad

153 1444 467 1498 philosophiam
500 1446 758 1488 audiendam
790 1447 946 1489 habilis
979 1448 1115 1489 uideri
1147 1451 1306 1501 potest.
1350 1449 1443 1501 Ego
1477 1448 1664 1501 reliquos
1696 1447 1794 1489 misi
1816 1461 1922 1500 qua-

154 1514 265 1561 tuor,
308 1510 419 1553 sicut
450 1511 700 1553 Paternitas
731 1514 808 1554 tua
841 1512 944 1554 mihi
978 1513 1187 1567 permisit,
1229 1514 1526 1555 Abraamum2
1558 1513 1864 1555 Monacensem
1897 1527 1922 1554 a

153 1575 314 1617 nostris
346 1576 479 1629 probe
510 1575 801 1632 institut[um]
826 1577 868 1619 in
892 1578 1126 1620 Rhetorica
1149 1578 1310 1629 Classe,
1344 1579 1400 1622 M.
1424 1580 1638 1620 Joannem
1663 1577 1920 1619 Damianum

153 1639 499 1682 Confluentinum
533 1641 796 1696 Theologiae
836 1643 906 1684 hic
948 1644 1191 1686 auditorem
1234 1646 1279 1685 et
1311 1643 1402 1685 eius
1435 1647 1651 1698 nepotem,
1694 1643 1765 1697 qui
1807 1656 1920 1684 anno

152 1706 376 1758 superiore
408 1706 549 1748 isthuc
582 1707 738 1749 missus
770 1707 854 1750 fuit
866 1709 894 1759 3,
928 1710 972 1751 et
995 1712 1223 1763 praeterea
1248 1709 1424 1751 Vitum4
1445 1709 1558 1750 hunc
1579 1707 1918 1757 Brixinensemb,

153 1784 338 1823 magnae
377 1785 545 1824 quoque
586 1773 676 1826 spei
709 1773 1029 1816 adolescentem
1063 1777 1107 1816 et
1139 1774 1266 1816 ualde
1298 1774 1550 1817 studiosum.
1614 1773 1845 1827 Recipiunt
1877 1773 1919 1813 hi

152 1838 243 1876 tres
284 1849 330 1877 se
371 1836 578 1887 facturos,
622 1852 732 1891 quae
774 1839 828 1880 ad
870 1839 1163 1881 obseruandas
1201 1840 1245 1881 in
1277 1839 1466 1893 Collegio
1501 1839 1757 1881 Germanico
1799 1838 1919 1890 leges

151 1900 384 1953 pertinent,
427 1902 571 1955 parati
611 1903 742 1945 etiam
775 1904 911 1945 sacris
944 1904 1165 1946 ordinibus
1195 1904 1372 1955 initiari,
1414 1919 1492 1946 nec
1524 1904 1617 1946 sine
1649 1903 1918 1957 superiorum

150 1964 363 2007 facultate
404 1965 447 2007 in
490 1967 766 2010 Germaniam
808 1970 977 2023 regredi
992 1970 1021 2012 ⁵.
1084 1970 1293 2012 Putamus
1334 1983 1482 2012 omnes
1521 1983 1623 2011 uere
1656 1968 1914 2018 Catholicos‚

150 2032 194 2071 et
234 2030 394 2083 partim
437 2031 757 2086 philosophicis,
800 2034 960 2087 partim
994 2034 1240 2078 Rhetoricis
1282 2035 1437 2089 studijs
1479 2037 1606 2089 aptos
1647 2048 1742 2076 esse
1784 2032 1915 2075 satis:

149 2094 302 2147 quibus
315 2095 522 2149 adiunget
533 2097 934 2141 Reuerendissimus
947 2099 1187 2142 Cardinalis
1199 2101 1482 2153 Augustanus
1493 2100 1683 2142 fortasse
1699 2101 1914 2152 quartum,

148 2159 270 2201 cuius
302 2160 411 2202 alias
443 2163 704 2205 mentionem
737 2163 821 2205 feci
839 2165 866 2207 6.
930 2165 1083 2207 Plures
1116 2180 1196 2218 ego
1229 2180 1314 2207 non
1346 2165 1517 2207 mittam
1551 2165 1630 2206 hoc
1662 2178 1774 2206 anno
1809 2163 1914 2204 Ger-

148 2238 311 2275 manos,
354 2239 406 2267 ne
448 2228 761 2282 praescriptum
796 2229 899 2270 mihi
931 2244 1156 2272 numerum
1189 2230 1411 2273 excedam.
1477 2230 1673 2272 Priorum
1706 2229 1816 2271 dux⁰
1848 2231 1916 2270 est

149 2288 444 2345 Matt[he]us7
476 2292 663 2334 Polonus
703 2294 843 2336 frater
883 2309 906 2337 e
948 2296 1123 2349 Dilinga
1162 2295 1333 2345 missus,
1377 2296 1428 2337 de
1471 2310 1553 2349 quo
1595 2295 1785 2337 Rector8
1822 2293 1914 2347 ipse

148 2354 273 2407 plura
299 2355 524 2410 scripserit
545 2361 590 2399 et
612 2372 692 2412 ego
716 2358 902 2414 aliq[ua]
926 2360 1113 2402 indicaui
1127 2361 1155 2403 9.
1199 2361 1326 2402 Nunc
1349 2375 1499 2402 uersor
1521 2361 1564 2403 in
1587 2360 1712 2401 huius
1735 2357 1913 2411 Collegij

148 2419 311 2462 difficili
352 2421 614 2473 uisitatione,
654 2437 705 2465 ac
739 2425 790 2466 de
821 2425 895 2466 illo
930 2425 1100 2478 quidem
1134 2425 1254 2467 breui
1286 2426 1423 2480 plura.
1488 2426 1683 2467 Christus
1714 2425 1758 2466 in
1790 2437 1912 2465 suam

267 2513 295 2543 a)
317 2513 364 2537 Ita
383 2513 414 2538 in
433 2514 512 2538 arch.
532 2518 690 2540 correctum
710 2519 751 2541 est
771 2524 807 2540 ex
826 2515 1050 2547 Eisengrenius.
1113 2516 1143 2547 b)
1165 2518 1229 2549 δῶ,-
1249 2518 1299 2542 sed
1318 2518 1503 2543 scribendum
1521 2519 1623 2548 fuerat
1637 2516 1912 2547 Gamundiensem;

148 2551 214 2576 vide
234 2561 306 2584 quae
327 2554 360 2578 [Ie
380 2555 443 2579 Vito
462 2556 514 2579 sub
534 2557 617 2587 ipsas
636 2558 690 2581 has
716 2558 832 2583 litteras
857 2559 1001 2583 dicentur.
1041 2559 1155 2583 Canisii
1183 2560 1281 2583 animo
1310 2560 1356 2583 hic
1384 2560 1553 2584 obversatus
1582 2567 1642 2584 esse
1672 2559 1788 2584 videtur
1813 2559 1913 2591 „Vitas

148 2594 357 2619 Brixinensiffl‘
372 2596 488 2626 (Liner)
503 2598 654 2623 Societatis
674 2600 804 2624 novicius
823 2600 883 2624 sive
903 2600 1103 2630 scholasticus,
1123 2608 1149 2625 α.
1162 2602 1232 2625 1566
1246 2601 1400 2626 Monachio
1414 2601 1534 2625 Romam
1550 2601 1674 2632 missus;
1695 2608 1719 2625 v.
1732 2601 1800 2625 Can.
1814 2601 1910 2625 V337.

147 2635 174 2667 c)
195 2635 242 2659 Ita
261 2636 291 2660 in
312 2638 390 2661 arch.
411 2641 570 2663 correctum
590 2643 632 2664 est
651 2648 687 2665 ex
706 2639 776 2666 duo.

268 2732 279 2750 ¹
314 2731 464 2766 Ioannes
491 2734 672 2769 Herderus
708 2737 744 2768 et
770 2735 975 2770 Leonardus
1009 2736 1249 2770 Poteisenius.
1299 2736 1359 2770 Dr.
1387 2737 1566 2770 Martinus
1592 2736 1815 2779 Eisengrein‚
1849 2737 1910 2780 qui

148 2783 359 2826 Ingolstadii
385 2785 588 2830 theologiae
613 2788 795 2832 professor
821 2791 858 2822 et
883 2789 1058 2823 ecclesiae
1085 2789 1120 2823 S.
1139 2789 1300 2823 Mauritii
1317 2790 1495 2834 parochus
1513 2791 1601 2831 erat,
1628 2801 1750 2823 eorum
1768 2789 1911 2823 mitten-

147 2836 272 2870 dorum
299 2838 507 2873 facultatem
534 2851 555 2874 a
581 2840 723 2884 Borgia,
759 2841 892 2876 Canisii
928 2854 1036 2887 opera
1071 2842 1292 2887 interposita,
1330 2842 1484 2887 petierat
1517 2842 1623 2886 (Can.
1652 2842 1682 2876 V
1708 2843 1807 2886 491).
1857 2842 1910 2876 De

147 2889 205 2923 his
230 2892 267 2923 et
292 2890 335 2924 de
360 2891 509 2935 reliquis
534 2894 555 2927 4
581 2893 872 2946 adulesceptibus
899 2895 992 2936 vide,
1019 2907 1110 2940 quae
1137 2896 1203 2930 sub
1229 2897 1328 2940 ipsas
1353 2895 1420 2930 has
1446 2896 1587 2930 litteras
1613 2896 1786 2930 dicentur.

267 2943 281 2963 2
307 2943 534 2980 Parstorffer.
680 2948 692 2967 ³
717 2947 865 2982 Petrum
892 2949 1105 2983 Damianum
1134 2949 1239 2990 dicit;
1267 2949 1310 2983 de
1336 2961 1406 2993 quo
1435 2950 1522 2983 Can.
1541 2949 1573 2983 V
1599 2949 1679 2984 328.

268 2998 281 3017 ⁴
307 2997 480 3032 Miletum.
626 3000 639 3019 ⁵
665 3000 756 3035 Vide
785 3002 872 3036 Can.
893 3002 924 3036 V
951 3003 1017 3036 501
1047 3004 1125 3037 524.

268 3050 281 3070 ⁸
308 3049 509 3086 Cardinalis
534 3052 734 3087 Truchsess
760 3054 968 3089 adiunxisse
994 3056 1137 3090 videtur
1162 3055 1386 3090 Matthaeum
1414 3056 1553 3089 Reitter
1580 3055 1686 3097 (Can.
1705 3055 1738 3089 V
1763 3056 1861 3098 527).

269 3103 282 3123 ⁷
307 3103 494 3139 Michonis.
641 3107 653 3126 Β
679 3107 718 3141 P.
745 3107 986 3151 Theudoricus
1013 3108 1189 3143 Canisius.
1334 3110 1347 3129 ⁹
1372 3109 1463 3143 Vide
1489 3120 1599 3153 supra
1624 3120 1658 3153 p.
1677 3109 1721 3142 27
1748 3109 1804 3143 29.
