2044 3335
144 60 226 100 218
676 56 778 91 1591.
806 56 845 90 P.
865 55 1000 90 Paulus
1027 56 1197 90 Hoffaeus
1224 55 1377 91 Canisio.

262 175 388 229 Cogit
428 173 669 217 necessitas
713 177 757 217 et
802 174 959 216 suadet
1003 173 1185 224 vtilitas,
1232 177 1281 217 vt
1320 188 1378 231 ex
1409 174 1640 217 Nouitiatu
1680 174 1913 217 educamus

143 241 311 294 aliquos
343 240 505 283 fratres
537 253 670 281 vnum
703 241 779 281 aut
812 239 998 281 alterum
1030 252 1223 280 mensem
1257 239 1384 282 citius
1417 253 1545 292 quam
1567 239 1756 282 finierint
1779 239 1914 282 Noui-

142 305 313 355 tiatum,
348 305 425 347 sed
457 304 597 346 securi
630 306 674 346 et
706 307 796 346 tam
830 303 1002 358 probati
1035 305 1137 346 sunt
1165 303 1306 355 modo⁷
1341 318 1468 358 quam
1491 304 1698 358 probatos
1720 318 1794 346 eos
1815 307 1914 358 post

143 370 414 424 probationis
447 369 689 422 legitimum
722 370 850 410 finem
884 382 1061 422 sperare
1087 368 1325 422 possimus:
1359 383 1444 410 non
1475 369 1624 422 itaque
1656 371 1808 412 contra
1841 368 1913 411 de-

144 438 311 477 cretum
344 440 421 476 aut
453 434 600 477 Patris
633 433 771 487 nostrj
805 436 995 476 mentem
1027 447 1107 475 nos
1141 436 1316 476 acturos
1348 436 1493 476 metuo
1510 434 1536 476 1.

262 500 319 543 M.
343 499 590 541 Robertus2
611 499 831 553 Hjbernus
863 498 1114 551 aliquandiu
1147 498 1351 541 sanitatis
1378 512 1508 540 causa
1530 498 1793 552 Jngolstadij
1817 498 1913 548 fuit,

144 565 220 606 sed
262 578 359 606 cum
392 564 515 618 peius
547 564 731 614 valeret,
775 565 952 606 coactus
985 563 1046 604 fui
1079 577 1177 605 eum
1208 563 1429 617 Dilingam
1463 577 1682 614 reuocare,
1725 563 1798 605 vbi
1829 577 1914 605 non

143 632 262 671 recte
306 629 460 671 habet:
505 631 690 683 expecto
733 630 878 671 autem
922 642 1192 682 responsum,
1239 642 1294 670 an
1335 628 1545 683 paulatim
1587 641 1664 682 per
1704 628 1915 670 Rhenana

144 694 336 748 Collegia
367 693 607 736 Louanium
650 708 817 744 versus,
860 707 946 734 vna
989 707 1085 735 cum
1118 693 1166 735 P.
1201 693 1461 736 Vincentio3
1501 693 1618 735 mitti
1649 693 1800 747 possit,
1842 692 1915 746 vbj

144 762 292 814 sperat
325 759 378 801 ob
410 759 581 813 patriae
613 758 985 813 propinquitatem
1017 772 1065 800 se
1097 758 1336 801 restaurari
1368 772 1518 812 posse:
1551 758 1633 800 scit
1655 758 1707 801 R.
1730 758 1782 800 V.
1807 772 1916 800 nun-

145 838 276 878 quam
318 838 415 866 eum
450 824 491 866 in
526 823 759 866 Germania
792 823 874 872 (vti
907 836 985 865 nec
1018 823 1064 866 P.
1098 822 1395 876 Vincentium)
1428 826 1660 878 postquam
1693 836 1749 865 ex
1780 822 1915 866 Jtalia

145 889 340 931 infirmus
372 889 507 940 venit,
541 890 651 931 bene
683 889 887 931 valuisse.

263 955 519 996 Reuerende
541 955 686 1005 Pater,
720 957 893 1008 tempus
925 952 1100 995 videtur
1131 954 1368 1007 postulare,
1402 956 1451 996 vt
1475 953 1671 995 Societas
1703 953 1916 995 calamum

144 1019 337 1072 stringat
369 1023 523 1062 contra
552 1019 797 1062 haereticos
830 1018 959 1061 solito
988 1018 1282 1071 frequentius:
1315 1018 1512 1072 profecto
1533 1017 1617 1072 ipsi
1638 1032 1723 1060 non
1744 1020 1916 1060 tacent:

148 1084 283 1127 astuti
316 1084 465 1127 sinunt
496 1084 629 1127 etiam
660 1098 740 1126 nos
762 1083 1004 1134 latinizare,
1038 1083 1120 1137 ipsi
1144 1097 1290 1125 coram
1312 1083 1540 1137 plebecula
1562 1082 1797 1137 pernitiose
1819 1096 1918 1136 ger-

146 1149 366 1192 manizant
410 1163 569 1203 magno
611 1163 716 1191 sane
757 1163 834 1191 suo
881 1162 977 1191 cum
1018 1148 1210 1192 foenore.
1275 1149 1358 1190 Cur
1399 1162 1484 1190 non
1526 1148 1652 1202 plura
1693 1147 1919 1190 scribimus

146 1215 396 1268 germanice
428 1217 568 1269 pater,
603 1228 658 1256 an
691 1228 776 1256 non
809 1214 1044 1256 latinorum
1077 1213 1285 1256 librorum
1318 1213 1445 1255 nimis
1476 1227 1637 1266 magna
1668 1227 1746 1268 pro
1780 1212 1918 1255 doctis

147 1280 301 1334 copia?
345 1280 429 1322 Sed
452 1282 570 1322 esset
591 1282 740 1323 tamen
765 1279 1104 1334 praescribenda
1126 1279 1278 1332 regula
1302 1278 1690 1320 examinandorum
1712 1278 1918 1320 librorum

146 1346 219 1398 qui
261 1345 494 1388 Societatis
535 1345 707 1387 nomine
749 1344 948 1398 euulgari
993 1344 1198 1386 debent³z
1242 1346 1291 1386 vt
1332 1346 1479 1386 autem
1521 1344 1623 1385 ficto
1665 1344 1736 1386 vel
1777 1343 1918 1385 alieno

146 1410 319 1452 nomine
352 1413 503 1453 nostra
536 1410 734 1461 edantur,
767 1423 847 1452 nec
878 1411 1022 1452 tutum
1056 1409 1239 1460 videtur,
1274 1423 1353 1451 nec
1381 1409 1539 1451 bonam
1562 1408 1695 1452 habet
1717 1408 1918 1463 speciem,

148 1478 192 1518 et
233 1475 411 1518 tandem
453 1475 635 1518 discitur
675 1489 772 1517 cum
813 1474 977 1517 maiore
1015 1475 1235 1524 scandalo,
1279 1474 1375 1528 quis
1407 1473 1464 1516 sit
1497 1476 1573 1515 aut
1604 1473 1739 1516 fuerit
1770 1477 1918 1517 autor:

147 1540 291 1595 potius
324 1541 384 1582 nil
406 1543 550 1592 exeat,
584 1540 666 1582 nisi
690 1541 799 1582 bene
822 1541 1065 1594 probatum.
1110 1539 1212 1590 Quis
1234 1542 1380 1582 autem
1403 1538 1664 1581 scholastica
1684 1538 1919 1592 intelligit?

267 1607 490 1648 Annales4
535 1606 865 1660 Oenipontanae
909 1606 1053 1647 nescio
1099 1605 1200 1658 quid
1245 1606 1297 1647 de
1340 1604 1608 1647 instituenda
1650 1605 1775 1646 domo
1817 1618 1920 1646 con-

149 1671 360 1714 uictorum
393 1671 639 1714 insinuant:
673 1675 791 1714 certe
823 1685 929 1726 pare
957 1673 990 1712 s’
1010 1670 1170 1713 habbia
1192 1671 1231 1712 d'
1251 1670 1400 1713 andar'
1429 1683 1508 1711 con
1530 1669 1645 1723 piedi
1667 1669 1710 1711 di
1731 1669 1917 1723 piumbo.

270 1736 414 1779 Vitam
448 1737 494 1780 P.
528 1736 696 1791 Jgnatij
731 1750 812 1789 ego
845 1736 1032 1779 libenter
1064 1739 1235 1779 vertam
1268 1736 1517 1790 germanice
1530 1737 1560 1780 5.
1624 1735 1707 1776 Vbi
1741 1737 1920 1776 manent

149 1801 465 1856 explicationes
496 1802 539 1843 in
572 1802 734 1844 bullam
770 1815 931 1843 coenae
964 1801 1170 1855 Dominj?
1233 1801 1424 1855 Egregie
1457 1802 1690 1844 daemones
1723 1803 1918 1842 nostram

149 1866 406 1920 patientiam
440 1869 670 1909 exercent:
703 1867 872 1909 vtinam
905 1881 1002 1908 cum
1035 1866 1197 1908 honore
1230 1866 1474 1910 liberemur.
1529 1866 1761 1909 Susanna6
1791 1867 1919 1907 vorat

150 1931 279 1974 vitra.
345 1932 431 1974 Ora
464 1946 542 1986 pro
575 1932 698 1974 nobis
731 1932 864 1974 Pater
895 1932 1164 1975 Reuerende.
1228 1932 1457 1984 Augustae
1490 1934 1531 1974 4.
1565 1932 1683 1985 Sept.
1721 1931 1846 1972 1568.

1016 2066 1130 2109 filius
1162 2067 1205 2109 in
1239 2066 1409 2109 Christo
1442 2067 1603 2108 Paulus
1637 2066 1858 2108 Hoffaeus.

269 2150 296 2201 †
328 2149 573 2191 Admodum
605 2148 861 2191 Reuerendo
895 2149 937 2190 in
970 2149 1140 2191 Christo
1164 2148 1285 2191 Patri
1309 2149 1472 2191 Nostro
1506 2147 1737 2190 Francisco
1760 2146 1922 2200 Borgia

152 2213 428 2270 [So]cietatis
460 2214 603 2257 JESV
635 2212 914 2269 Praepo[sito
947 2212 1164 2275 gene]ralj
1197 2218 1277 2257 etc.
1343 2213 1456 2256 Vel.
1482 2213 1738 2256 Reuerendo
1771 2212 1817 2254 P.
1840 2211 1921 2254 Ca-

150 2279 258 2322 nisio
293 2282 375 2323 etc.
499 2280 677 2321 Romae.

271 2361 299 2393 a)
321 2361 460 2393 Sequitur
479 2367 538 2385 non
559 2364 610 2385 aut
630 2366 709 2391 nam,
730 2360 764 2385 ab
786 2361 823 2385 H.
844 2360 933 2384 omitt.

276 2469 284 2488 ¹
313 2467 478 2502 Secunda
508 2468 740 2512 Conyreyatio
763 2468 942 2511 yeneralis
967 2466 1163 2501 Societatis
1189 2477 1220 2501 a.
1247 2466 1337 2501 1565
1364 2466 1587 2502 decreverat.
1622 2467 1662 2498 ut
1697 2464 1732 2498 in
1766 2463 1921 2507 singulis

152 2520 346 2565 provinciis
381 2521 507 2555 domus
548 2520 770 2566 probationis
804 2520 1092 2561 instituerentur,
1134 2522 1265 2564 „utque
1305 2519 1446 2554 biennio
1485 2521 1521 2553 et
1558 2519 1647 2552 bene
1685 2517 1922 2562 probarentur

151 2573 296 2614 Novitii,
332 2586 403 2608 non
429 2574 643 2615 litterarum,
679 2574 740 2608 sed
768 2572 1056 2608 mortificationis
1089 2584 1131 2607 ac
1156 2574 1342 2618 profectus
1367 2571 1567 2618 spiritualis
1593 2571 1712 2605 studio
1738 2571 1920 2605 vacando:

152 2627 187 2660 in
222 2627 378 2661 secundo
413 2629 534 2661 tamen
569 2639 662 2661 anno
696 2627 812 2672 possit
850 2638 871 2660 a
906 2626 1196 2661 Provincialibus
1234 2638 1279 2660 ex
1315 2625 1562 2660 commissione
1598 2623 1787 2659 Generalis
1826 2624 1921 2658 circa

152 2679 309 2713 studium
329 2680 540 2724 dispensari,
567 2680 691 2714 habita
716 2680 855 2714 ratione
881 2691 1126 2724 personarum,
1153 2679 1312 2713 locorum
1339 2681 1374 2712 et
1391 2678 1610 2722 temporum“
1645 2678 1754 2720 (decr.
1772 2677 1815 2711 14
1840 2679 1923 2721 post

152 2732 275 2772 elect.;
302 2734 512 2767 Institutmn
531 2733 564 2767 S.
585 2733 617 2768 J.
637 2733 669 2766 Il
691 2732 786 2776 197).
821 2732 912 2774 Quid
939 2732 1089 2767 Hoffaeo
1116 2732 1158 2766 de
1185 2732 1251 2766 hoc
1277 2733 1396 2776 capite
1421 2742 1442 2765 a
1468 2730 1600 2774 Borgia
1625 2741 1836 2775 responsum
1863 2729 1920 2770 sit,

152 2785 218 2819 sub
244 2786 342 2829 ipsas
368 2785 477 2819 hasce
503 2786 645 2820 litteras
672 2786 822 2827 dicetur,
850 2798 883 2819 n.
910 2786 943 2820 3.
1106 2785 1119 2805 2
1145 2785 1339 2826 Rochfort;
1366 2796 1400 2818 v.
1428 2795 1537 2828 supra
1564 2795 1596 2828 p.
1619 2783 1711 2817 122¹.

273 2838 285 2857 ³
318 2837 452 2871 Pouuel
488 2838 595 2881 anglo
630 2838 690 2881 (de
725 2850 794 2883 quo
831 2839 918 2872 Can.
947 2837 997 2871 IV
1033 2838 1155 2882 648⁶);
1196 2838 1239 2872 de
1274 2849 1343 2881 quo
1382 2837 1417 2870 in
1453 2836 1595 2880 collegii
1630 2835 1923 2880 ingolstadiensis

154 2891 352 2933 *Cataloyo
377 2893 531 2924 exeunte
566 2902 598 2924 a.
625 2891 715 2926 1566
750 2892 884 2935 scripto
919 2893 1085 2925 notatur:
1129 2891 1191 2933 „ad
1218 2890 1347 2924 Ptisim
1381 2889 1523 2923 omnino
1550 2889 1729 2923 declinare
1755 2888 1917 2922 videtur*

155 2942 259 2986 (GSC
286 2944 330 2977 66
357 2955 389 2987 p.
418 2943 636 2987 406—407).
782 2946 795 2964 4
822 2945 981 2978 Litterae
1008 2955 1159 2979 annuae.

274 2997 286 3014 n
312 2995 352 3030 Ρ.
379 2995 510 3030 Petrus
529 2995 768 3031 Ribadeneira
787 2996 820 3030 S.
837 2998 868 3031 J.
897 2998 1011 3031 vitam
1038 2998 1073 3032 S.
1100 2997 1233 3040 Ignatii
1252 2995 1406 3039 Borgiae
1432 2995 1532 3029 iussu
1551 2995 1732 3029 scribebat
1761 2994 1810 3037 (V.
1832 2994 1919 3028 Can.

155 3048 187 3082 V
205 3048 311 3091 510);
340 3059 430 3092 quae
457 3049 611 3093 primum
639 3049 734 3083 edita
761 3052 816 3083 est
842 3050 954 3084 latine
980 3049 1131 3095 Neapoli
1158 3062 1189 3084 a.
1212 3049 1314 3085 1572.
1460 3049 1473 3068 ⁶
1500 3048 1553 3082 Cf.
1580 3059 1689 3093 supra
1715 3059 1748 3092 p.
1769 3046 1848 3081 210.
