2044 3335
321 119 422 154 1510.
452 119 538 154 Can.
565 119 599 153 S.
626 119 818 154 Francisco
845 120 1010 163 Borgiae.
1061 120 1228 164 Augusta
1247 119 1353 154 Vind.
1373 120 1404 154 4.
1425 120 1504 155 Oct.
1526 121 1627 155 1567.
1809 124 1860 164 81

91 235 291 277 scribebat;
327 236 456 280 quodsi
490 236 557 270 has
591 236 734 271 litteras
761 238 805 271 ad
833 238 942 272 alium
971 238 1028 272 vel
1058 237 1147 272 alios
1175 237 1344 277 dedisset,
1380 237 1426 278 id,
1462 240 1559 282 puto,
1595 238 1631 271 in
1658 238 1777 272 codice
1806 251 1865 273 no-

91 290 208 322 tatum
235 292 341 323 esset.

210 344 333 376 Kessel
373 343 443 377 iam
482 342 657 377 Kalendis
695 343 969 387 Septembribus
1010 344 1099 378 1567
1141 343 1287 379 Colonia
1325 343 1370 377 ad
1409 343 1578 387 Borgiam
1617 344 1863 389 *scripseratx

96 394 246 438 „Noster
264 396 601 431 Reuerendissimus
620 396 752 430 dicitur
770 397 958 441 resignare
984 409 1090 431 suum
1111 396 1379 442 Episcopatum,
1407 400 1443 430 et
1468 409 1590 431 rumor
1615 397 1673 431 hic
1701 399 1756 431 est
1782 398 1864 431 Illu-

90 448 309 483 strissimum
346 449 573 483 Cardinalem
609 449 863 492 Augustanum
903 450 1193 484 substituendum
1234 451 1269 483 in
1309 450 1426 484 locum
1454 450 1586 494 ipsius“
1619 451 1681 493 (ex
1708 451 1864 491 archet.;

92 500 133 536 Gr.
154 502 218 547 Ep.
235 502 320 536 VIII
346 504 370 538 f.
391 503 506 545 2782).
542 502 661 536 Cessit
687 503 1000 548 archiepiscopatu
1025 503 1231 538 Fridericus
1258 515 1278 537 a
1297 503 1414 537 Weda
1442 502 1493 547 (v,
1521 515 1631 549 supra
1657 516 1690 549 p.
1719 504 1778 547 22)
1809 504 1865 538 die

92 555 147 589 25.
175 555 353 590 Octobris.
406 556 494 590 Cum
523 567 609 589 vero
645 556 681 589 in
709 556 866 601 capitulo
893 556 1172 601 metropolitano
1201 557 1263 590 vix
1291 556 1481 601 quisquam
1509 560 1617 597 esset,
1654 558 1714 601 qui
1750 557 1864 592 archi-

91 608 283 653 episcopus
312 609 439 652 „eligi“
471 611 603 654 posset,
631 609 666 643 S.
694 609 781 643 Pius
808 609 851 644 V.
879 610 1113 644 vehementer
1140 610 1300 655 optabat,
1328 612 1369 644 ut
1394 610 1590 644 cardinalis
1616 611 1817 645 Truchsess
1845 623 1865 645 a

91 662 248 706 capitulo
280 662 564 708 „postularetur“
594 663 899 708 archiepiscopus.
950 664 989 698 Id
1025 664 1119 708 quod
1155 665 1264 698 etiam
1291 664 1563 698 Maximilianus
1590 665 1633 698 ΙΙ.
1670 665 1866 709 imperator

91 715 258 759 capitulo,
285 716 381 750 haud
408 717 458 750 ita
484 718 605 750 tamen
632 716 835 759 diligenter,
864 718 1148 752 commendabat.
1200 717 1281 763 Ipse
1307 717 1500 751 cardinalis
1527 729 1602 751 rem
1628 717 1781 752 multum
1811 730 1862 752 ur-

91 768 209 811 gebat.
237 769 383 803 Fefellit
407 772 530 804 tamen
557 769 835 804 Truchsessium
861 789 908 794 —
935 782 978 804 ex
1006 770 1083 812 hoc,
1119 773 1215 815 puto,
1244 770 1411 805 Canisius
1437 770 1605 814 Dilingae
1631 770 1720 805 haec
1746 771 1863 805 onmia

92 822 233 867 accepit
251 843 294 847 —-
314 834 408 868 spes,
435 834 542 867 quam
570 823 605 856 in
633 823 815 858 canonicis
842 824 1015 868 ponebat:
1043 824 1091 858 Hi
1117 836 1137 858 a
1164 824 1405 869 postulatione
1433 824 1693 864 abhorrebant;
1722 825 1864 859 23136-

91 876 244 910 cembris
273 877 362 911 1567
390 876 596 911 Salentinus
624 877 668 910 ab
696 877 872 921 Isenburg
898 878 1035 912 electus
1061 879 1117 912 est
1145 878 1293 921 (Lossen
1320 877 1344 911 l.
1371 889 1400 912 c.
1423 877 1572 912 18—21.
1613 880 1654 912 E.
1674 879 1866 922 Reimann,

90 929 275 963 Friedrich
301 942 372 964 von
398 930 518 971 Wied,
556 930 592 964 in
632 930 908 974 „Forschungen
947 943 1010 965 zur
1049 930 1246 965 deutschen
1283 930 1521 965 Geschichte“
1550 930 1637 965 XIII
1664 931 1864 966 364—366.

90 984 140 1017 W.
167 984 210 1017 Ε.
239 984 420 1027 Ξοῖῑτοανε,
447 983 567 1017 Briefe
592 983 664 1017 und
692 983 812 1017 Akten
839 995 901 1017 zur
929 983 1146 1019 Geschichte
1172 984 1418 1018 Maximilians
1444 985 1490 1019 II.
1516 985 1548 1018 2.
1570 984 1623 1026 TI,
1657 984 1864 1019 Paderborn

93 1036 193 1078 1891,
221 1037 294 1080 75).

92 1151 236 1188 1510.
345 1152 563 1187 CANISIUS
591 1151 859 1189 SANCTO
888 1151 1278 1189 FRANGISCO
1307 1151 1626 1189 BORGIAE
1660 1155 1865 1200 praeposito

281 1207 441 1250 generali
468 1206 659 1241 Societatis
685 1208 780 1242 Iesu.
973 1208 1141 1251 Augusta
1167 1207 1436 1242 Vindelicorum
1463 1209 1496 1242 4.
1516 1207 1684 1243 Octobris
1713 1209 1816 1243 1567.

208 1271 263 1305 Ex
290 1272 445 1317 epistula
472 1272 671 1317 archetypa
700 1272 773 1314 (20;
801 1273 820 1307 3
848 1285 927 1317 pp.;
955 1273 991 1306 in
1018 1285 1050 1317 p.
1070 1273 1092 1306 4
1119 1273 1225 1307 inscr.
1254 1275 1290 1306 et
1316 1273 1517 1317 particulae
1544 1273 1628 1317 sig.)
1656 1286 1720 1319 per
1746 1273 1864 1318 ipsum

91 1323 272 1360 Canisium
299 1325 485 1368 recognita
511 1328 547 1359 et
572 1325 778 1370 subscripta
800 1326 992 1368 („Seruus“
1016 1327 1100 1369 etc.)
1132 1328 1168 1360 et
1194 1338 1239 1360 ex
1258 1326 1431 1360 schedula
1458 1327 1489 1360 ei
1508 1327 1631 1361 addita
1660 1327 1732 1370 (4⁰;
1763 1327 1778 1361 1
1799 1327 1863 1372 p.),

90 1390 193 1422 quae,
221 1379 345 1413 eadem
371 1391 480 1413 manu
506 1379 652 1424 scripta,
680 1382 715 1412 et
742 1380 820 1424 ipsa
847 1391 867 1413 a
894 1379 1036 1414 Canisio
1063 1379 1269 1424 subscripta
1296 1382 1352 1414 est
1381 1380 1546 1422 („Jdem“
1575 1380 1679 1424 etc.);
1707 1381 1864 1425 epistula

90 1435 212 1466 exstat
247 1433 283 1466 in
310 1432 430 1467 Germ.
454 1433 520 1467 183
547 1445 580 1467 n.
599 1433 668 1467 213
698 1433 738 1476 (f.
759 1433 844 1467 2782
871 1436 906 1467 et
938 1445 992 1477 sq.
1019 1445 1089 1467 non
1115 1434 1246 1477 sign.);
1284 1433 1455 1468 schedula
1490 1436 1546 1468 est
1580 1435 1616 1468 in
1647 1434 1767 1469 Germ.
1798 1435 1865 1471 184

89 1497 123 1519 n.
153 1485 220 1520 184
248 1486 287 1529 (f.
315 1487 414 1530 299).
468 1486 655 1531 Epistulae
682 1486 907 1531 particulam,
944 1498 1036 1530 quae
1063 1487 1105 1520 de
1133 1487 1167 1522 S.
1196 1486 1377 1521 Stanislao
1405 1490 1469 1527 est,
1508 1490 1705 1532 posuerunt
1732 1489 1864 1522 Dcmiel

89 1540 233 1573 Bar-toli
259 1539 292 1574 S.
320 1540 364 1581 J.,
400 1540 504 1574 Della
530 1539 607 1574 vita
643 1551 661 1573 e
689 1540 848 1574 miracoli
883 1540 939 1574 del
968 1540 1007 1574 Β.
1036 1540 1216 1575 Stanislao
1243 1540 1384 1575 Kostka
1411 1541 1432 1574 l.
1465 1542 1493 1580 1,
1522 1553 1550 1575 c.
1579 1542 1601 1576 8
1630 1541 1681 1583 (in
1708 1542 1864 1576 editione

89 1592 235 1627 Brixiae
261 1607 291 1628 a.
314 1593 405 1628 1843
431 1594 529 1628 facta
554 1605 588 1638 p.
608 1593 672 1634 903
711 1595 828 1638 prima
856 1593 964 1627 editio
991 1595 1089 1628 facta
1116 1596 1172 1628 est
1198 1594 1333 1628 Romae
1360 1605 1390 1628 a.
1409 1595 1528 1637 1670),
1556 1596 1758 1629 Ubaldinus
1782 1594 1804 1629 l.
1833 1606 1862 1629 c.

88 1645 138 1679 XI
165 1647 244 1688 444,
277 1649 392 1681 Boero
420 1647 498 1691 (qui
524 1647 618 1681 haud
646 1650 744 1681 recte
770 1647 940 1688 affirmat,
968 1647 1161 1692 epistulam
1188 1659 1267 1682 esse
1294 1648 1587 1692 autographam),
1615 1648 1701 1682 Can.
1720 1649 1800 1689 320,
1827 1651 1863 1683 et

88 1698 187 1733 Stan.
216 1700 356 1735 85—86
385 1700 550 1744 (italice),
578 1701 718 1744 Miehel,
746 1700 844 1735 Stan.
873 1701 916 1736 87
948 1700 1124 1745 (gallice),
1151 1703 1273 1735 Arndt
1298 1701 1321 1735 1.
1349 1713 1378 1735 c.
1407 1701 1450 1735 97
1480 1701 1730 1745 (germanice).

207 1772 371 1806 Rectores
413 1773 672 1816 oenipontawts
715 1777 743 1805 et
785 1773 1087 1815 wbryolstadlensis.
1148 1774 1245 1806 Socii
1284 1785 1351 1816 per
1392 1774 1625 1806 Germaniam
1669 1774 1862 1807 distributi.

89 1826 245 1869 Reyuloe
270 1828 480 1870 recoym'tae.
533 1827 601 1859 Pia
627 1827 842 1859 munuscula
870 1827 1035 1869 Borffl‘ae.
1087 1827 1127 1860 P.
1154 1827 1283 1860 Klesel.
1334 1828 1374 1860 P.
1402 1827 1597 1870 Illerqm'tio
1633 1829 1865 1860 contionandi

88 1880 247 1921 officimn
268 1881 511 1923 periculosum
538 1884 595 1913 est.
648 1880 687 1914 P.
716 1880 930 1922 Smaqerius,
959 1891 1057 1923 quem
1084 1882 1239 1923 turpiter
1264 1882 1377 1913 virere
1401 1882 1536 1923 ferunt,
1567 1882 1655 1913 rotis
1679 1873 1865 1914 solvendus

87 1937 144 1966 est.
197 1934 329 1967 Missus
364 1939 411 1967 est
437 1935 588 1967 Romam
615 1934 820 1967 Stam'slaus
855 1946 932 1966 enm
968 1935 1092 1968 Sociis
1143 1935 1208 1967 Fr.
1237 1934 1350 1967 Vim-lc
1380 1935 1598 1976 provinciali
1626 1935 1865 1968 Lombardz'ae

87 1987 257 2020 remissus
290 1992 348 2021 est.
410 1988 577 2022 Canisius
613 1988 780 2031 Diliwyae
813 1989 897 2030 fuit,
931 1988 1162 2021 Monachum
1202 1989 1340 2021 redibit.
1394 1988 1631 2021 Cateclm‘smus
1668 1989 1862 2022 Romanus.

92 2042 219 2074 Casum
247 2043 477 2075 conscientiae
501 2043 723 2085 fhtyyericum
751 2042 879 2083 wilm,-
905 2043 1087 2085 Fuyyeros
1114 2043 1249 2074 laudat.
1286 2043 1518 2075 Monumenta
1545 2044 1635 2075 ritae
1661 2042 1696 2076 S.
1718 2044 1862 2086 Ignatii.

91 2094 312 2138 Cardinolt's,
338 2096 506 2139 synodus,
532 2096 670 2129 scholae
696 2097 980 2129 constantienses.
1035 2095 1272 2129 Conte’onator
1297 2096 1517 2139 dile'nyanuS.
1564 2096 1864 2140 Arclziepz'scopus

88 2149 308 2182 coloniensis.

266 2221 438 2264 Jhesus.
504 2221 597 2263 Pax
630 2220 789 2264 Christi
822 2221 1079 2263 Reuerende
1112 2221 1343 2263 admodum
1376 2221 1420 2262 in
1452 2220 1622 2263 Christo
1656 2222 1800 2264 Pater.

208 2298 379 2341 Literas
412 2312 493 2351 ego
527 2298 682 2348 nullas,
727 2297 808 2340 nisi
840 2298 956 2340 forte
988 2298 1238 2352 perbreues,
1283 2298 1329 2341 P.
1363 2297 1412 2341 T.
1447 2298 1612 2339 duobus
1645 2297 1711 2339 his
1744 2312 1864 2340 men-

87 2363 205 2405 sibus
238 2363 398 2418 accepi.
464 2363 625 2417 Scripsi
658 2367 803 2406 autem
838 2363 995 2418 partim
1030 2363 1276 2417 Oeniponti,
1319 2363 1477 2417 partim
1511 2363 1775 2417 Jngolstadij
1810 2363 1863 2405 de

87 2429 235 2471 multis
277 2429 569 2482 grauibusque
610 2429 752 2479 rebus,
799 2429 1059 2483 praesertim
1102 2443 1205 2471 uero
1249 2429 1301 2471 de
1343 2430 1584 2470 mutatione
1626 2429 1860 2471 Rectorum

89 2495 140 2536 D.
175 2494 340 2548 Lanoyi
382 2498 426 2537 et
460 2494 504 2537 P.
539 2494 717 2536 Martini
733 2496 761 2543 1,
806 2509 917 2547 quae
959 2497 1007 2536 ut
1047 2495 1124 2536 fiat
1163 2509 1248 2536 non
1282 2494 1382 2535 mihi
1418 2494 1569 2543 solum,
1612 2494 1689 2536 sed
1730 2494 1862 2536 etiam

88 2559 265 2602 Rectori
296 2559 538 2612 Dilingensi
571 2563 616 2602 et
649 2560 701 2602 D.
738 2559 862 2601 Pisae
895 2559 1139 2602 consultum
1175 2559 1302 2613 plane
1335 2559 1556 2601 uideretur
1569 2560 1597 2602 2.
1661 2559 1861 2602 Jndicaui

89 2625 135 2668 P.
169 2624 410 2667 Aloisium3
442 2625 645 2668 fortassis
679 2625 912 2679 Oeniponti
947 2625 1174 2667 Rectorem
1208 2639 1336 2679 posse
1369 2624 1559 2666 institui:
1603 2639 1753 2667 uerum
1789 2625 1862 2667 ille

87 2691 249 2732 rectius
282 2691 327 2733 P.
369 2692 472 2732 tuae
515 2705 645 2744 quam
687 2691 811 2732 nobis
854 2693 921 2732 est
963 2690 1176 2743 cognitus,
1241 2691 1474 2732 Statuatur
1514 2689 1649 2743 igitur
1691 2691 1742 2732 de
1780 2690 1862 2733 hoc

88 2755 270 2809 alijsque
303 2756 513 2807 omnibus,
549 2756 749 2810 quicquid
784 2755 923 2797 uisum
958 2755 1041 2798 erit
1074 2755 1345 2797 obedientiae
1378 2759 1570 2798 sanctae.

211 2862 221 2881 ¹
247 2862 293 2896 Et
320 2861 360 2896 P.
387 2862 574 2896 Nicolaum
601 2862 785 2902 Lanoium,
813 2862 874 2905 qui
902 2860 1112 2905 Oeniponte‚
1150 2863 1186 2895 et
1212 2861 1251 2895 P.
1278 2861 1477 2895 Martinum
1504 2861 1759 2902 Leubenstain,
1799 2862 1860 2906 qui

88 2914 300 2958 Ingolstadii
327 2918 505 2960 praeerat,
532 2916 650 2950 officio
676 2915 851 2949 levandos
879 2926 958 2949 esse
986 2914 1152 2948 Canisius
1181 2914 1369 2955 censebat;
1398 2927 1431 2949 V.
1459 2927 1570 2960 supra
1595 2927 1629 2960 p.
1651 2916 1694 2949 14
1720 2916 1777 2949 48.

208 2969 221 2988 ‘2
248 2968 286 3002 P.
306 2969 549 3003 Theodoricus
569 2969 735 3004 Canisius
758 2971 875 3003 rector
899 2968 1105 3011 dilinganus
1132 2970 1168 3002 et
1197 2968 1233 3002 P.
1254 2968 1463 3012 Alphonsus
1481 2968 1635 3003 Pisanus
1658 2969 1862 3012 theologiae

88 3021 124 3055 in
159 3033 201 3056 ea
234 3022 474 3057 universitate
508 3023 691 3068 professor
726 3022 923 3067 praepositi
959 3021 1192 3066 provincialis
1231 3021 1493 3064 ,consultores“
1526 3024 1646 3061 erant:
1684 3023 1729 3057 cf.
1757 3022 1863 3063 infra,

88 3087 180 3109 mon.
209 3087 285 3110 var.
316 3076 380 3119 (5).

210 3130 222 3149 ³
248 3130 300 3164 De
326 3129 519 3171 Mendoza;
547 3142 581 3164 v.
609 3141 719 3174 supra
745 3141 777 3174 p.
798 3129 829 3162 2.

160 3193 473 3225 Braunsberger,
495 3193 606 3219 Canisii
626 3193 782 3226 Epistulae
803 3193 834 3218 et
854 3193 940 3219 Acta.
966 3192 1015 3219 VI.
1555 3189 1575 3222 6
