2044 3335
149 57 233 100 372
301 55 402 90 1694.
431 55 594 90 Canisius
613 55 769 89 Martino
787 54 1009 97 Eisengrein.
1053 55 1218 98 Augusta
1236 53 1341 89 Vind.
1360 55 1393 89 5.
1412 55 1626 90 Novembris
1646 56 1746 91 1569.

139 173 277 228 prium
303 172 524 222 antistitis,
559 171 884 222 contionatoris,
919 171 1128 224 Theologi
1161 174 1205 214 et
1227 172 1465 215 sacerdotis
1492 186 1646 214 munus
1679 175 1901 226 exposcat,

141 238 377 292 quantique
415 237 600 287 referat,
644 250 722 278 nos
762 250 903 290 pauca
943 236 1025 279 rite
1066 236 1370 280 administrare
1411 237 1576 292 potius,
1621 250 1749 290 quam
1791 237 1904 279 circa

142 304 278 346 multa
319 301 574 356 imperfecte
615 301 795 344 uersari.
859 301 1021 354 Magna
1063 304 1107 344 et
1148 302 1285 344 multa
1326 305 1427 344 sunt
1468 316 1519 343 ea
1560 302 1751 352 talenta,
1795 315 1905 355 quae

143 368 346 411 charitati
378 370 480 409 tuae
512 366 630 408 Deus
657 366 757 420 Opt.
782 367 899 409 Max.
925 366 1202 417 concredidit,
1237 371 1280 410 et
1312 367 1367 409 ad
1399 366 1621 409 Ecclesiae
1654 380 1758 409 suae
1791 380 1905 409 com-

143 434 314 476 modum
347 432 466 473 iubet
498 431 683 485 expendi
698 432 725 474 1.
790 431 873 473 Sed
904 432 954 473 fit
985 445 1129 485 saepe,
1162 431 1350 486 nesc[io]
1385 432 1611 485 quomodo,
1646 435 1694 474 vt
1726 445 1821 474 cum
1856 432 1907 473 de

145 499 240 552 alijs
273 498 381 539 bene
413 496 568 538 mereri
598 496 834 548 studemus,
870 510 980 549 quae
1002 496 1197 538 Christus
1219 497 1413 551 inprimis
1435 497 1629 550 requirit,
1663 511 1774 550 quae
1807 510 1908 538 con-

144 562 328 605 scientia
360 561 475 604 mille
508 562 675 604 testes2
706 561 917 615 suggerit,
961 575 1071 615 quae
1112 562 1244 604 saluti
1276 564 1452 604 nostrae
1484 562 1554 604 uel
1586 562 1775 604 maxime
1807 575 1909 603 con-

145 630 320 682 gruunt,
354 641 406 669 ea
436 627 478 668 in
512 626 743 681 postremis
775 627 1024 669 habeamus.
1088 626 1206 676 Quae
1240 627 1383 669 omnia
1415 641 1499 669 non
1533 627 1616 670 alio
1649 641 1753 669 sane
1785 641 1910 681 spec-

145 695 256 744 tant,
298 691 381 734 nisi
412 694 461 735 ut
492 692 624 734 fidum
657 691 841 733 amicum
873 690 916 733 in
949 691 1219 734 admonendo
1262 692 1490 743 declarem,
1533 695 1578 734 et
1610 706 1752 734 meum
1783 691 1910 734 simul

146 759 346 801 timorem
388 757 628 808 ostendam,
671 756 743 810 qui
775 756 1008 799 sollicitum
1041 760 1176 807 tenet,
1220 771 1314 799 cum
1355 757 1512 810 cogito,
1553 757 1638 800 alia
1670 757 1750 799 Dei
1782 771 1910 810 quam

147 822 295 865 mundi
317 836 412 865 esse
434 822 604 873 iudicia,
640 836 892 875 summoque
914 821 957 863 in
986 822 1178 876 periculo
1202 835 1276 864 eos
1299 822 1478 874 uersari,
1512 822 1583 876 qui
1615 822 1913 877 praeeminen-

148 891 237 931 tem
277 888 320 929 in
354 887 552 930 Ecclesia
593 888 734 929 locum
776 889 939 938 tenent,
983 889 1027 929 et
1060 887 1112 929 de
1145 887 1292 930 multis
1326 887 1551 930 animabus
1584 888 1754 930 Christo
1786 886 1914 929 iudici

150 954 362 996 rationem
396 955 496 995 sunt
528 952 648 994 breui
681 951 904 995 reddituri.
968 951 1142 995 Interea
1174 952 1312 1006 cupio,
1355 953 1492 995 Deum
1527 953 1610 1007 pijs
1641 953 1729 995 tuis
1762 952 1915 994 adesse

151 1018 391 1068 conatibus,
434 1020 483 1060 vt
516 1017 798 1071 Ottingenses
840 1020 1038 1059 errantes
1080 1017 1123 1058 in
1165 1017 1280 1059 uiam
1320 1018 1515 1068 redeant,
1559 1020 1603 1060 et
1634 1017 1790 1060 nobilis
1830 1017 1915 1060 ista

151 1083 473 1138 Praepositura,
492 1082 670 1136 pietatis
688 1082 936 1125 Catholicae
958 1083 1185 1137 praeclara
1206 1083 1284 1125 fiat
1306 1082 1490 1125 officina.
1535 1083 1617 1125 Hic
1640 1083 1754 1126 forte
1775 1082 1916 1125 locum

151 1149 312 1191 habeat
344 1147 503 1190 Christi
542 1147 774 1198 sententia,
817 1147 889 1201 qui
922 1161 968 1189 se
1001 1161 1026 1189 a
1059 1147 1203 1189 diuino
1237 1161 1366 1201 opere
1399 1161 1452 1189 ne
1484 1153 1712 1202 parentum
1745 1147 1917 1201 quidem

153 1214 320 1257 studio⁸
343 1212 537 1255 abstrahi
566 1226 720 1266 passus
750 1216 829 1263 est,
864 1212 989 1262 Quid
1022 1215 1102 1255 est
1132 1212 1284 1265 inquit,
1319 1213 1449 1266 quod
1481 1227 1555 1254 me
1588 1212 1917 1266 querebatis?

155 1279 232 1322 An
283 1277 656 1327 nesciebatis,
710 1278 836 1331 quia
891 1277 944 1318 in
1000 1277 1084 1319 his
1147 1276 1325 1332 qu[ae]
1380 1278 1568 1320 Patris
1621 1278 1721 1320 mei
1774 1280 1916 1327 sunt,

155 1345 381 1398 oportet
412 1357 489 1385 me
522 1344 686 1385 esse3.
740 1342 822 1385 Sed
857 1342 1010 1385 omitto
1044 1343 1298 1386 contionari.
1352 1343 1542 1385 Blosium
1576 1343 1919 1386 contionatorem

155 1422 285 1463 saepe
317 1411 366 1451 ut
398 1407 549 1450 audias
582 1408 713 1450 etiam
747 1410 878 1461 atque
911 1408 1041 1450 etiam
1075 1422 1180 1462 rogo
1194 1410 1223 1451 4.
1302 1406 1312 1421 ²

275 1473 374 1515 Non
414 1474 516 1515 licet
557 1473 599 1515 in
642 1473 780 1515 altero
823 1473 965 1527 capite
1007 1473 1078 1515 diu
1118 1473 1352 1525 immorari,
1395 1488 1495 1516 nam
1527 1473 1681 1516 literae
1713 1475 1814 1515 sunt
1847 1473 1921 1515 ob-

157 1539 395 1593 signandae
441 1538 522 1580 hoc
569 1541 785 1592 tempore,
835 1553 918 1592 quo
966 1538 1148 1581 discedit
1196 1539 1363 1592 auriga.
1426 1539 1525 1581 Non
1572 1538 1674 1580 mihi
1723 1538 1922 1592 displicet

158 1604 508 1658 Magnificentiae
539 1606 642 1646 tuae
675 1604 894 1646 sententia
927 1604 979 1645 de
1011 1603 1229 1657 legatione
1261 1605 1314 1646 ad
1339 1603 1580 1658 Principem
1604 1604 1802 1646 Carolum
1829 1617 1923 1645 sus-

159 1669 368 1724 cipienda,
403 1667 439 1711 si
471 1668 680 1711 Dominus
712 1669 921 1711 Albertus
954 1683 1049 1711 eam
1081 1669 1318 1723 imponat5.
1378 1670 1573 1712 Euentus
1606 1669 1787 1719 docebit,
1823 1667 1924 1722 quid

159 1735 274 1789 apud
295 1734 538 1788 Principem
571 1733 763 1777 efficiant
794 1748 901 1776 sana
924 1734 1115 1784 consilia,
1150 1748 1260 1787 quae
1282 1734 1475 1788 Legatus
1507 1736 1551 1776 et
1573 1749 1663 1785 suo,
1698 1737 1742 1777 et
1764 1733 1923 1776 domini

160 1800 226 1842 sui
266 1799 437 1842 nomine
477 1802 700 1853 suggeret.
764 1799 942 1842 Vtinam
985 1799 1202 1853 deligatur
1233 1799 1549 1841 Labbaccensis
1589 1799 1827 1854 Episcopus
1869 1812 1922 1840 ex

133 1893 137 1897 -
161 1865 241 1916 his,
269 1865 341 1918 qui
363 1867 758 1907 commemorantur
770 1866 798 1916 6,
831 1865 953 1918 isque
976 1865 1083 1907 uelit
1105 1867 1149 1907 et
1171 1864 1310 1919 possit
1332 1879 1378 1907 se
1410 1879 1613 1906 murum
1646 1877 1924 1919 opponere

162 1944 257 1985 pro
297 1930 446 1971 domo
489 1930 712 1972 Israel?
755 1932 800 1972 et
841 1930 1077 1983 collapsam
1118 1929 1216 1971 fidei
1257 1930 1551 1972 sinceritatem
1594 1929 1679 1971 illis
1720 1929 1924 1972 restituat

163 1994 404 2049 prouintijs,
447 2008 557 2047 quae
589 1994 737 2036 multis
771 1997 816 2037 et
846 1995 1042 2048 probatis
1075 1997 1206 2048 egent
1238 1995 1448 2049 operarijs
1460 1996 1490 2038 8.
1553 1994 1646 2044 Qua
1677 1995 1729 2036 de
1761 2008 1808 2036 re
1840 2008 1925 2036 non

163 2074 338 2114 possum
371 2073 502 2112 agere
534 2059 740 2113 pluribus,
783 2059 887 2101 illud
921 2062 1163 2102 extremum
1195 2074 1368 2113 rogans,
1412 2063 1461 2103 vt
1492 2059 1818 2114 Magnificentia
1850 2062 1926 2102 tua

165 2123 524 2179 quam[prim]um
556 2119 637 2166 h'ac
670 2124 974 2167 molestissima
1006 2125 1296 2167 sollicitudine
1337 2126 1492 2167 liberet
1533 2139 1642 2176 sese,
1685 2139 1824 2178 neque
1863 2124 1926 2166 di-

165 2190 281 2232 utius
321 2189 363 2231 in
406 2189 485 2231 hoc
527 2189 640 2232 biuio
676 2189 868 2233 haereat.
931 2189 1060 2244 Apud
1092 2190 1254 2232 Ducem
1288 2191 1515 2232 Albertum
1549 2193 1593 2232 et
1626 2190 1716 2232 eius
1749 2189 1926 2232 Cancel-

164 2255 318 2297 larium
333 2256 349 2281 9
374 2254 499 2308 plura
522 2257 566 2297 et
589 2258 802 2308 oportuna
825 2255 1005 2297 consilia
1026 2255 1311 2310 reperientur,
1346 2256 1499 2309 quibus
1521 2255 1727 2310 Princeps
1749 2255 1927 2298 Carolus

166 2320 209 2361 in
251 2319 371 2362 auita
412 2319 494 2361 fide
537 2320 815 2362 confirmetur
855 2319 1028 2373 suisque
1071 2321 1268 2364 consulat
1308 2320 1550 2375 prouintijs,
1593 2320 1848 2374 praesertim
1891 2319 1926 2362 si

286 2400 314 2431 a)
336 2401 395 2425 Hoc
415 2407 439 2424 v.
453 2408 471 2424 (ι
492 2400 519 2424 C.
534 2399 565 2424 in
586 2400 718 2431 mwyine
738 2400 872 2424 additum
894 2404 944 2425 est.

291 2508 299 2527 ¹
328 2506 381 2541 Cf.
409 2507 464 2541 Mt
489 2507 544 2548 24,
574 2506 722 2541 14—30.

288 2561 300 2579 2
327 2560 559 2594 proverbium
592 2560 838 2602 „Conscientia
873 2559 970 2594 mille
1005 2561 1137 2595 testes“
1176 2562 1410 2595 memoratum
1445 2561 1516 2594 iam
1551 2562 1606 2594 est
1639 2571 1660 2594 a
1693 2561 1928 2603 Quintiliano,

170 2612 221 2646 De
248 2612 472 2647 institutione
499 2613 654 2647 oratoria
680 2612 702 2647 l.
722 2614 753 2654 5,
780 2624 809 2647 c.
831 2613 885 2647 11.

291 2666 303 2685 ³
328 2665 377 2699 Le
403 2666 435 2706 2,
460 2667 517 2700 49.

290 2720 301 2737 ⁴
329 2718 499 2753 Ludovici
529 2718 641 2753 Blosii
667 2718 709 2754 Ο.
728 2718 762 2753 S.
781 2719 820 2753 B.
851 2719 1116 2763 (1506-1566)
1145 2718 1405 2762 religiosissimi
1440 2717 1536 2752 illius
1572 2718 1711 2752 abbatis
1746 2718 1929 2752 laetiensis

173 2769 333 2812 (hessis,
359 2771 394 2804 111
414 2771 561 2815 Gallia),
588 2783 693 2815 quem
711 2771 746 2806 S.
765 2772 928 2815 Ignatius
945 2772 1089 2817 plurimi
1115 2772 1280 2813 faciebat,
1307 2783 1414 2816 opera
1432 2772 1588 2805 ascetica
1613 2772 1649 2805 in
1666 2783 1776 2805 unum
1802 2782 1930 2816 corpus

173 2822 321 2856 collecta
356 2835 387 2857 a.
417 2825 506 2858 1568
541 2824 692 2858 Lovanii
725 2825 932 2870 prodierant
969 2826 1123 2868 (Hm-ter
1156 2824 1180 2858 1.
1207 2836 1236 2859 c.
1263 2824 1294 2858 12
1328 2824 1402 2868 43).
1462 2823 1612 2858 Huncne
1651 2824 1830 2868 significat
1866 2824 1929 2858 Ca-

173 2875 285 2909 nisius
296 2876 314 2908 ⁴?
365 2876 430 2917 An,
458 2877 517 2919 qui
543 2877 714 2921 Ottingae
741 2878 1023 2919 contionabatur,
1050 2877 1193 2912 Blosius
1221 2876 1465 2920 (Laurentius)
1494 2877 1720 2912 vocabatur?

293 2929 305 2947 ⁵
331 2928 382 2961 De
408 2928 474 2962 hae
501 2929 678 2971 legatione
705 2942 739 2964 v.
767 2942 875 2975 supra
901 2943 934 2975 p.
954 2931 1033 2965 367.
1182 2931 1195 2950 ⁶
1220 2930 1356 2964 Horum
1386 2930 1529 2964 nomina
1555 2942 1588 2964 v.
1616 2941 1724 2975 supra
1750 2942 1782 2974 p.
1802 2929 1882 2964 367.

295 2981 307 3000 ⁷
334 2980 381 3013 Ez
411 2981 462 3022 13,
492 2982 523 3014 5.
668 2984 680 3002 ⁸
707 2983 761 3017 Cf.
787 2984 842 3018 Mt
868 2984 898 3025 9,
926 2984 969 3018 37
997 2984 1061 3024 3&
1090 2983 1137 3018 Lo
1165 2982 1219 3024 10,
1246 2983 1279 3017 2.

295 3034 308 3051 ⁹
334 3032 511 3066 Simonem
538 3033 768 3069 Thaddaeum
795 3036 882 3069 Eck.
