2044 3335
270 105 365 139 Mon.
396 105 627 140 1075—1076
654 104 731 139 sive
757 116 832 139 var.
856 104 1077 148 (11)-(12).
1115 104 1171 140 30.
1191 103 1280 138 Nov.
1302 103 1391 138 1568
1408 122 1450 126 —
1467 102 1567 137 Febr.
1586 102 1687 137 1569.
1771 105 1852 145 737

96 218 230 255 1075
257 219 334 253 sive
361 228 476 254 var.
497 218 617 265 (11).
684 218 741 255 30.
760 218 972 255 Novembris
997 218 1092 255 1568.

214 278 269 311 Ex
295 278 501 323 apographo
528 279 639 312 eiusd.
665 281 793 323 temp.:
823 279 942 314 Germ.
969 280 1023 321 67,
1050 279 1074 314 f.
1105 279 1196 313 197³.

218 331 357 365 canisii
381 333 517 365 reditus
542 334 580 365 in
610 334 853 367 Germaniam.
906 334 1092 366 Sociorum
1118 333 1276 365 mutatio.
1319 332 1499 374 Confessio
1524 331 1807 374 hieronymiana.

215 392 258 433 S.
293 392 551 433 [franciscus
583 393 767 446 Borgyias
794 394 1065 447 praepositus
1096 393 1306 447 qeneralz's
1339 393 1475 434 Roma
1508 393 1576 432 30.
1612 390 1857 432 Novembris

96 458 212 499 1568
245 457 292 498 P.
327 457 462 498 Paulo
500 456 679 510 Hoffaeo
716 453 974 499 Germaniae
1013 458 1246 511 superioris
1286 457 1624 511 vafeeprom‘ncialt
1665 456 1858 510 scripsit:

95 522 221 563 Della
252 520 494 563 mutatione
527 522 578 563 de
611 522 806 574 suggetti
837 522 873 564 si
904 524 1032 576 potra
1064 524 1287 576 aspettare
1319 521 1349 562 il
1381 521 1545 563 ritorno
1579 521 1648 562 del
1680 520 1726 562 P.
1751 520 1856 561 Pro—

95 586 278 627 uinciale
301 585 484 636 Canisio,
519 588 798 628 oueramente
825 586 902 628 6116
925 587 1037 628 altro
1070 585 1107 627 si
1139 586 1282 627 scriua
1315 586 1356 627 di
1389 587 1486 638 qua.
1505 620 1512 628 .
1532 620 1565 628 ..
1615 585 1667 627 D.
1690 585 1856 627 Mastro

95 650 335 692 Ricardoal
382 648 444 704 [P]
488 650 529 691 di
571 652 794 693 mandarlo
837 652 935 693 fura
976 651 1028 693 de
1070 650 1270 704 Dilinga,
1313 651 1354 692 10
1396 653 1589 693 trattara
1620 650 1672 692 V.
1706 650 1758 691 R.
1793 650 1857 691 col

96 716 141 759 P.
175 714 344 757 Canisio
376 716 420 757 in
451 716 685 769 presentia,
728 716 758 757 il
800 717 927 769 quale
960 716 996 757 si
1035 719 1162 770 parte
1195 716 1237 756 di
1269 715 1420 766 Roma,
1463 715 1670 769 piacendo
1705 729 1729 756 a
1762 714 1857 764 Dio,

94 781 124 822 il
155 781 293 835 primo
327 780 369 822 di
401 780 669 824 decembre..
692 816 729 824 ..
778 781 851 823 Col
885 781 1117 823 medesimo
1140 781 1280 822 Padre
1303 780 1486 831 Canisio,
1523 794 1546 821 o
1581 794 1661 821 con
1694 780 1722 820 li
1756 793 1857 821 con-

94 846 260 896 sultori,
303 845 340 887 si
371 849 575 896 trattara,
619 846 655 888 si
687 849 709 888 6
743 846 992 901 espediente
1024 845 1183 888 lasciar
1213 846 1307 888 fare
1340 847 1381 888 16
1415 845 1684 887 confessione
1716 844 1857 886 hiero—

94 911 299 965 nymiana
332 912 357 952 6
390 911 488 963 quel
521 911 661 952 Padre
694 912 772 953 che
805 913 846 953 la
881 911 1078 954 desidera
1109 911 1217 954 fare.

218 980 422 1023 „Confessio
452 980 743 1025 hieronymiana“
774 981 836 1015 illa
862 981 989 1015 similis
1015 981 1137 1015 futura
1163 982 1241 1015 erat
1271 980 1534 1023 „Confessionis
1561 979 1854 1023 augustinianae“

95 1046 115 1068 a
141 1035 180 1069 P.
207 1034 425 1079 Hieronymo
451 1033 619 1068 Torrensi
646 1033 679 1068 S.
706 1035 738 1068 J.
766 1035 919 1079 primum
950 1046 980 1070 a.
1010 1035 1098 1069 1567
1125 1034 1291 1077 Dilingae
1318 1034 1434 1068 editae
1464 1033 1568 1077 (Can.
1595 1033 1629 1066 V
1654 1032 1753 1074 818),
1789 1043 1858 1076 qua

94 1088 259 1131 singulae
294 1087 476 1121 doctrinae
502 1087 700 1121 catholicae
727 1100 747 1121 a
773 1088 1056 1133 protestantibus
1082 1087 1236 1122 reiectae
1270 1088 1358 1132 ipsis
1385 1088 1418 1122 S.
1447 1087 1641 1130 Augustini
1668 1086 1788 1120 verbis
1815 1097 1860 1119 ex

94 1141 170 1175 eius
204 1140 306 1175 libris
341 1141 534 1185 exscriptis
568 1141 868 1186 proponebantur.
920 1141 972 1175 De
997 1140 1037 1175 P.
1064 1141 1219 1175 Antonio
1248 1141 1422 1175 Balduino
1457 1141 1535 1174 sive
1561 1140 1780 1174 Brabantino
1815 1139 1859 1173 ad

95 1194 262 1238 Borgiam
305 1194 481 1239 *scripsit
514 1194 554 1228 P.
590 1196 801 1228 Dominiczcs
836 1196 1026 1239 Menyimcs
1068 1196 1186 1229 rector
1226 1194 1369 1238 collegii
1403 1194 1628 1228 monacensis
1671 1192 1860 1227 Monachio

95 1247 149 1281 24.
178 1247 335 1291 Augusti
363 1248 472 1282 1569:
508 1247 614 1290 „Mox
640 1248 872 1290 aggredietur
898 1247 1216 1292 Hieronymianam
1243 1247 1538 1287 confessionem&
1566 1249 1602 1280 et
1627 1249 1644 1265 '³³‘
1657 1246 1695 1280 P.
1723 1247 1861 1279 Paulus

95 1301 267 1344 Hoffaeus
284 1300 599 1345 viceprovincialis
618 1303 784 1344 Augusta
811 1301 866 1335 25.
886 1301 971 1335 Maii
994 1301 1101 1336 1570:
1133 1301 1219 1343 „Est
1237 1301 1381 1345 quidam
1400 1300 1440 1334 P.
1459 1300 1661 1334 Anthonius
1680 1299 1858 1344 Monachij

95 1354 155 1398 qui
182 1354 326 1398 egregie
352 1354 530 1388 laborauit
556 1353 590 1388 in
618 1354 838 1388 conficienda
865 1355 1088 1389 confessione
1114 1354 1291 1388 catholica
1318 1366 1362 1388 ex
1389 1354 1549 1396 Quatuor
1576 1353 1610 1388 S.
1629 1352 1859 1387 Doctoribus:

94 1407 195 1442 breui
213 1420 287 1441 rem
306 1407 480 1449 conficiet,
500 1410 536 1441 et
553 1407 718 1450 Dilingae
738 1408 1001 1442 examinabitur
1020 1410 1055 1441 et
1071 1407 1315 1452 imprimetur“
1335 1408 1397 1450 (ex
1411 1407 1655 1452 autographis.
1684 1407 1724 1441 G.
1740 1406 1860 1451 Ep.X,

93 1461 119 1496 f.
146 1461 251 1502 200b;
287 1461 328 1495 G.
358 1460 419 1506 Ep.
447 1461 507 1503 XI,
535 1462 557 1495 f.
588 1462 701 1505 184b).
754 1462 904 1505 Borgyias
939 1461 1052 1496 Roma
1089 1461 1141 1496 17.
1169 1461 1262 1495 Iunii
1299 1461 1389 1496 1570
1425 1461 1572 1495 Hoffaeo
1607 1461 1649 1495 de
1685 1460 1860 1494 Balduino

94 1515 288 1559 ÷÷scripsit:
320 1514 450 1556 „Petra
475 1515 668 1559 stamparsi
696 1515 814 1558 quella
841 1527 906 1549 sua
925 1514 1149 1549 confessione
1168 1514 1373 1548 Catholica“
1398 1515 1459 1557 (ex
1478 1525 1600 1559 apogr.
1620 1514 1731 1548 eiusd.
1750 1516 1859 1557 temp.

96 1568 215 1603 Germ.
236 1569 290 1609 70,
318 1568 342 1601 f.
363 1568 452 1611 931³).
491 1568 616 1612 Neque
641 1570 762 1602 tamen
789 1580 921 1602 excusa
950 1570 1014 1602 est.
1053 1568 1156 1602 Anno
1183 1571 1302 1602 autem
1332 1568 1423 1602 1584
1451 1568 1719 1602 Confessionem
1738 1567 1860 1600 Hiero-

94 1622 300 1667 nymianam
329 1621 496 1656 Coloniae
523 1622 634 1656 edidit
660 1621 846 1656 Cornelius
873 1621 1087 1665 Schultingh
1124 1622 1159 1665 (†
1189 1622 1293 1665 1604)
1331 1621 1533 1664 theologiae
1563 1621 1599 1654 16
1624 1620 1861 1654 universitate

97 1675 289 1710 coloniensi
314 1675 496 1720 professor
522 1679 559 1710 et
585 1675 783 1719 collegialis
810 1675 983 1710 ecclesiae
1002 1675 1036 1710 S.
1056 1676 1221 1709 Andreae
1248 1675 1439 1709 canonicus
1470 1675 1705 1719 (Harfsheim,
1731 1674 1860 1708 Biblio-

94 1729 200 1764 theca
227 1729 346 1764 colon.
375 1730 447 1771 66).

95 1845 232 1883 1076
259 1847 337 1881 sive
363 1854 479 1881 var.
499 1844 628 1890 (12).
704 1844 746 1880 M.
766 1844 938 1880 Ianuario
966 1843 1025 1880 vel
1051 1843 1255 1881 Februario
1281 1843 1375 1879 1569.

215 1907 271 1941 Ex
296 1905 530 1950 autographo.
575 1905 616 1940 G.
644 1905 707 1950 Ep.
735 1905 777 1948 X,
805 1906 828 1939 f.
859 1905 951 1939 193¹).

219 1968 385 2001 Canisz'as
404 1965 642 2008 provincialis
667 1966 899 1998 abstinentiae
924 1966 1027 2008 {essem
1056 1965 1168 1998 alicui
1194 1965 1345 1997 relaxat.

216 2027 254 2059 P.
278 2026 452 2067 Georyz‘as
477 2025 706 2058 Schorichz'as
734 2026 770 2059 S.
788 2025 825 2058 J.
854 2025 1044 2057 Allonaclze’o
1070 2026 1101 2057 ⁴2.
1130 2025 1231 2057 Iunii
1258 2026 1350 2056 1569
1376 2024 1523 2057 Romam
1552 2025 1599 2056 ao?
1628 2025 1664 2057 P.
1693 2024 1859 2056 Ioannem

97 2081 291 2115 Polancum
327 2080 511 2112 Societatts
543 2079 771 2111 secretariam
811 2079 948 2111 litteras
982 2079 1097 2121 misit,
1137 2078 1264 2120 quibas
1299 2079 1329 2110 ei
1363 2078 1563 2110 narrabat:
1602 2078 1645 2110 Se
1679 2079 1863 2120 superiore

101 2133 379 2177 Quadi-ayesinzcc
416 2132 635 2166 Landishute·
673 2143 790 2165 coram
836 2133 1024 2164 Gae'lt'elmo
1061 2132 1224 2174 principe
1262 2132 1421 2171 (Albertt
1457 2132 1492 2164 1⁷.
1525 2132 1625 2164 demis
1661 2132 1735 2171 filio
1775 2135 1860 2163 natu

96 2188 274 2228 maximo)
301 2187 342 2219 de
366 2186 562 2228 praeceptis
588 2185 748 2218 ecclesiae
774 2187 1014 2219 contionatum
1040 2196 1109 2218 esse
1117 2197 1130 2226 ;
1155 2189 1258 2228 atque
1282 2196 1301 2217 a
1325 2185 1626 2227 Qnadrayesw'mae
1652 2185 1863 2218 hebdomade

96 2242 250 2275 secunda
275 2251 310 2273 se
337 2240 461 2272 cotidie
486 2240 640 2281 dtoetsse;
666 2240 847 2272 auditores
864 2240 932 2272 sibl
955 2240 1067 2281 faisse
1094 2240 1341 2281 4000-5000,
1367 2239 1487 2271 diebus
1505 2244 1619 2271 antem
1638 2240 1751 2271 saeris
1772 2240 1863 2271 7000

97 2297 145 2329 ad
171 2296 263 2328 8000
275 2306 286 2333 ,·
310 2305 344 2326 se
371 2295 409 2326 in
435 2294 514 2335 ipsa
534 2293 716 2335 principis
742 2304 823 2325 arce
848 2293 1033 2326 habitasse.
1073 2291 1186 2336 Sapra
1202 2291 1246 2325 V.
1262 2290 1303 2325 R.
1324 2291 1475 2325 ellenon
1502 2291 1547 2324 110
1574 2291 1664 2324 fatto
1683 2291 1712 2325 si
1731 2293 1862 2325 stretta.

97 2347 394 2393 quadragessima
419 2347 514 2379 tutto
541 2345 566 2378 il
591 2347 710 2389 tempo
729 2345 795 2379 che
820 2345 866 2379 ho
893 2347 1003 2379 statto
1029 2345 1123 2379 nella
1149 2345 1371 2390 compagnia,
1399 2356 1498 2378 come
1521 2345 1637 2385 adeso,
1665 2344 1796 2389 perche
1814 2344 1862 2378 mi

98 2411 303 2437 conueneua
329 2400 390 2444 piu
413 2411 478 2433 con
503 2397 585 2432 fat-ti
612 2398 676 2432 che
695 2409 760 2431 con
786 2398 907 2442 parole
932 2398 1096 2443 predicar
1121 2398 1146 2432 il
1165 2398 1320 2442 digiuno,
1347 2398 1482 2432 benche
1501 2398 1526 2432 il
1545 2398 1595 2432 .P.
1616 2398 1787 2440 Canissio,
1814 2398 1862 2432 mi

96 2456 240 2490 modero
266 2454 301 2488 la
328 2452 506 2487 cotidiana
532 2451 763 2486 abstinenzia.

218 2507 431 2543 Guiliehnus
466 2505 632 2550 princeps
662 2517 724 2549 pro
750 2516 815 2538 sua
841 2505 976 2549 pietate
1003 2507 1038 2538 et
1064 2504 1235 2548 religione
1261 2504 1361 2548 leges
1388 2504 1561 2539 ecclesiae
1587 2505 1780 2548 diligenter
1806 2506 1862 2540 ob-

97 2562 286 2601 servabat;
320 2572 382 2605 per
410 2558 730 2601 Quadragesimam
757 2560 876 2592 autem
902 2570 971 2592 non
998 2557 1112 2592 solum
1139 2569 1275 2599 carnes,
1302 2559 1365 2592 sed
1392 2559 1499 2592 etiam
1526 2569 1594 2592 ova
1621 2561 1656 2592 et
1682 2559 1863 2593 lacticinia

100 2616 183 2660 (lac,
218 2616 399 2659 butyrum,
433 2612 575 2655 caseus)
602 2611 893 2657 prohibebantur,
928 2611 997 2646 nisi
1033 2612 1299 2656 dispensatione
1325 2611 1384 2646 vel
1418 2612 1579 2655 legitima
1606 2614 1862 2647 consuetudine

97 2669 169 2712 legi
197 2667 375 2702 communi
402 2678 446 2700 ex
477 2668 578 2711 parte
605 2666 815 2709 derogatum
843 2667 939 2699 esset
975 2665 1036 2709 (ef.
1067 2666 1153 2699 Can.
1180 2665 1231 2698 ΙΙΙ
1259 2665 1348 2709 75³).
1401 2665 1589 2699 Societatis
1615 2668 1736 2709 tamen
1762 2679 1862 2712 prae-

97 2723 237 2768 positus
264 2720 442 2764 generalis
469 2731 549 2753 cum
576 2719 688 2753 Sociis
707 2730 749 2752 ea
775 2718 810 2752 in
829 2731 866 2752 re
887 2721 922 2752 et
948 2730 1011 2763 per
1029 2729 1068 2752 se
1086 2721 1122 2752 et
1147 2730 1210 2763 per
1236 2718 1326 2752 alios
1352 2718 1560 2763 dispensare
1586 2721 1726 2764 poterat
1756 2721 1860 2764 (Can.

98 2776 132 2810 II
151 2775 267 2817 2542);
294 2776 329 2808 et
348 2773 512 2807 Canisius
538 2772 769 2817 provincialis
788 2783 808 2806 6
834 2771 995 2815 generali
1020 2772 1141 2805 iussus
1167 2774 1244 2805 erat
1262 2772 1300 2806 P.
1321 2772 1566 2807 Schorichium
1584 2774 1746 2808 suaviter
1770 2777 1862 2809 trac-

98 2831 177 2864 tare
204 2829 307 2872 eique
334 2827 520 2861 caritatem
547 2829 583 2860 et
608 2826 860 2860 confidentiam
887 2825 1056 2859 exhibere
1089 2825 1138 2869 (v.
1165 2837 1274 2870 supra
1300 2837 1332 2871 p.
1360 2826 1428 2860 242
1455 2826 1552 2869 265).

219 2899 247 2929 a)
270 2897 479 2928 Corrig‘tendum
499 2904 559 2921 esse
579 2896 711 2923 videtur,-
730 2894 882 2926 Roberto;
903 2902 931 2921 v.
949 2896 1043 2927 infra,
1063 2896 1130 2920 adn.
1151 2897 1174 2920 1.

224 2995 234 3014 ¹
260 2992 493 3027 Scribendum
527 2991 640 3026 fuisse
674 2992 760 3036 puto
800 2990 1017 3033 „Roberto“:
1053 3002 1136 3025 nam
1162 2991 1218 3026 Fr.
1246 2991 1441 3026 Robertum
1468 2992 1642 3027 Rochfort
1674 2993 1862 3028 hibernum

99 3048 348 3091 aegrotantem
377 3045 546 3079 Hoffaeus
572 3044 791 3078 valetudinis
818 3044 996 3078 curandae
1031 3045 1149 3087 gratia
1174 3044 1321 3088 Dilinga
1347 3045 1382 3079 in
1409 3045 1574 3089 Belgium
1600 3047 1742 3082 mittere
1769 3048 1865 3091 cogi-1

98 3101 219 3141 tabat:
247 3112 280 3134 v.
307 3110 415 3144 supra
445 3111 478 3143 p.
504 3098 585 3132 218.

172 3164 488 3195 Braunsberger,
510 3161 621 3188 Canisii
641 3161 795 3195 Epistulae
816 3161 846 3187 et
866 3161 952 3189 Acta.
978 3162 1026 3188 VI.
1532 3159 1575 3192 47
