2044 3335
119 101 203 142 332
407 98 507 132 1672.
536 97 700 131 Canisius
727 96 766 130 P.
786 95 968 130 Leonardo
987 94 1125 129 Kessel.
1169 94 1315 138 Dilinga
1340 95 1393 130 18.
1413 95 1505 129 Iunii
1525 95 1627 130 1569.

114 228 257 261 quoque
290 216 366 250 eius
394 216 510 250 versio
541 214 746 257 („Trattato
772 214 831 248 nel
858 213 965 257 quale
992 224 1057 247 con
1083 213 1276 247 certissimi
1303 213 1463 257 ragioni“
1495 215 1573 254 etc„
1600 224 1628 247 s.
1655 212 1677 247 l.
1700 212 1806 255 1566)
1843 212 1879 246 in

115 269 232 303 lucem
260 269 391 303 emissa
417 270 473 302 est
502 268 661 311 (Precor,
687 267 830 301 Flacius
857 266 890 300 II
917 266 1014 310 565).
1053 266 1158 300 Hunc
1183 266 1295 309 igitur
1320 266 1481 301 libellum
1508 266 1603 300 sicut
1627 265 1662 299 in
1691 264 1881 300 Germania

116 322 268 356 Ioannes
287 321 486 356 Cochlaeus
506 323 542 354 et
558 321 709 354 Ioannes
728 320 833 354 Fabri
853 318 895 353 O.
911 319 980 361 Pr„
1007 319 1043 352 in
1062 319 1167 353 Italia
1184 321 1304 353 autem
1324 319 1520 363 Gregorius
1539 318 1722 353 Cortesius
1740 318 1781 354 O.
1794 317 1827 352 S.
1840 318 1880 353 Β.

116 375 387 418 redarguerunt,
424 374 475 408 ita
510 374 545 407 in
572 373 705 417 Anglia
740 372 916 407 refutavit
951 372 1180 406 doctissimus
1215 372 1271 406 vir
1306 372 1457 406 Ioannes
1483 371 1610 406 Fisher
1639 371 1760 410 (natus
1786 371 1881 406 circa

116 439 146 462 a.
169 428 274 470 1469)
304 428 493 471 episcopus
519 426 686 460 roffensis
716 426 844 468 (Roffa,
870 425 1105 469 Rochester);
1143 425 1203 469 qui
1230 428 1355 470 postea
1384 426 1432 468 (a.
1454 424 1574 468 1535),
1610 426 1693 469 quia
1719 425 1762 458 de
1788 424 1882 458 Hen-

114 480 178 514 rici
196 480 293 514 VIII.
330 480 366 513 in
402 480 509 514 rebus
542 479 800 515 ecclesiasticis
835 479 992 524 primatu
1028 479 1274 512 iusiurandum
1301 479 1386 513 dare
1412 478 1614 518 recusabat,
1650 478 1747 512 illius
1781 477 1881 512 iussu

116 533 265 567 Londini
292 533 432 567 occisus
468 535 523 567 est
552 532 588 576 (a
614 532 728 566 Paulo
754 532 816 566 III.
843 543 874 566 a.
896 532 986 566 1535
1014 531 1208 566 cardinalis
1234 535 1388 573 creatus,
1425 543 1446 565 a
1471 531 1589 565 Leone
1613 530 1711 565 XIII.
1739 542 1770 564 a.
1791 531 1881 565 1886

113 586 149 619 in
177 586 370 620 Beatorum
396 586 598 630 Martyrum
625 586 746 620 album
773 586 928 625 relatus:
966 585 1012 619 cf.
1036 586 1073 619 T.
1099 586 1141 618 Ε.
1162 586 1324 628 Bridqett
1350 585 1387 619 C.
1408 584 1467 619 SS.
1488 584 1540 625 R„
1568 585 1646 618 Life
1672 584 1711 618 of
1734 583 1882 618 Blessed

116 639 209 672 John
237 639 373 680 Fisher,
410 638 555 673 London
584 639 685 679 1890,
711 650 897 673 xva—xx
924 639 1014 672 6——7
1043 638 1250 679 354—360;
1287 638 1354 672 Vie
1389 638 1436 672 du
1463 637 1716 672 Bienheureux
1742 638 1883 682 Martyr

115 693 206 726 Jean
232 692 359 726 Fisher
387 691 454 736 [ed.
474 704 539 737 par
556 694 622 726 Fr.
642 694 719 726 Van
742 694 872 736 Ortroy
890 691 924 725 S.
940 690 999 735 J.]‚
1027 692 1061 725 in
1085 691 1280 733 „Analecta
1299 691 1554 725 Bollandiana“
1578 690 1645 724 XII
1663 690 1882 733 210-211).

114 745 267 779 Fisherii
301 746 392 780 liber
419 746 641 790 Antverpiae
668 757 699 779 a.
724 745 814 779 1522
841 744 959 778 editus
995 755 1074 778 esse
1100 744 1257 778 traditur
1291 756 1372 779 cum
1398 744 1466 778 hac
1492 743 1742 788 inscriptione:
1774 743 1882 785 „Con-

114 798 232 833 vulsio
258 799 519 833 calumniarum
546 798 622 833 Ulr.
643 798 772 832 Veleni
798 797 958 831 Minhov.
986 797 1115 841 quibus
1142 797 1290 831 Petrum
1316 808 1499 841 nunquam
1526 797 1660 831 Romae
1686 796 1800 831 fuisse
1826 807 1882 830 ca-

115 851 283 886 villatur“
318 852 489 895 (Thomas
521 854 720 895 Tannerus,
756 851 979 885 Bibliotheca
1005 850 1434 891 Britannico-Hibernica‚
1471 841 1621 884 Londini
1650 850 1751 890 1748,
1784 849 1882 893 281).

116 904 283 938 Coloniae
319 907 440 939 autem
476 916 507 939 a.
534 905 623 939 1525
660 907 697 938 et
725 905 814 939 1527
850 906 924 938 tres
967 903 1056 938 alios
1091 903 1243 938 Fisherii
1288 904 1398 938 libros
1442 905 1590 937 curante
1625 903 1756 937 Ioanne
1792 903 1884 937 Host

118 958 259 1002 (Horst)
300 958 342 992 de
369 958 567 992 Romberch
595 958 788 1003 kyrspensi
817 957 858 992 O.
878 958 936 991 Pr.
973 969 1018 991 ex
1044 957 1189 991 officina
1214 957 1313 991 Petri
1340 955 1517 997 Quentelii
1553 957 1715 1001 prodisse
1743 958 1884 990 constat

118 1011 282 1054 (Paulus,
316 1011 382 1045 Die
409 1011 606 1045 deutschen
633 1010 891 1045 Dominikaner
920 1010 1025 1051 140);
1058 1021 1168 1054 quare
1194 1010 1390 1044 verisimile
1416 1012 1472 1044 est
1501 1009 1799 1052 „Convulsionem
1827 1020 1883 1043 ca-

114 1064 351 1098 lumniarum“
382 1075 523 1108 quoque
550 1064 645 1098 circa
671 1064 706 1098 id
732 1067 875 1109 tempus
894 1063 1012 1098 Hostii
1039 1075 1147 1108 opera
1173 1064 1385 1108 interposita
1400 1063 1567 1098 Coloniae
1593 1074 1766 1097 excusam
1793 1074 1883 1097 esse.

123 1116 413 1158 „Convulsionis“
444 1117 591 1151 brevem
618 1128 794 1151 summam
822 1118 943 1164 posuit
970 1117 1146 1151 Reinlzold
1170 1117 1402 1160 Baumstark,
1428 1116 1522 1150 John
1548 1116 1574 1149 F
1578 1116 1685 1157 isher,
1711 1116 1885 1159 Freiburg

114 1170 135 1204 i.
155 1171 213 1204 ΒΓ.
242 1170 344 1211 1879,
373 1170 578 1210 168-17Ο;
607 1170 653 1205 cf.
682 1170 790 1204 etiam
817 1171 944 1204 Matth.
972 1171 1106 1213 Lecler,
1135 1170 1187 1203 De
1216 1169 1374 1203 Romano
1401 1169 1523 1203 Sancti
1549 1169 1649 1203 Petri
1675 1169 1883 1214 episcopatu

116 1223 322 1257 dissertatio
349 1223 532 1264 historica,
559 1223 708 1257 Lovanii
739 1223 839 1265 1888,
868 1224 995 1257 6-16,
1040 1222 1137 1263 Quod
1167 1223 1319 1267 denique
1339 1222 1505 1257 Canisius
1532 1223 1574 1256 de
1601 1221 1753 1256 Fisherii
1784 1233 1883 1266 „ope—

116 1276 215 1310 ribus
250 1276 357 1310 simul
393 1277 560 1311 9(19ῐ](1ἰ5“ι
599 1277 636 1310 in
671 1277 805 1321 optatis
840 1277 908 1310 sibi
935 1288 1014 1310 esse
1041 1276 1233 1319 significat,
1270 1276 1306 1310 id
1333 1287 1364 1311 a.
1391 1276 1492 1317 1597,
1529 1276 1572 1309 (19
1605 1275 1729 1309 latinis
1755 1274 1884 1309 saltem

117 1329 294 1374 operibus,
331 1329 496 1364 effectum
534 1332 608 1364 est:
648 1329 709 1372 „R
729 1330 769 1364 D.
790 1330 831 1364 D.
859 1330 1002 1364 Ioannis
1035 1329 1220 1370 Fischerii,
1255 1329 1434 1363 Roffensis
1468 1329 1504 1362 in
1539 1328 1672 1371 Anglia
1706 1328 1884 1373 Episcopi,

118 1381 252 1427 Opera,
289 1382 386 1424 Quae
418 1383 593 1417 hactenus
627 1383 779 1417 inueniri
806 1386 1012 1428 potuerunt,
1040 1383 1157 1417 omnia
1185 1409 1191 1417 .
1217 1410 1224 1417 .
1250 1411 1257 1417 .
1284 1382 1515 1425 Wirceburgi
1549 1382 1654 1426 Apud
1690 1381 1884 1425 Georgium

117 1435 444 1471 Fleischmannum.
470 1437 573 1470 Anno
600 1435 685 1472 Clo.
701 1437 758 1471 10.
775 1435 926 1470 XCVIP‘
958 1436 1036 1479 (20;
1065 1435 1142 1470 coll.
1165 1436 1255 1470 1772
1283 1438 1318 1469 et
1335 1436 1371 1469 ff.
1390 1447 1459 1469 non
1478 1436 1570 1478 sign.
1588 1436 1667 1478 16);
1694 1434 1753 1468 ubi
1777 1434 1884 1477 „Con-

118 1489 236 1523 vulsio
252 1489 519 1523 Calumniarum
531 1489 809 1523 VlrichiVeleni
826 1489 1106 1523 Minhoniensis‘
1130 1491 1197 1523 etc.
1224 1491 1280 1523 est
1306 1489 1371 1523 col.
1393 1488 1639 1523 1299—1371.
1670 1488 1886 1521 Prodierunt

118 1542 227 1576 etiam
257 1542 352 1584 „The
378 1542 531 1585 English
551 1542 687 1576 Works
713 1543 752 1577 of
775 1543 869 1577 John
895 1542 1031 1584 Fisher,
1058 1542 1192 1587 Bishop
1219 1542 1258 1576 of
1281 1541 1479 1576 Rochester
1507 1570 1512 1576 .
1534 1569 1540 1575 .
1562 1568 1569 1575 .
1595 1540 1685 1575 Now
1710 1541 1790 1575 first
1816 1541 1884 1575 col-

115 1595 231 1629 lected
268 1596 316 1639 by
348 1597 445 1629 John
472 1597 514 1630 Ε.
534 1597 575 1630 B.
596 1597 739 1640 Mamor,
765 1596 814 1630 M.
836 1598 888 1637 A„
925 1596 1013 1630 Part
1042 1596 1076 1630 1⁴⁴
1116 1595 1240 1639 (Early
1269 1595 1419 1638 English
1446 1595 1550 1629 Text.
1579 1594 1735 1639 Society,
1771 1594 1884 1628 Extra

119 1648 248 1690 Series,
276 1648 440 1692 XXVII),
468 1648 617 1683 Londini
647 1649 736 1683 1876
766 1649 915 1692 (Gillow
940 1649 963 1684 l.
990 1661 1019 1683 c.
1047 1649 1080 1683 H
1106 1649 1324 1692 269-270).

236 1703 269 1737 2.
298 1702 464 1736 Canisius
490 1703 525 1736 in
552 1702 619 1736 hac
644 1702 801 1747 epistula
820 1702 1091 1737 Coloniensibus
1118 1702 1220 1746 quasi
1247 1703 1282 1736 in
1309 1702 1513 1747 exemplum
1539 1702 1705 1746 proponit-
1727 1700 1883 1746 „prelum

118 1754 349 1798 Dilingense“
382 1756 417 1797 (a
444 1755 618 1789 cardinali
645 1755 844 1790 Truchsess
871 1768 901 1790 a.
926 1756 1017 1790 1568
1044 1755 1156 1789 Sociis
1183 1755 1377 1798 dilinganis
1404 1755 1585 1796 donatum,
1613 1754 1656 1788 ab
1683 1754 1739 1788 his
1765 1755 1884 1788 autem

118 1808 271 1842 Sebaldo
289 1808 417 1853 Mayer
435 1808 663 1854 typographo
689 1809 822 1852 insigni
841 1809 1038 1850 elocatum3
1065 1821 1099 1843 v.
1117 1809 1253 1853 Specht,
1272 1808 1380 1842 Univ.
1399 1807 1482 1843 Dill.
1502 1808 1656 1851 66-67)
1672 1821 1678 1847 ;
1707 1807 1773 1842 hoc
1791 1808 1884 1841 enim

117 1861 257 1906 prelum
288 1861 504 1904 „Catholicis
529 1874 598 1896 non
625 1862 702 1897 sine
728 1863 850 1896 fructu
875 1863 1041 1897 sudare‘.
1092 1861 1193 1903 Quod
1220 1863 1340 1895 autem
1374 1861 1417 1895 ad
1445 1861 1562 1895 Osorii
1587 1860 1717 1894 librum
1744 1861 1884 1903 attinet,

119 1915 363 1958 Hieronymus
382 1914 509 1949 Osorio
536 1915 809 1960 olissiponensis
836 1916 896 1959 (de
923 1927 991 1960 quo
1014 1917 1101 1950 Can.
1120 1915 1170 1949 IV
1189 1916 1290 1958 222⁵)
1322 1914 1543 1959 „Epistolam
1569 1914 1614 1948 ad
1639 1913 1884 1948 Elisabetham

118 1968 272 2011 Angli-ae
298 1968 479 2011 reginam“
510 1969 553 2002 de
579 1968 752 2011 religione
779 1969 1054 2014 conscripserat,
1082 1979 1173 2013 quae
1200 1980 1231 2002 a.
1248 1969 1339 2002 1563
1366 1968 1476 2002 latine
1495 1967 1645 2002 Parisiis
1672 1969 1706 2001 et
1725 1967 1885 2008 Lovanii,

119 2021 247 2056 deinde
273 2021 413 2064 anglice
440 2024 475 2055 et
501 2021 631 2065 gallice
658 2022 888 2067 Antverpiae,
924 2022 1084 2063 Parisiis,
1120 2021 1286 2065 Lugduni
1312 2021 1463 2065 vulgata
1490 2024 1555 2055 est.
1607 2021 1732 2055 Osorio
1764 2023 1884 2054 autem

120 2074 316 2109 Gualterus
341 2075 494 2108 Haddon
523 2075 789 2117 (1516-1572)
820 2075 1174 2118 buckinghamensis,
1202 2086 1306 2118 quem
1333 2074 1549 2119 professoris
1574 2085 1721 2108 munere
1748 2074 1783 2107 in
1808 2074 1884 2108 uni—

118 2128 355 2162 versitatibus
390 2128 670 2172 cantabrigiensi
705 2131 741 2162 et
775 2128 960 2162 oxoniensi
995 2128 1160 2162 functum
1196 2128 1405 2162 Elisabetha
1430 2128 1556 2171 regina
1585 2128 1819 2171 „magistrum
1845 2127 1885 2160 li-

115 2181 289 2216 bellorum
324 2181 547 2226 supplicum“
578 2181 827 2223 constituerat,
862 2181 1058 2226 respondit,
1097 2181 1307 2224 „Gualtheri
1335 2181 1500 2215 Haddoni
1536 2192 1598 2225 pro
1633 2180 1885 2214 reformatione

117 2235 308 2279 anglicana
344 2234 497 2279 epistola
532 2234 760 2279 apologetica
794 2235 838 2269 ad
874 2234 1132 2280 Hieronymum
1161 2235 1347 2269 Osorium“
1377 2234 1528 2268 Londini
1554 2245 1586 2269 a.
1608 2234 1698 2268 1565
1733 2233 1885 2276 vulgata

117 2288 326 2331 (Tannerus
362 2288 385 2322 l.
413 2299 441 2322 c.
470 2288 551 2322 367.
602 2289 638 2322 J.
670 2290 711 2322 G.
744 2289 812 2322 Th.
844 2290 1004 2332 Graesse,
1041 2288 1171 2323 Tresor
1210 2289 1252 2322 de
1287 2288 1399 2322 livres
1434 2299 1534 2322 rares
1572 2289 1607 2321 et
1645 2286 1815 2332 precieux
1841 2287 1883 2327 V,

117 2341 254 2375 Dresde
275 2341 375 2382 1864,
395 2341 468 2384 59).
507 2341 695 2375 Adversus
722 2341 814 2375 hanc
840 2353 926 2376 vero
945 2341 1139 2386 epistulam
1159 2341 1363 2386 Olissipone
1390 2353 1421 2376 a.
1439 2341 1528 2375 1567
1555 2341 1592 2374 in
1618 2340 1733 2374 lucem
1753 2341 1885 2374 emissa

117 2398 173 2428 est
208 2394 326 2428 Osorii
361 2396 546 2439 responsio
584 2394 754 2437 (Graesse
788 2395 811 2428 l.
843 2406 873 2429 c.
933 2396 1012 2430 Nic.
1040 2396 1238 2439 Antonius,
1273 2394 1499 2429 Bibliotheca
1533 2393 1695 2438 Hispana
1728 2405 1823 2428 nova
1858 2394 1884 2435 I,

117 2448 256 2482 Matriti
286 2448 385 2489 1783,
414 2448 518 2492 594);
547 2459 640 2492 quae
666 2459 737 2482 una
763 2460 844 2482 cum
871 2449 1031 2482 eiusdem
1058 2448 1214 2493 epistula
1240 2448 1285 2482 ad
1310 2447 1569 2488 Elisabetham‚
1596 2459 1628 2481 a.
1655 2447 1745 2481 1563
1772 2459 1793 2481 a
1818 2448 1884 2481 Po-

120 2501 223 2535 lanco
258 2502 302 2535 ad
330 2501 510 2535 Canisium
539 2503 649 2536 missa
679 2502 785 2545 (Can.
813 2501 863 2535 IV
889 2502 958 2536 222
985 2502 1082 2545 227),
1118 2502 1285 2545 Dilingae
1315 2501 1430 2535 denuo
1457 2512 1591 2535 excusa
1618 2502 1691 2534 est:
1723 2500 1884 2542 „Domini

120 2554 330 2599 Hieronymi
349 2554 477 2595 Osorii,
505 2554 672 2600 Episcopi
690 2554 879 2599 Sylvensis
905 2555 941 2588 in
960 2554 1172 2589 Gualterum
1193 2555 1417 2594 Haddonum,
1437 2554 1653 2597 Magistrum
1679 2553 1883 2588 libellorum

116 2607 319 2651 supplicum
345 2608 439 2652 apud
467 2608 706 2642 clarissimam
734 2608 938 2653 Principem
956 2608 1231 2643 Helisabetham
1250 2608 1405 2651 Angliae
1423 2607 1610 2650 Reginam,
1636 2606 1680 2640 de
1698 2606 1884 2650 Religione

116 2660 198 2694 libri
224 2663 309 2694 tres.
353 2661 521 2695 Praefixa
548 2664 605 2695 est
631 2662 790 2696 eiusdem
809 2661 1023 2706 amplissimi
1041 2664 1150 2705 atque
1168 2661 1367 2696 doctissimi
1385 2660 1454 2694 viri
1473 2659 1634 2704 epistola,
1662 2660 1706 2694 ad
1734 2660 1882 2694 eandem

117 2712 330 2757 Principem,
357 2714 560 2748 admirabili
587 2726 668 2748 cum
695 2715 900 2758 eloquentia
925 2718 1002 2749 tum
1029 2715 1164 2759 pietate
1191 2715 1405 2759 conscripta,
1432 2724 1539 2758 quam
1565 2713 1659 2747 idem
1688 2713 1883 2747 Haddonus

118 2768 253 2800 temere
279 2768 314 2799 et
341 2767 560 2801 confidenter
587 2768 865 2812 oppugnandam
891 2768 1063 2813 suscepit.
1112 2767 1212 2812 Opus
1239 2767 1520 2802 eruditissimum
1548 2770 1584 2800 et
1609 2778 1703 2800 nunc
1729 2766 1881 2812 primum

118 2819 153 2852 in
181 2818 373 2853 Germania
401 2820 546 2853 editum.
585 2820 752 2864 Dilingae
771 2821 827 2855 Ex
845 2821 991 2856 officina
1008 2821 1152 2856 Sebaldi
1170 2821 1309 2865 Mayer,
1328 2822 1429 2854 Anno
1451 2820 1552 2854 1569.
1593 2820 1681 2853 Cum
1707 2820 1882 2854 facultate

119 2870 342 2916 Ordinarij‘3
370 2873 453 2912 16⁰;
482 2873 517 2907 ff.
536 2874 615 2912 210,
643 2874 764 2908 addito
788 2874 940 2916 titulari,
967 2877 1003 2909 et
1028 2875 1063 2908 in
1091 2875 1160 2908 fine
1180 2876 1196 2909 1
1225 2874 1287 2908 fol.
1313 2885 1382 2907 non
1408 2874 1500 2916 sign.
1543 2872 1689 2907 Librum
1707 2873 1782 2907 vidi
1800 2873 1883 2907 Tre—

119 2924 218 2958 veris
245 2925 279 2957 in
306 2924 524 2958 bibliotheca
549 2926 659 2960 urbis.

239 2977 271 3011 3.
299 2977 387 3010 Post
414 2977 531 3011 Osorii
557 2977 684 3012 librum
713 2979 879 3022 Dilingae
906 2980 1005 3025 typis
1032 2980 1237 3025 exscriptus
1264 2981 1319 3013 est
1344 2979 1384 3013 P.
1412 2979 1593 3013 Francisci
1609 2978 1775 3013 Turriani
1799 2978 1833 3012 S.
1848 2978 1880 3012 J.

119 3030 210 3064 liber
239 3030 311 3071 „De
337 3029 580 3064 Hierarchicis
608 3031 934 3074 Ordinationibus“‚
971 3034 1028 3068 cui
1055 3033 1221 3068 Ganisius
1253 3033 1404 3067 multum
1439 3032 1572 3066 laboris
1607 3034 1643 3066 et
1677 3043 1783 3066 curae
1818 3031 1879 3065 im-

120 3083 312 3128 penderat;
338 3082 441 3127 plura
468 3094 501 3116 v.
529 3083 633 3123 infra,
660 3096 752 3119 mon.
780 3085 848 3119 litt.
880 3086 968 3129 (30).
