2044 3335
151 117 236 158 522
328 114 421 148 Mon.
450 114 517 148 919
543 113 621 148 sive
646 124 728 157 aug.
750 113 847 156 (bl).
892 112 945 147 Ab
972 113 1027 147 21.
1048 112 1092 146 ad
1119 112 1174 148 30.
1193 112 1283 147 Nov.
1313 113 1415 148 1567.
1459 114 1529 149 920
1553 113 1631 149 sive
1657 126 1739 159 aug.
1768 115 1805 159 (b
1820 114 1871 159 2).

873 232 915 287 b)
950 234 1191 278 contiones.

152 311 250 348 919
278 313 356 346 sive
383 320 505 355 aug.
526 308 582 354 (b
596 309 662 355 1).
737 309 792 345 Ab
818 308 864 345 21.
882 308 929 345 ad
954 308 1011 345 30.
1029 308 1241 346 Novembris
1267 309 1359 346 1567.

272 370 327 404 Ex
353 369 588 414 autographo.
625 368 666 404 G.
686 369 750 414 Ep.
769 369 853 403 Vffl
879 370 904 403 f.
926 369 1021 404 145⁶.

273 430 441 464 Canise'as
462 431 659 472 Auyustam
677 430 877 472 revertitur,
904 433 941 462 ut
963 439 1033 472 pro
1051 429 1090 462 P.
1110 429 1263 471 Roseffio
1286 430 1541 464 contionatoris
1557 441 1686 464 munus
1710 430 1749 464 in
1771 431 1913 464 ecclesia

151 483 351 517 cathedrali
375 483 610 517 administret.
664 483 902 516 Contionatur
926 484 983 515 21.
1011 483 1061 523 (et
1087 483 1191 523 30.?)
1219 483 1434 518 Novembris.

270 542 308 575 P.
340 541 579 575 Theodore'cus
607 541 774 575 Cam'sius
809 542 944 585 colleyii
977 542 1159 585 dilinyani
1193 546 1308 575 rector
1333 542 1483 585 Dilinya
1508 544 1563 576 21.
1591 543 1796 576 Novembris
1821 545 1914 577 1567

149 596 199 629 ad
230 596 268 630 S.
294 595 531 628 Franciscum
565 595 736 638 Boryiam
772 596 1014 638 praepositum
1048 595 1247 638 generalem
1290 595 1376 628 haec
1409 596 1451 628 de
1486 595 1523 629 P.
1554 596 1726 639 Greyorio
1759 596 1914 638 Roseffio

153 649 369 682 cathedralis
400 648 561 681 ecclesiae
594 652 816 691 anqustanae
850 648 1092 681 contionatore
1123 648 1280 681 rettulit:
1311 647 1529 691 Sanguinem
1555 647 1746 692 aliquoties
1771 648 1915 693 expuit:

149 701 213 736 sed
239 702 386 746 sperant
411 700 540 734 medici
568 711 736 745 praesens
763 711 831 734 non
858 700 984 734 adesse
1011 699 1221 744 periculum,
1254 712 1334 734 cum
1369 700 1602 745 probabiliter
1628 700 1809 744 colligant,
1843 713 1913 735 non

151 765 197 788 ex
222 756 367 799 pectore
392 753 456 788 sed
483 765 527 787 ex
554 753 671 797 capite
697 755 732 787 et
758 753 922 787 faucibus
956 752 1046 787 haec
1071 753 1269 797 sanguinea
1294 756 1401 798 sputa
1427 753 1593 788 deriuari.
1643 754 1731 797 Agit
1756 755 1787 788 is
1813 755 1915 798 pater

151 818 245 842 nunc
272 806 450 849 Dilingae,
475 818 558 840 nam
576 806 911 841 Reuerendissimus
936 808 1058 841 noster
1073 806 1092 848 ¹,
1119 806 1301 841 intellecto
1329 806 1367 841 P.
1387 806 1551 852 Gregorij
1578 807 1709 848 morbo,
1735 806 1913 841 Medicum

150 861 282 895 suum²
306 860 431 894 statim
456 860 658 903 Augustam
684 859 793 900 misit,
819 861 855 894 et
881 859 985 904 paulo
1011 861 1092 904 post
1117 859 1293 902 lecticam,
1320 871 1390 905 qua
1416 860 1485 894 huc
1522 860 1695 895 aduectus
1721 862 1785 902 est,
1811 859 1914 895 nobis

151 914 257 960 plane
283 913 417 958 inscijs.
467 912 592 947 Voluit
617 915 736 947 autem
765 912 966 947 Cardinalis
991 912 1027 947 in
1052 924 1118 947 sua
1143 917 1283 958 patrem
1319 913 1402 947 aula
1428 914 1550 948 viuere
1576 916 1616 948 vt
1641 913 1811 948 maiorem
1837 913 1914 948 eius

150 966 368 1001 valetudinis
394 977 516 1000 curam
542 965 683 1007 habeat,
719 978 808 1008 cum,
844 968 886 1000 vt
910 966 971 1006 ait,
1006 977 1195 1011 supremus
1221 968 1343 1001 noster
1367 978 1388 1001 a
1415 967 1454 1002 P.
1474 966 1514 1002 T.
1541 967 1760 1002 constitutus
1789 966 1836 1001 sit
1862 967 1913 1001 in-

149 1020 342 1055 firmarius.
394 1019 513 1065 Redijt
539 1031 634 1063 ergo,
660 1021 696 1054 ni
723 1019 837 1061 fallor,
873 1020 1074 1063 Augustam
1100 1022 1203 1065 pater
1233 1020 1474 1065 prouincialis,
1510 1022 1561 1062 vt,
1597 1020 1628 1055 si
1654 1031 1743 1066 opus
1768 1020 1826 1062 sit,
1854 1020 1912 1054 ab·

148 1075 265 1109 sentis
283 1073 543 1108 concionatoris
568 1073 685 1108 locum
712 1073 889 1118 suppleat.
924 1073 1012 1118 Spes
1039 1075 1094 1107 est
1120 1073 1164 1107 ad
1182 1072 1405 1108 Dominicam
1423 1074 1626 1109 aduentus³
1650 1085 1755 1119 posse
1780 1072 1914 1108 reuerti

151 1128 352 1172 Augustam
378 1127 417 1162 P.
446 1126 668 1170 Gregorium,
695 1127 835 1171 quando
860 1126 1150 1161 hebdomadatim
1175 1127 1307 1162 nostris
1332 1129 1461 1172 quater
1486 1129 1542 1162 est
1567 1127 1859 1162 concionandum.

268 1180 308 1214 P.
335 1180 515 1214 Roseffius
542 1180 612 1214 iam
640 1182 722 1214 ante
748 1180 780 1214 d.
808 1181 839 1215 8.
866 1179 1079 1214 Novembris
1106 1182 1142 1214 et
1166 1180 1378 1223 sanguinem
1413 1191 1589 1225 exspuere
1615 1182 1651 1215 et
1676 1179 1913 1215 contionando

149 1233 383 1279 supersedere
421 1235 589 1279 coeperat
626 1233 676 1276 (v.
712 1244 820 1278 supra
855 1245 887 1278 p.
927 1233 1030 1276 115);
1070 1233 1252 1267 contiones
1287 1235 1407 1267 autem
1442 1233 1574 1267 habere
1609 1233 1732 1268 debuit
1766 1233 1809 1274 9.,
1848 1233 1912 1275 16.,

149 1287 207 1322 23.
233 1285 466 1327 Novembris,
506 1286 567 1330 qui
605 1286 681 1321 dies
719 1286 885 1321 dominici
923 1288 1044 1328 erant,
1083 1288 1118 1320 et
1157 1287 1212 1321 11.
1244 1285 1458 1321 Novembris
1495 1287 1573 1321 sive
1611 1287 1668 1321 die
1706 1286 1739 1321 S.
1766 1286 1914 1321 Martini

152 1340 214 1385 (cf.
245 1341 332 1374 Can.
356 1339 407 1373 ΙΙΙ
434 1339 532 1383 617).
575 1340 627 1374 Ac
655 1339 821 1374 Canisius
847 1339 990 1384 quidem
1016 1339 1086 1373 iam
1112 1339 1144 1374 8.
1163 1338 1377 1374 Novembris
1403 1339 1601 1374 deliberare
1627 1342 1802 1385 coeperat,
1828 1350 1912 1373 num

147 1393 216 1428 sibi
250 1393 287 1427 in
321 1404 464 1427 sacrum
498 1392 598 1429 illum
624 1395 839 1437 suggestum
864 1393 1082 1427 redeundum
1110 1395 1206 1427 esset
1232 1392 1283 1435 (v,
1304 1404 1412 1438 supra
1438 1404 1472 1438 p.
1495 1393 1598 1434 115);
1624 1392 1769 1436 Dilinga
1794 1393 1827 1427 4.
1846 1391 1913 1427 De-

149 1446 302 1482 cembris
336 1446 489 1490 Borgiae
524 1445 664 1481 scribit:
707 1446 815 1489 „Cum
851 1446 944 1481 male
978 1445 1128 1480 haberet
1153 1448 1339 1490 Augustae
1374 1446 1415 1480 P.
1442 1446 1657 1490 Gregorius,
1697 1445 1913 1481 Cathedram

151 1500 278 1546 repetij
305 1501 601 1544 Augustanam“;
637 1500 762 1534 statim
798 1504 919 1534 tamen
954 1500 1071 1534 addit:
1111 1499 1200 1542 „Sed
1226 1500 1396 1534 misertus
1431 1502 1486 1534 est
1520 1500 1631 1534 nostri
1667 1500 1842 1541 dominus,
1878 1502 1914 1534 et

147 1553 300 1588 eundem
335 1553 375 1588 P.
404 1552 617 1597 Gregorium
655 1553 803 1588 sanitati
839 1556 875 1588 et
908 1553 1009 1588 nobis
1043 1553 1222 1588 restituit“
1265 1554 1314 1596 (v.
1342 1565 1450 1599 supra
1485 1565 1517 1599 p.
1547 1554 1643 1597 127).
1694 1553 1818 1598 Neque
1857 1553 1913 1587 die

148 1606 204 1642 21.
231 1606 446 1641 Novembris
472 1606 645 1649 dilingani
671 1606 763 1641 Socii
792 1606 869 1651 (qui
894 1607 1061 1651 Augusta
1087 1618 1173 1641 sane
1198 1606 1293 1641 haud
1318 1607 1441 1652 procul
1468 1606 1633 1651 aberant)
1661 1609 1758 1641 certo
1785 1617 1913 1650 cogno·

145 1662 290 1702 verant,
328 1660 511 1695 Canisium
537 1661 740 1704 Augustam
775 1661 930 1701 redisse;
966 1672 1012 1695 ex
1045 1672 1116 1705 qua
1150 1672 1188 1694 re
1223 1660 1423 1704 colligitur,
1459 1671 1540 1695 eum
1572 1672 1688 1705 neque
1717 1660 1771 1695 11.
1796 1671 1912 1705 neque

149 1714 202 1749 16.
222 1713 436 1748 Novembris
454 1714 642 1757 Augustae
667 1714 791 1749 fuisse.
825 1715 1013 1758 Philippus
1038 1716 1158 1748 autem
1182 1715 1367 1758 Fuyyeras
1400 1715 1586 1758 Augustae
1611 1714 1647 1748 in
1673 1714 1749 1748 suis
1772 1712 1911 1758 *Ephe-

145 1767 342 1802 meridibus
377 1767 538 1802 notavit:
575 1766 696 1811 [1567]
727 1767 949 1810 „Nouember
976 1794 983 1802 .
1013 1795 1020 1801 .
1049 1795 1056 1801 .
1085 1767 1127 1802 21
1155 1767 1204 1802 ist
1238 1768 1302 1802 her
1329 1767 1493 1802 Canisius
1519 1766 1614 1801 alhie
1648 1766 1907 1801 ankhommen‘

146 1820 248 1864 (cod.
277 1820 419 1854 vindob.
448 1821 538 1855 7447
565 1821 590 1855 f.
609 1818 700 1864 311³).
753 1819 869 1862 Quare
894 1821 985 1856 satis
1010 1822 1148 1855 certum
1175 1823 1240 1862 est,
1268 1820 1449 1855 Canisium
1477 1820 1532 1855 23.
1559 1820 1783 1861 Novembris,
1819 1831 1911 1865 quae

146 1876 225 1908 erat
259 1873 444 1908 Dominica
478 1874 606 1908 ultima
643 1877 725 1919 post
759 1874 1008 1916 Pentecosten,
1047 1875 1083 1908 in
1118 1873 1316 1909 cathedrali
1350 1873 1503 1909 ecclesia
1540 1873 1736 1908 orationem
1770 1884 1911 1909 sacram

146 1926 335 1968 habuisse;
362 1927 516 1962 fortasse
542 1927 599 1962 30.
626 1939 767 1972 quoque
792 1927 1007 1962 Novembris
1032 1927 1162 1962 ibidem
1189 1927 1291 1962 dixit.

146 2041 256 2078 920
283 2043 361 2078 sive
388 2051 511 2087 aug.
532 2041 677 2088 (112).
752 2042 779 2078 A
806 2043 864 2079 20.
883 2042 1077 2079 Februarii
1103 2042 1149 2079 ad
1174 2042 1219 2079 17.
1239 2041 1380 2089 Aprilis
1406 2042 1502 2078 1569.

266 2102 321 2137 Ex
347 2102 540 2137 cardinalis
566 2102 766 2137 Truchsess
792 2102 946 2148 epistula
980 2103 1177 2148 archetypa
1211 2102 1396 2148 ipsiusque
1427 2114 1535 2137 manu
1569 2101 1783 2147 subscripta,
1818 2112 1910 2146 quae

145 2158 269 2190 exstat
294 2156 330 2190 in
357 2155 440 2191 Cod.
467 2155 626 2200 gothano
655 2156 728 2199 „Nr
745 2157 834 2191 383²
866 2156 916 2200 (V.
937 2157 1026 2192 Can.
1044 2156 1095 2191 IV
1121 2157 1242 2199 Lxxn)
1271 2156 1295 2190 f.
1315 2155 1412 2197 24112,
1439 2158 1475 2190 et
1501 2168 1546 2190 ex
1571 2155 1774 2190 litterarum
1799 2166 1911 2189 annu-

144 2220 249 2243 arum
287 2208 451 2254 exemplo
477 2208 537 2243 vel
573 2208 768 2255 archetypo
793 2209 853 2244 vel
879 2210 1003 2244 eodem
1037 2212 1197 2254 tempore
1233 2209 1422 2254 descripto,
1455 2209 1547 2254 quod
1574 2211 1630 2243 est
1654 2208 1691 2242 in
1718 2207 1760 2243 G.
1786 2208 1850 2254 Ep.
1876 2207 1909 2242 X

146 2263 170 2298 f.
189 2262 261 2298 86³.
311 2262 536 2297 Truohsessii
561 2263 752 2308 epistulam
779 2275 824 2297 ex
850 2263 1046 2309 archetypo
1072 2263 1240 2306 vulgavit
1268 2263 1472 2306 Cyprianus
1499 2262 1521 2297 1.
1548 2274 1577 2297 c.
1603 2262 1684 2297 493.

269 2322 435 2356 Canisius
460 2324 642 2367 Augustae
675 2325 714 2356 in
750 2324 892 2356 ecclesia
919 2324 956 2357 S.
982 2324 1163 2366 Maurita,
1197 2327 1236 2356 ut
1261 2323 1508 2365 Fcszyyerorum
1542 2322 1716 2355 desiderio
1746 2320 1909 2364 satisfiat,

146 2376 323 2409 contiones
360 2376 682 2419 quadr-ayestmales
715 2377 923 2420 aym-editur
959 2381 990 2410 et
1026 2387 1153 2419 nia-qno
1190 2387 1268 2410 cum
1308 2376 1432 2417 fructu
1469 2375 1582 2408 habet.
1631 2375 1677 2408 In
1713 2385 1790 2407 eam
1827 2384 1909 2407 con-

145 2431 343 2462 tionatores
385 2433 620 2472 protestantes
660 2434 731 2463 tam
774 2430 987 2464 vehementer
1028 2430 1201 2474 populum
1244 2430 1413 2472 incitant,
1462 2432 1502 2463 ut
1543 2439 1565 2461 a
1606 2428 1817 2470 mayistrata
1857 2438 1908 2461 re·

143 2482 424 2525 prehendantar.

267 2548 514 2590 Cardinalis
547 2548 638 2590 Otto
674 2549 902 2591 Truchsess
935 2550 1147 2604 episcopus
1186 2553 1450 2604 auqustanus
1483 2548 1618 2589 Roma
1649 2548 1720 2589 29.
1755 2545 1909 2587 Martii

149 2614 263 2655 1569
304 2613 519 2654 cardinali
550 2614 765 2656 Stanz'slao
804 2615 936 2656 Hosio
978 2615 1164 2669 episcopo
1204 2614 1435 2655 varmiensi
1471 2613 1663 2667 scripsit:
1714 2609 1908 2654 Canisius

147 2680 296 2719 noster
327 2677 465 2719 Roma
496 2677 581 2719 iam
615 2678 836 2733 profectus
877 2681 965 2729 est,
1008 2678 1173 2731 Deique
1214 2678 1392 2720 uerbum
1434 2691 1592 2729 magno
1633 2690 1729 2719 cum
1761 2675 1908 2718 fructu

147 2741 374 2794 Augustae
415 2742 651 2796 praedicat.
721 2745 778 2787 Et
809 2744 859 2787 P.
891 2745 1162 2786 Wendclz'nus
1202 2744 1326 2786 Volck
1357 2743 1400 2785 S.
1432 2743 1476 2785 J.
1511 2744 1555 2784 in
1599 2742 1746 2784 domus
1786 2742 1829 2784 S.
1861 2741 1906 2784 J.

148 2812 411 2859 aufszcstanae
440 2809 590 2849 litteris
613 2811 772 2851 annuis
793 2811 985 2865 Auyusta
1008 2811 1077 2851 31.
1102 2810 1285 2864 Auyasti
1307 2810 1422 2850 1569
1455 2808 1568 2849 datis
1600 2821 1691 2849 cum
1714 2808 1765 2848 de
1787 2820 1907 2848 sacro

144 2877 338 2925 suyyestu
380 2873 571 2914 ecclesiae
612 2874 890 2927 cathedralis,
933 2888 1052 2929 quem
1085 2874 1134 2916 P.
1169 2874 1400 2928 Greqortus
1432 2872 1643 2927 Roscffizcs
1675 2873 1719 2916 S.
1751 2871 1794 2914 J.
1829 2872 1905 2912 ad-

270 2987 279 3006 ¹
306 2985 505 3021 Cardinalis
532 2987 617 3023 Otto
642 2989 853 3024 Truchsess.

267 3038 280 3059 2
304 3038 513 3073 Famianum
539 3041 756 3076 Massarium
782 3042 825 3076 de
852 3042 1040 3077 Gallesio‘?
1091 3042 1144 3077 Cf.
1174 3044 1261 3077 Can.
1281 3041 1314 3075 V
1340 3041 1408 3076 309
1436 3042 1514 3077 380.

268 3092 280 3111 ³
305 3091 425 3125 Prima
451 3091 636 3128 Dominica
660 3095 848 3129 Adventus
873 3095 996 3130 futura
1021 3097 1099 3130 erat
1125 3095 1179 3130 30.
1206 3094 1431 3129 Novembris.
