2044 3335
578 100 790 136 Vindobona
817 101 912 135 circa
938 100 970 135 d.
994 100 1046 134 10.
1067 98 1222 142 Augusti
1244 99 1346 132 1567.
1817 101 1841 140 5

71 221 300 268 pereqrinari
317 231 359 253 ac
379 230 610 263 perseverare
631 220 823 262 pulsando,
851 219 969 262 quoad
995 217 1129 251 alicubi
1152 217 1294 250 tandem
1321 217 1449 249 ostium
1476 227 1519 249 ex
1544 221 1619 249 voto
1640 217 1842 259 pandatur.

77 277 316 322 „Franciscus
334 274 525 315 Antonius,
552 273 615 315 qui
633 277 662 305 et
678 273 791 314 fama,
810 277 840 305 et
858 274 932 305 iam
947 282 1015 305 saa
1033 272 1253 313 eoepere'entia
1272 272 1438 302 virtutem
1456 270 1707 302 adolescentuli
1732 273 1845 302 aetate

76 329 305 364 maturiorem
333 330 450 368 norat,
479 326 659 368 planeque
690 326 806 357 videre
831 325 899 358 siba·
924 326 963 357 in
990 330 1054 358 east
1071 323 1133 365 [ἓ]
1158 323 1344 356 videbatur
1378 323 1606 355 dexterae
1641 322 1843 355 excelsffl

77 393 174 426 opus,
208 381 332 414 multis
366 380 440 412 Deo
473 379 581 420 factis
611 378 788 421 precibus,
824 379 963 411 demum
998 377 1192 419 respondit,
1229 387 1376 419 sperare
1409 387 1454 419 se,
1492 375 1524 408 si
1560 376 1759 418 Aagyastam
1797 376 1845 407 ad

80 435 263 470 Cam'sium
287 432 488 475 super-ioris
518 431 733 464 Germaniae
759 431 1039 473 Proumeialem,
1075 431 1126 463 vel
1151 430 1199 462 ad
1225 434 1431 472 extremum,
1466 429 1618 462 Romam
1649 429 1697 462 ad
1721 429 1844 461 Fran-

77 491 205 522 cis-eam
230 486 403 529 Bor-qiam
434 484 643 517 Generalem
670 484 919 526 Praepositum
942 486 1115 527 peryeret,
1151 483 1195 515 ab
1231 493 1352 515 eorum
1379 483 1554 515 alterutro
1581 486 1757 525 receptum
1784 483 1844 514 iri.

77 541 223 576 Nullam
249 540 341 573 enim
357 538 623 580 formidaturos
640 539 832 580 inuidiam,
850 539 883 570 si
900 538 1150 570 adolescentem
1162 540 1245 579 post
1262 540 1335 568 tam
1353 536 1494 578 louyam
1512 536 1845 579 pereyrinationem,

75 600 147 629 tam
166 593 298 636 procul
315 592 428 635 domo,
455 595 486 624 et
512 591 669 623 omnium
696 601 820 624 rerum
847 601 991 634 qaenam
1009 587 1243 632 sascvpiantf‘
1271 589 1386 622 Paulo
1412 589 1525 631 iyilm·
1537 592 1620 632 post
1640 588 1846 622 Stanislaus

77 647 248 692 „acceptis
273 656 315 678 ex
340 645 538 678 Francisco
565 644 724 677 Antonio
751 645 799 676 ad
827 644 1024 686 Canisium,
1051 647 1081 676 et
1107 643 1280 686 Boryiam
1306 643 1422 675 literis
1447 643 1515 675 iter
1543 639 1780 685 inyredsitmss.

192 715 424 750 Franciscum
444 714 641 748 Antonium
660 713 843 748 Stanislao
870 713 1013 747 litteras
1040 712 1358 747 commendaticias
1385 712 1429 746 ad
1450 711 1633 747 Canisium
1651 710 1846 745 tradidisse

78 770 234 805 affirmat
261 769 369 803 etiam
396 768 436 802 P.
463 769 629 802 Urbanus
654 768 829 802 Ubaldz'ni
855 766 889 801 S.
919 767 964 807 J.,
1003 766 1074 810 qui,
1102 778 1133 800 a.
1164 766 1255 800 1662
1282 765 1326 799 ad
1353 766 1547 809 gerendam
1575 765 1846 808 urgendamque

78 825 112 858 in
138 823 237 857 curia
263 833 410 856 romana
436 832 582 855 causam
610 821 891 854 canonizationis
918 819 1089 855 Stanislai
1116 822 1192 853 tum
1220 819 1264 853 ab
1291 819 1424 852 Ioanne
1451 818 1563 852 Paulo
1592 816 1701 852 Oliva
1729 817 1846 852 Socie-

75 876 161 911 tatis
187 875 392 920 praeposito
419 874 590 918 generali,
626 876 703 908 tum
739 874 784 908 ab
821 874 953 908 Ioanne
981 873 1155 909 Casimiro
1183 872 1354 906 Poloniae
1389 883 1475 915 rege
1501 872 1733 912 constitutus,
1769 871 1845 906 Sta·

76 929 181 964 nislai
206 929 320 963 vitam
356 927 571 972 conscripsit
606 939 652 961 ex
677 927 803 961 multis
838 927 1009 972 purisque
1036 927 1196 961 fontibus
1221 925 1404 960 historicis
1430 925 1611 960 haustam.
1662 924 1731 966 Qui
1756 924 1847 958 haec

76 983 191 1017 addit:
231 981 326 1024 „Nec
360 981 557 1026 praeterire
583 980 715 1015 vellem
753 983 911 1015 tenorem
946 980 1152 1015 litterarum
1188 979 1392 1021 adnectere,
1429 990 1522 1023 quas
1556 990 1679 1013 secum
1706 978 1792 1012 tulit
1826 989 1847 1012 a

77 1035 264 1070 Francisco
289 1035 444 1069 Antonio
472 1034 587 1075 datas,
621 1033 692 1068 nisi
728 1045 788 1068 eas
823 1033 943 1068 nescio
980 1046 1049 1078 quo
1084 1034 1160 1067 fato
1196 1033 1375 1078 quispiam
1411 1032 1488 1066 loco
1524 1044 1589 1066 suo
1624 1031 1846 1072 sustulisset,

75 1089 245 1124 memoria
270 1090 411 1123 tantum
439 1088 533 1132 quod
559 1087 716 1122 fuissent
741 1087 888 1121 relicta“
922 1087 1024 1130 (Vita
1051 1088 1086 1121 et
1113 1086 1286 1120 miracula
1319 1086 1354 1120 S.
1382 1085 1554 1120 Stanislai
1581 1085 1755 1125 Kostkae,
1792 1084 1846 1119 ed.

75 1145 164 1186 Amy.
184 1143 305 1177 Arndt
323 1142 356 1176 S.
374 1142 428 1176 J.:
449 1141 626 1175 Analecta
644 1140 880 1175 Bollandiana
899 1141 959 1181 XI,
979 1140 1170 1175 Bruxelles
1188 1140 1289 1180 1892,
1308 1140 1377 1173 437
1396 1140 1495 1183 439).
1531 1139 1599 1173 Illa
1626 1141 1747 1173 autem
1774 1139 1846 1183 epi-

75 1196 179 1238 stula,
207 1207 277 1240 qua
296 1195 473 1229 Antonius
493 1195 646 1239 Borgiae
674 1195 949 1229 commendabat
974 1194 1206 1235 Stanislaum,
1234 1193 1347 1227 Roma
1374 1194 1409 1227 in
1428 1193 1643 1238 Hispaniam
1668 1191 1847 1226 translata

75 1260 153 1284 esse
179 1249 340 1287 videtur:
380 1260 459 1283 eam
486 1248 580 1282 enim
608 1260 652 1282 ex
680 1248 852 1282 Stanislai
879 1248 957 1282 vita
982 1247 1169 1292 hispanice
1196 1259 1216 1281 a
1244 1247 1282 1281 P.
1314 1248 1481 1281 Gabriele
1506 1248 1548 1280 de
1574 1248 1730 1280 Aranda
1758 1245 1792 1280 S.
1813 1246 1846 1280 J.

76 1302 216 1347 Hispali
255 1313 287 1337 a.
316 1302 407 1337 1678
445 1303 542 1336 edita
581 1302 777 1346 exscripsit
811 1303 854 1335 L.
892 1302 1021 1335 Michel
1056 1301 1090 1335 S.
1119 1301 1164 1341 J„
1203 1300 1271 1335 Vie
1311 1300 1353 1334 de
1391 1300 1442 1335 St.
1479 1299 1659 1334 Stanislas
1695 1299 1846 1339 Kostka,

77 1355 214 1391 Societe
241 1355 283 1389 de
310 1355 612 1399 Saint-Augustin
642 1355 743 1396 1900,
772 1354 931 1395 67-68;
972 1355 1121 1389 eandem
1149 1356 1319 1399 posuerat
1346 1355 1456 1388 etiam
1483 1354 1523 1388 P.
1551 1354 1848 1388 Bartholomaeus

75 1411 116 1444 de
142 1410 301 1444 Alcazar
327 1408 361 1443 S.
390 1409 433 1450 J.,
474 1408 793 1443 Chrono-Historia
833 1408 876 1442 de
912 1408 947 1442 la
974 1407 1171 1453 Compafiia
1198 1408 1240 1442 de
1268 1408 1394 1449 Jesus,
1433 1419 1477 1442 en
1512 1407 1548 1441 la
1584 1406 1769 1452 provincia
1805 1406 1848 1439 de

75 1462 205 1498 Toledo
231 1463 274 1504 ΙΙ,
300 1463 442 1497 Madrid
472 1463 574 1504 1710,
604 1463 668 1497 185
699 1462 754 1505 (C.
784 1463 1040 1506 Sommervoyel
1065 1462 1101 1496 S.
1121 1462 1166 1503 J„
1194 1461 1285 1496 Bibl.
1312 1461 1328 1495 I
1353 1461 1454 1504 442).
1506 1460 1619 1502 Quam
1654 1459 1846 1505 epistulam

76 1528 155 1552 cum
183 1516 236 1551 10.
257 1516 413 1560 Augusti
441 1517 529 1551 1567
558 1516 679 1550 datam
707 1527 786 1550 esse
813 1518 964 1557 constet,
991 1515 1114 1550 eodem
1142 1516 1218 1549 fere
1244 1518 1406 1560 tempore
1432 1515 1531 1549 illam
1558 1526 1699 1559 quoque
1726 1514 1847 1548 datam

75 1581 153 1605 esse
179 1570 396 1604 censendum
423 1572 489 1611 est,
516 1581 623 1614 quam
643 1569 819 1604 Antonius
839 1569 982 1604 Canisio
1001 1569 1111 1604 misit.
1146 1569 1186 1603 In
1205 1569 1299 1603 idem
1322 1572 1466 1614 tempus
1493 1568 1713 1602 conveniunt
1738 1567 1847 1602 etiam

74 1623 233 1668 reliquae
268 1625 467 1668 temporum
503 1623 682 1663 rationes;
721 1635 804 1657 nam
840 1623 1045 1657 Stanislaus
1085 1622 1163 1667 ipso
1198 1622 1259 1656 illo
1298 1623 1329 1657 d.
1359 1623 1414 1657 10.
1441 1621 1599 1666 Augusti
1634 1621 1848 1656 Vindobona

75 1676 259 1720 aufugisse
286 1677 430 1711 videtur
457 1676 518 1720 (cf.
549 1677 678 1710 Miehel
703 1676 725 1711 l.
754 1689 784 1711 c.
811 1677 886 1720 66).

195 1729 395 1772 Caeterum,
422 1731 507 1775 quid
536 1730 678 1765 Canisio
707 1731 749 1764 de
777 1730 958 1765 Stanislao
983 1730 1171 1775 scripserit
1188 1729 1378 1771 Antonius,
1406 1729 1527 1773 colligi
1553 1730 1674 1774 potest
1698 1730 1776 1762 tum
1803 1739 1847 1761 ex

76 1783 193 1818 verbis
212 1783 388 1826 Sacchini,
415 1795 508 1828 quae
524 1785 629 1818 modo
647 1784 759 1829 posui,
786 1787 864 1818 tum
890 1796 936 1818 ex
954 1784 1087 1818 litteris
1105 1785 1233 1818 annuis
1252 1784 1395 1827 collegii
1413 1782 1703 1823 vindobonensis,
1715 1781 1846 1816 Vindo—

75 1838 165 1872 bona
193 1837 223 1872 1.
251 1837 472 1882 Septembris
501 1839 590 1873 1567
618 1849 639 1872 a
658 1839 890 1883 „I‘Volfyanyo
908 1836 1132 1882 Pyrrinyer“
1153 1837 1186 1872 S.
1208 1838 1241 1871 J.
1272 1849 1338 1880 „ex
1364 1836 1615 1871 commissione
1638 1835 1680 1870 R.
1699 1835 1739 1870 P.
1759 1835 1846 1869 Rec-

74 1891 180 1925 toris“
203 1891 316 1932 datis;
336 1903 488 1936 quarum
508 1892 619 1926 verba
637 1894 836 1937 posuerunt
854 1893 1066 1936 Ubaldinus,
1085 1891 1190 1925 Anal.
1210 1891 1295 1926 XIV
1314 1890 1513 1932 301—302,
1533 1892 1569 1924 et
1588 1890 1728 1933 Michel,
1747 1889 1845 1923 Stan.

75 1944 211 1979 75—77
241 1944 417 1988 (gallice).

191 1997 364 2041 Tradunt,
401 1998 622 2033 Stanislaum
650 2000 854 2041 Augustam
881 1998 1151 2033 Vindelicorum
1180 1998 1218 2033 P.
1246 1998 1431 2032 Francisci
1458 1997 1605 2032 Antonii
1641 2007 1752 2031 suasu
1787 2007 1845 2040 pe-

73 2051 160 2086 tisse
197 2052 424 2096 (Sat-chinus,
460 2051 559 2087 Stan.
588 2052 644 2087 20.
696 2053 899 2087 Ubazdinus
933 2052 955 2087 l.
984 2063 1013 2086 c.
1041 2052 1090 2086 XI
1117 2052 1215 2096 437).
1254 2052 1336 2086 inde
1374 2054 1505 2093 autem,
1547 2063 1627 2085 cum
1664 2049 1847 2084 Canisium

75 2104 237 2149 Dilingae
263 2106 401 2140 versari
428 2106 675 2151 comperisset,
712 2106 896 2150 Dilingam
932 2107 1057 2140 statim
1088 2106 1208 2141 adisse
1234 2106 1354 2150 ibique
1381 2106 1528 2140 Antonii
1563 2105 1705 2139 litteras
1731 2103 1846 2138 eidem

73 2159 263 2194 tradidisse
293 2160 512 2203 (Ubaldinus
537 2159 558 2194 l.
587 2172 617 2194 c.
644 2160 863 2204 440—441).
901 2160 1053 2194 Constat
1079 2172 1165 2194 vero
1191 2159 1375 2194 Canisium
1404 2160 1447 2193 ab
1478 2160 1507 2193 1.
1534 2158 1579 2193 ad
1608 2159 1661 2192 19.
1689 2157 1847 2201 Augusti

73 2211 281 2257 Oeniponte,
316 2213 384 2248 sub
411 2213 466 2247 21.
496 2214 652 2256 Augusti
680 2213 874 2255 Monachii,
910 2213 966 2248 27,
993 2214 1152 2257 Augusti
1178 2214 1380 2257 Augustae,
1423 2213 1451 2247 1.
1480 2212 1702 2258 Septembris
1728 2210 1845 2254 Ingol-

72 2266 179 2300 stadii
205 2267 336 2307 fuisse;
363 2269 524 2301 attamen
551 2267 629 2300 fieri
656 2269 808 2312 poterat,
837 2270 878 2301 ut
903 2268 1116 2301 intermedio
1142 2269 1304 2311 tempore
1330 2267 1376 2301 ad
1403 2267 1478 2301 dies
1505 2266 1642 2310 aliquot
1660 2265 1845 2308 Dilingam

73 2323 288 2361 excurreret,
320 2320 381 2354 vel
412 2322 453 2354 ut
479 2321 647 2364 Augusta
674 2321 935 2365 Ingolstadium
963 2323 1092 2366 petens
1118 2333 1182 2366 per
1207 2320 1391 2364 Dilingam
1417 2320 1602 2354 transiret.
1654 2319 1845 2353 Caeterum

71 2372 152 2407 vide
177 2373 281 2415 infra,
309 2385 401 2408 mon.
430 2374 490 2409 dil.
520 2374 586 2418 (2).

188 2427 328 2461 Addam
356 2439 472 2472 pauca
498 2440 544 2461 ex
569 2427 648 2462 vita
674 2427 846 2462 Stanislai
883 2439 904 2462 a
930 2428 1005 2462 RR.
1033 2428 1105 2462 ΡΡ.
1132 2427 1403 2473 Hagiographis
1430 2426 1676 2461 Bollandianis
1711 2436 1846 2471 paucos

72 2481 153 2514 ante
179 2492 291 2515 annos
316 2483 471 2526 reperta,
508 2492 600 2525 quae
637 2484 673 2515 et
699 2481 857 2515 omnium
885 2481 1001 2527 prima
1037 2486 1093 2516 est
1120 2484 1156 2516 et
1182 2481 1362 2515 maximae
1398 2483 1455 2515 est
1480 2479 1729 2520 auctoritatis3
1766 2480 1845 2524 ipso

73 2533 164 2567 enim
190 2545 221 2569 a.
252 2534 353 2575 1568,
390 2546 460 2579 quo
487 2534 691 2569 Stanislaus
717 2534 852 2569 Romae
879 2537 956 2569 vita
983 2535 1149 2577 decessit,
1177 2535 1382 2580 conscripta
1409 2537 1464 2568 est
1491 2534 1622 2568 ibidem
1649 2545 1670 2568 a
1698 2533 1738 2567 P.
1766 2534 1844 2567 Sta-

73 2588 188 2622 nislao
214 2588 411 2622 Varsevitio
438 2587 473 2622 S.
490 2589 511 2623 J
516 2616 534 2629 .‚
563 2588 639 2622 viro
666 2588 946 2633 prudentissimo
974 2590 1010 2623 et
1036 2589 1205 2623 veritatis
1232 2589 1491 2630 amantissimo,
1520 2588 1580 2632 qui
1607 2599 1688 2622 cum
1714 2599 1845 2631 regens

71 2641 305 2676 cancellariae
330 2642 432 2685 regni
459 2642 631 2676 Poloniae
666 2643 798 2676 fuisset
832 2644 868 2676 et
900 2642 1147 2687 episcopatum
1177 2642 1339 2686 aliasque
1367 2642 1565 2685 dignitates
1600 2641 1668 2676 sibi
1704 2641 1845 2675 oblatas

71 2698 290 2736 recusasset,
325 2696 542 2730 Societatem
578 2696 660 2730 Iesu
696 2695 901 2739 ingressus,
941 2708 1021 2730 cum
1059 2695 1092 2730 S.
1121 2696 1302 2730 Stanislao
1338 2695 1473 2730 Romae
1507 2695 1544 2729 in
1580 2696 1704 2730 eadem
1740 2695 1844 2729 domo

70 2747 223 2782 tirocinii
257 2760 372 2793 usque
408 2749 452 2783 ad
483 2750 560 2784 eius
586 2751 738 2783 mortem
765 2749 995 2783 familiariter
1022 2752 1191 2784 versatus
1218 2752 1284 2784 est.
1335 2750 1392 2784 Ita
1417 2750 1530 2793 igitur
1555 2750 1775 2783 Varsevz'tius
1800 2749 1844 2782 de

71 2799 269 2837 Stanislao:
311 2803 447 2845 „Inscio
482 2803 597 2837 fratre
631 2814 674 2837 ac
706 2803 943 2847 paedagog02
980 2806 1016 2837 et
1051 2803 1144 2837 clam
1180 2803 1345 2838 omnibus
1379 2803 1657 2844 convictoribus,
1693 2802 1844 2837 Domino

71 2853 143 2889 Deo
177 2866 216 2890 se
251 2857 514 2898 commendans,
541 2856 681 2891 Vienna
707 2857 817 2901 pedes
848 2856 1042 2900 egreditur,
1079 2868 1121 2891 ac
1146 2856 1245 2891 solus
1355 2857 1475 2891 itineri
1501 2868 1540 2891 se
1567 2857 1772 2900 Augustam
1799 2856 1843 2890 ad

188 2942 217 2975 a)
238 2944 304 2976 Sic;
323 2945 528 2976 corrigendum
548 2952 609 2970 esse
632 2945 764 2970 videtur:
785 2952 829 2971 eo.

190 3051 198 3070 1

187 3104 200 3124 ²
226 3050 505 3140 PisiiilloG’Klolstka
531 3108 567 3140 et
592 3105 723 3140 Ioanne
752 3105 918 3150 Bylinski
947 3105 1140 3149 (Bilenski)
1172 3106 1389 3149 (Ubazdmus
1414 3105 1437 3140 l.
1465 3117 1494 3140 c.
1521 3105 1740 3148 430—431).
