2044 3335
116 97 216 131 1473.
244 96 407 130 Ferd.11.
429 95 513 130 Can.
543 95 648 137 1.s18.
669 95 759 138 Aug.
783 95 883 130 1567.
934 96 1034 130 1474.
1063 95 1148 130 Can.
1168 95 1270 129 Ferd.
1289 95 1333 128 II.
1360 94 1468 137 aslss.
1489 95 1580 136 Aug.
1603 95 1705 129 1567.
1807 98 1832 137 3

67 225 167 259 quem
192 213 380 256 Monac-hij
412 215 597 247 inuentum
633 213 819 255 capiebant
844 215 961 247 nostri
987 213 1291 256 anolstadtenses
1325 213 1373 245 ad
1399 213 1628 245 tractandam
1654 212 1728 245 illic
1755 224 1834 245 cum

71 267 230 301 Dominis
257 267 487 308 Consiliarijs
521 266 711 299 «laicalibus
746 267 787 299 de
820 268 896 299 sais
930 266 1209 308 controuersijs¹
1236 266 1468 305 academicis)
1496 265 1739 308 Monac-hinni,
1776 265 1835 298 hio

66 322 191 354 missus
216 320 315 353 nobis
337 321 448 363 paulo
478 323 559 352 ante
582 320 705 361 ficerat
731 321 835 362 quasi
863 322 931 352 iam
964 324 1044 362 post
1069 323 1228 361 suscepta
1255 320 1424 351 exercitia
1448 319 1659 361 spiritualia
1690 319 1833 351 omnino

64 374 264 407 emendatus
298 377 381 406 esset
410 377 440 406 et
466 376 623 406 mutatus
648 374 687 405 m
714 374 831 405 viram
858 373 1022 415 alterum,
1057 373 1107 405 sic
1134 374 1225 405 enim
1260 383 1280 404 a
1308 372 1349 405 Ρ.
1382 372 1620 404 leeodorico²
1646 372 1832 405 videbatur

65 427 312 468 commendari
321 423 338 440 “

67 540 213 577 1473.
335 537 829 575 FERDINANDUS
869 538 944 574 II.
985 539 1179 581 archidux,
1222 539 1389 585 princeps
1432 540 1599 574 Austriae
1642 540 1836 585 superioris

253 593 454 627 CANISIO.
943 592 1143 637 Oeniponte
1170 593 1264 627 inter
1294 594 1323 627 1.
1352 596 1387 627 et
1417 594 1469 627 18.
1498 594 1653 637 Augusti
1684 594 1786 628 1567.

182 659 236 692 Ex
262 657 386 691 Lanoii
412 656 645 701 autographo.
691 656 732 690 G.
762 657 824 702 Ep.
844 657 930 691 VllI
957 657 981 692 f.
1004 657 1097 692 193³.

184 713 238 746 De
263 712 401 754 colleyii
426 712 658 754 oem'pontcmi
684 712 889 744 auditoriis.

180 777 219 810 P.
247 777 419 809 Nicotaus
444 776 610 809 Lanoins
636 776 671 808 S.
691 776 729 808 J.
757 779 872 808 rector
898 776 1036 818 colleyif
1062 776 1294 818 oem'pontani
1323 776 1513 818 Oeniponte
1539 778 1594 809 23.
1624 776 1835 819 Septembris

67 833 156 864 1567
191 831 238 863 acl
265 831 303 863 S.
331 830 568 862 Franciscmn
594 830 768 872 Boi-ysam
797 829 1045 872 praepositum
1079 829 1279 872 9eneralem
1315 829 1400 861 haec
1435 831 1572 862 rettulit
1608 830 1648 862 de
1674 830 1777 862 rebus
1812 840 1834 862 a

67 885 210 918 Canisio
221 885 429 926 praeposito
444 884 664 926 provinciali
686 883 876 925 OenspOnte
892 885 1030 916 1.—18.
1048 884 1203 925 Auyasti
1217 885 1310 915 1567
1326 883 1414 925 (qno
1433 887 1585 926 tempore
1603 885 1634 916 is
1652 884 1834 926 eolleyium

62 938 243 978 visitabat)
280 948 358 970 cum
384 937 619 969 Fer-dinando
649 936 696 969 H.
725 937 926 977 archiduce,
965 936 1098 969 Tirolis
1125 937 1365 979 Acasti-[aeque
1389 938 1529 969 (naticae.
1548 938 1717 979 principe
1742 941 1834 969 trac-

63 993 166 1025 tatis:
199 990 377 1035 „Essendo
412 990 440 1022 il
476 989 510 1023 P.
539 990 670 1022 Nostro
700 990 929 1022 Prouinciale
963 990 1020 1022 nel
1055 1000 1144 1022 mese
1179 990 1370 1031 d’auyosto
1396 989 1490 1022 nella
1516 990 1617 1022 visita
1653 991 1692 1022 (li
1717 994 1834 1033 questo

67 1045 216 1087 Colleyio
243 1048 272 1076 et
298 1044 517 1077 trattandose
535 1054 605 1085 per
630 1044 746 1076 scritti
772 1044 823 1076 col
843 1043 996 1086 Sz'ynore
1014 1043 1224 1076 Arc-hidam
1250 1047 1373 1075 nostro
1399 1043 1438 1075 di
1463 1043 1603 1076 cliuerse
1629 1054 1715 1085 cose,
1741 1044 1832 1076 della

61 1098 294 1131 translatione
320 1098 358 1129 di
383 1100 501 1140 questo
531 1095 692 1140 Colleyz'07
728 1101 757 1129 et
783 1097 876 1129 (Zella
903 1107 985 1129 casa
1012 1097 1051 1129 (li
1075 1097 1210 1139 noctitij
1234 1098 1272 1129 z'n
1299 1097 1410 1137 Ham,
1445 1098 1518 1138 fece
1554 1097 1589 1129 S.
1618 1097 1743 1129 Alteza
1781 1098 1834 1129 in-

61 1152 223 1185 tendere³
249 1151 308 1183 elie
334 1151 544 1183 desiderum
570 1150 608 1182 (li
633 1151 722 1183 dare
747 1150 778 1182 le
803 1150 918 1183 scuole
944 1154 1063 1182 nostre
1089 1151 1156 1183 alli
1175 1150 1212 1182 F
1212 1151 1420 1182 ranetscani
1433 1150 1454 1190 3,
1483 1151 1595 1182 salm's
1621 1154 1737 1182 tamen
1762 1150 1833 1182 sal-

64 1205 191 1238 uandis
225 1208 256 1237 et
281 1204 374 1237 oltra
409 1204 447 1236 di
481 1208 599 1246 questo
635 1214 728 1236 come
754 1204 987 1236 consultando
1013 1204 1242 1236 domcmdauo
1279 1214 1371 1236 come
1405 1207 1436 1235 et
1461 1205 1550 1236 «lone
1583 1205 1615 1235 si
1635 1205 1833 1246 poti-lamio

61 1259 225 1300 edificare
251 1262 281 1290 et
300 1268 442 1300 parare
467 1258 617 1300 altroue,
643 1268 772 1299 mione,
799 1257 847 1290 Li
871 1258 916 1299 fu
932 1258 1085 1299 risposto
1103 1257 1163 1290 che
1181 1257 1436 1299 comprandose
1454 1258 1494 1289 ui
1511 1267 1580 1289 vna
1599 1268 1680 1290 casa
1696 1258 1834 1300 yrmzde

62 1312 229 1345 contituta
265 1322 285 1343 a
322 1315 442 1354 questa
477 1310 695 1343 habitatione
731 1315 760 1343 et
796 1310 910 1343 chiesa
938 1314 1074 1354 nostra,
1109 1311 1141 1343 si
1172 1312 1370 1353 poto-ianne
1406 1311 1673 1344 accommodare
1699 1311 1834 1344 bunnae

60 1367 183 1409 scuole,
214 1365 295 1398 Non
315 1375 425 1407 passo
450 1367 570 1407 questa
597 1374 675 1396 cosa
705 1362 863 1397 inanzif‘

62 1480 209 1518 1474.
317 1480 534 1517 CANISIUS
573 1479 1029 1516 FERDINANDO
1070 1480 1145 1515 Il.
1185 1481 1389 1521 archiduci‚
1429 1481 1599 1514 Austriae
1637 1481 1832 1526 superioris

249 1535 412 1581 principi.
938 1534 1141 1580 Oeniponte
1167 1535 1262 1568 inter
1288 1536 1320 1568 2.
1349 1537 1385 1568 et
1413 1534 1466 1568 18.
1495 1535 1653 1578 Augusti
1682 1536 1783 1569 1567.

180 1613 332 1655 Colleyio
358 1614 594 1656 oempontano
621 1613 712 1646 bona
738 1613 925 1646 auditoria
949 1613 1082 1655 parari
1102 1622 1216 1655 posse,
1252 1613 1284 1644 si
1310 1613 1411 1645 aedes
1437 1613 1612 1655 quaedam
1638 1613 1778 1655 amplae
1803 1618 1833 1646 et

60 1668 199 1710 colleyio
226 1668 433 1700 coniunctae
458 1671 622 1700 emantur
648 1671 707 1700 etc.
742 1667 858 1700 Plura
884 1667 961 1699 vide
986 1668 1026 1699 in
1052 1666 1203 1709 epistula
1228 1667 1414 1708 superiore
1440 1666 1495 1706 (n.
1525 1667 1648 1706 1473).

176 1742 345 1776 Fortasse
372 1741 538 1777 Canisius
564 1754 627 1787 per
653 1742 720 1776 has
746 1742 889 1776 litteras
915 1741 949 1775 id
977 1753 1118 1786 quoque
1145 1741 1249 1786 petiit
1287 1741 1349 1783 (cf.
1376 1741 1471 1776 infra
1506 1754 1538 1787 p.
1567 1742 1617 1785 8),
1655 1743 1747 1786 quod
1785 1743 1828 1777 ab

60 1796 176 1841 aliquo
203 1808 248 1830 ex
275 1795 389 1830 Sociis
415 1795 663 1840 oenipontanis
689 1796 725 1829 in
753 1795 1018 1829 Commentario
1049 1794 1122 1837 „De
1148 1798 1229 1828 ortu
1265 1797 1300 1829 et
1325 1807 1521 1840 progressu
1549 1795 1699 1842 Collegij
1727 1796 1831 1830 Oeni-

60 1850 224 1896 pontani“
255 1849 350 1884 circa
376 1849 517 1883 initium
544 1860 576 1883 a.
607 1849 696 1884 1568
730 1849 880 1883 Romam
915 1849 959 1882 ad
996 1849 1030 1884 S.
1058 1848 1290 1882 Franciscum
1318 1849 1487 1892 Borgiam
1516 1850 1650 1883 misso⁴¹
1678 1862 1828 1884 comme—

59 1906 234 1939 moratur:
273 1902 456 1948 „Aedificij
485 1902 633 1948 Collegij
670 1905 777 1937 antea
812 1903 980 1947 promissi
1016 1903 1252 1936 fundamenta
1279 1902 1413 1937 Caesar
1446 1902 1556 1936 locari
1592 1903 1700 1937 iussit
1736 1915 1828 1938 anno

61 1958 161 1993 1562.
212 1956 433 2000 Progressus
467 1959 588 1990 autem
615 1956 769 2002 aedificij
796 1957 933 1990 tardior
959 1958 1015 1990 est
1041 1958 1168 2001 postea
1195 1958 1422 1996 consecutus,
1460 1959 1496 1990 et·
1531 1957 1566 1990 in
1594 1957 1689 1991 hunc
1713 1969 1827 2002 usque

59 2012 148 2046 diem
175 2010 286 2045 erecti
312 2012 453 2044 tantum
479 2011 637 2055 parietes
665 2010 863 2045 exteriores
899 2011 934 2044 in
962 2010 1115 2044 circuitu
1142 2010 1233 2044 citra
1261 2012 1407 2051 tectum,
1443 2009 1629 2054 multaque
1654 2011 1752 2045 intus
1778 2012 1828 2045 in-

57 2065 219 2100 absoluta
246 2066 452 2098 cernuntur.
486 2063 673 2098 Dederunt
697 2064 841 2098 interim
869 2075 1014 2109 operam
1035 2063 1295 2098 serenissimae
1313 2063 1485 2106 Reginae,
1506 2092 1512 2098 .
1534 2091 1539 2097 .
1562 2091 1569 2097 .
1590 2066 1629 2097 ut
1655 2076 1736 2098 aere
1763 2077 1826 2099 suo

56 2118 151 2154 latus
175 2130 285 2152 unum
311 2117 471 2151 fabricae
497 2120 594 2152 tecto
621 2119 875 2163 cooperiretur.
911 2117 1152 2152 Demandauit
1180 2120 1216 2150 et
1234 2116 1420 2151 Archidux
1438 2117 1686 2152 Ferdiuandus
1712 2119 1825 2152 archi-

56 2175 148 2206 tecto
174 2183 238 2206 suo
265 2173 315 2212 ut,
342 2171 436 2205 sicut
462 2171 503 2205 D.
532 2171 699 2205 Canisius
726 2171 965 2206 Prouincialis
991 2171 1201 2216 postulauit,
1237 2170 1388 2205 alterius
1415 2182 1557 2214 quoque
1583 2171 1708 2206 lateris
1735 2173 1826 2206 bona

57 2237 138 2271 pars
164 2225 231 2259 hoc
257 2237 349 2259 anno
376 2224 645 2266 exaedificetur,
685 2237 726 2259 ac
753 2225 881 2259 deinde
906 2225 1047 2269 reliqua
1073 2225 1212 2259 fabrica
1239 2224 1477 2269 cumprimum
1504 2224 1581 2258 fieri
1608 2225 1741 2270 poterit
1767 2226 1825 2260 ab·

56 2279 226 2314 soluatur.
262 2277 412 2313 Scholae
439 2278 475 2312 111
501 2279 632 2322 quibus
658 2279 772 2313 nostri
799 2279 927 2313 docent
954 2290 1024 2312 non
1050 2274 1155 2312 intra'
1172 2277 1307 2311 limites
1326 2277 1561 2312 habitationis
1579 2284 1734 2320 nostrae,
1761 2280 1823 2313 sed

55 2333 91 2367 in
114 2333 232 2367 uicino
259 2332 480 2366 Monasterio
506 2332 829 2366 Franciscanorum
855 2331 1032 2366 hactenus
1068 2332 1233 2366 manent“
1269 2331 1329 2375 (ex
1357 2331 1573 2376 a1·chetypo;
1602 2333 1683 2366 Ass.
1704 2332 1823 2367 Germ.

55 2386 163 2421 Fund.
182 2387 198 2420 Ι
215 2387 240 2421 f.
259 2384 415 2429 5b—62).
450 2385 502 2419 De
521 2385 589 2420 hac
607 2386 857 2420 aedificatione
876 2386 921 2420 cf.
934 2387 1054 2429 Dedw,
1075 2386 1147 2419 Jes.
1168 2386 1183 2419 I
1203 2385 1402 2426 607—610,
1423 2388 1458 2418 et
1476 2385 1526 2418 Dr
1540 2386 1637 2419 Karl
1651 2387 1823 2431 Leclmer,

56 2439 270 2474 Geschichte
296 2439 359 2473 des
387 2439 644 2483 Gymnasiums
670 2439 706 2473 in
733 2440 934 2474 lnnsbruck
962 2439 987 2480 I,
1015 2438 1217 2473 Innsbruck
1247 2438 1348 2479 1907,
1376 2439 1529 2474 11—-12,

171 2522 197 2552 a)
219 2522 279 2546 Hoc
301 2529 323 2545 v.
345 2528 362 2545 α
383 2520 457 2544 Lan.
478 2528 572 2552 supra
595 2528 710 2546 versum
729 2521 873 2552 scriptum
893 2524 944 2546 est.

176 2617 182 2636 ¹
209 2615 261 2650 De
287 2616 344 2650 his
372 2617 432 2660 (de
458 2616 680 2662 professione
707 2616 789 2651 fidei
815 2616 1013 2650 tridentina
1039 2616 1235 2660 exigenda,
1273 2615 1500 2661 philosophia
1534 2615 1709 2650 tradenda
1736 2616 1820 2660 etc.)

53 2670 96 2703 ad
123 2669 302 2704 Canisium
330 2670 520 2715 scripsisse
546 2670 734 2711 videntur;
763 2682 796 2704 v.
828 2671 915 2704 Can.
935 2670 967 2704 V
985 2670 1054 2704 493
1083 2669 1152 2703 723
1179 2670 1259 2704 839.

169 2724 182 2744 ²
208 2723 350 2757 Canisio
375 2726 515 2758 rectore
541 2723 736 2768 dilingano.

171 2777 183 2796 3
208 2777 308 2811 Haec
333 2777 510 2812 auditoria
537 2777 572 2811 in
598 2777 818 2812 monasterio
844 2777 878 2812 S.
895 2776 1033 2818 Crucis,
1060 2777 1155 2821 quod
1172 2776 1420 2810 Ferdinandus
1440 2776 1465 2810 I.
1492 2776 1688 2821 imperator
1711 2776 1818 2811 Fran-

53 2828 203 2864 ciscanis
232 2831 295 2872 „de
322 2830 583 2864 Observantia“
615 2831 773 2871 dederat,
801 2832 922 2871 erant;
952 2842 984 2864 v.
1016 2830 1104 2864 Can.
1122 2829 1155 2863 V
1174 2830 1374 2864 526—527.

168 2884 181 2902 4
208 2882 470 2918 Commentario
505 2895 621 2918 annus
656 2884 839 2928 ascriptus
874 2896 943 2917 nou
981 2886 1055 2924 est;
1092 2883 1226 2917 mentio
1262 2886 1383 2917 autem
1409 2883 1449 2917 fit
1484 2883 1521 2917 in
1547 2895 1588 2917 eo
1614 2883 1817 2918 litterarum

51 2934 268 2970 fundationis
294 2948 315 2970 a
333 2937 558 2971 Ferdinando
576 2938 620 2971 ΙΙ.
644 2949 759 2980 „nunc
777 2939 922 2972 recens“
946 2937 1111 2971 datarum
1138 2940 1174 2971 et
1192 2937 1326 2977 sacelli,
1355 2937 1449 2981 quod
1473 2936 1657 2971 Sociorum
1680 2937 1818 2979 „domui

51 2988 276 3024 adhaereat‘st
328 2990 485 3025 Litteras
520 2991 582 3025 ille
618 2991 717 3025 dedit
752 2992 807 3026 23.
837 2991 1058 3036 Septembris
1088 2991 1196 3031 1567;
1233 2990 1407 3025 sacellum
1435 2990 1595 3024 demoliti
1621 2993 1707 3024 sunt
1732 3002 1818 3024 vere

51 3053 81 3076 a.
98 3042 187 3077 1568
217 3043 274 3085 (B.
294 3044 401 3077 Duhr
426 3044 460 3078 S.
480 3044 524 3086 J.‚
552 3044 770 3079 Geschichte
796 3045 859 3078 der
885 3045 1049 3079 Jesuiten
1076 3044 1112 3078 in
1139 3045 1207 3078 den
1233 3043 1399 3078 Landern
1425 3043 1619 3078 deutscher
1644 3044 1764 3087 Zunge
1790 3044 1816 3085 Ι,

51 3093 220 3139 Freiburg
246 3095 268 3130 i.
288 3097 346 3131 ΒΓ.
369 3097 470 3138 1907,
500 3097 566 3132 189
593 3098 691 3142 608).

1483 3158 1499 3190 1
1514 3156 1531 3174 *
