2044 3335
166 140 264 165 xvm
727 130 770 164 11.
799 130 1022 164 Prooemium
1049 130 1240 164 voluminis
1265 132 1372 166 sexti.

164 245 378 281 Lutheranis
412 246 606 280 deteriores
642 245 870 280 Calvinianos
906 246 1119 290 accipimus,
1163 248 1284 290 pestes
1321 247 1460 281 scilicet
1497 248 1663 282 exitiales
1702 246 1816 282 omnis
1854 248 1925 293 pie—

162 300 269 334 tatis“
300 299 415 343 (498).
467 299 583 341 Quare
610 298 775 333 Canisius
801 299 933 334 litteris
959 300 993 333 in
1020 300 1172 344 patriam
1208 299 1329 334 missis
1363 300 1496 335 fratres
1521 313 1732 345 sororesque
1759 301 1924 335 exhorta-

162 352 278 394 batur,
316 355 356 387 ut
393 364 432 387 se
469 353 505 386 in
543 352 613 386 fide
650 353 799 396 antiqua
837 353 1089 386 confirmarent
1127 352 1382 387 considerando
1419 353 1603 388 fructuum
1641 366 1686 388 ex
1724 365 1818 388 nova
1854 354 1925 388 fide

161 406 384 440 nascentium
403 405 620 450 pravitatem
648 405 732 449 (396
758 405 843 449 422)
859 418 866 444 ;
893 408 929 439 et
954 406 988 438 in
1008 405 1217 439 catechismi
1235 405 1365 440 litteris
1384 406 1611 441 dedicatoriis
1629 408 1674 441 ad
1693 406 1923 442 Guilielmum

162 458 338 493 Bavariae
364 459 558 503 principem
587 458 680 492 datis
705 459 909 492 asserebat:
937 458 1127 492 Bavariam
1155 470 1195 492 eo
1221 458 1309 502 ipso,
1336 459 1429 503 quod
1456 463 1493 494 et
1517 460 1684 505 princeps
1711 462 1746 494 et
1772 459 1924 504 populus

159 512 327 546 catholici
343 514 473 553 essent,
493 511 590 545 civili
606 523 746 555 quoque
760 512 998 556 prosperitate
1016 511 1121 554 longe
1135 512 1252 554 magis
1270 512 1396 546 florere
1415 524 1520 557 quam
1541 513 1631 547 alias
1648 517 1764 548 terras
1779 514 1789 533 ¹
1808 513 1922 557 (430).

281 566 312 599 2.
340 565 380 599 In
415 565 542 598 mediis
577 564 737 599 cladibus
775 577 817 599 ac
853 564 1119 599 calamit-atibus
1165 566 1465 600 restauratio
1504 566 1754 601 catholica
1792 566 1923 601 lento

161 618 369 662 quidem,
405 618 485 652 sed
512 620 643 651 certo
671 618 818 661 gradu
855 617 1271 662 progrediebatur.

280 672 382 705 Hanc
407 671 559 714 urgebat
593 671 700 705 simul
737 677 772 705 et
798 671 946 714 regebat
973 672 1085 705 Pius
1112 671 1154 705 V.
1181 671 1344 715 pontifex
1370 672 1620 706 sanctissimus
1646 674 1682 706 et
1709 671 1922 707 Germaniae

160 724 441 758 amantissimus.
493 724 558 758 Hic
585 735 616 758 a.
639 725 728 758 1568
756 724 887 759 Canisii
924 727 960 758 et
993 724 1143 758 aliorum
1173 736 1284 758 suasu
1310 724 1442 759 Romae
1469 725 1784 768 congregationem
1811 726 1923 760 cardi-

159 777 295 811 nalium
322 777 480 811 instituit
504 778 788 822 protestantibus
815 778 858 811 ad
878 778 1065 812 ecclesiam
1086 777 1296 812 reducendis
1317 778 1477 822 (582s3);
1506 779 1598 813 idem
1619 779 1921 813 Commendonum

159 830 375 864 cardinalem
403 831 437 864 in
465 830 692 864 Germaniam
719 831 842 872 mittit,
876 833 916 864 ut
950 832 1202 875 imperatorem
1237 831 1281 865 ad
1317 831 1502 874 religionis
1532 832 1689 866 studium
1716 833 1852 866 excitet
1885 834 1921 866 et

160 884 331 918 ecclesias
348 884 473 918 visitet
491 895 532 918 ac
551 884 720 918 reformet
741 885 824 927 (223
852 884 957 927 682);
985 885 1070 919 item
1089 897 1152 929 per
1171 884 1353 918 Canisium
1373 885 1533 929 aliosque
1552 885 1742 919 Societatis
1759 885 1921 920 homines

159 938 282 980 quaeri
308 937 407 971 iubet
432 938 529 971 viros
555 937 655 979 fidos,
682 949 745 982 per
763 949 851 981 quos
869 938 974 972 sedes
993 937 1189 982 apostolica
1207 938 1250 971 de
1269 937 1482 972 Germaniae
1500 938 1607 972 rebus
1625 938 1765 972 edoceri
1788 942 1824 972 et
1842 950 1920 982 gra-

159 990 219 1024 via
235 991 379 1034 negotia
398 991 566 1035 expedire
581 991 694 1035 possit
721 991 804 1032 (176
835 992 900 1025 196
926 991 1024 1034 589).
1063 991 1196 1025 Canisii
1219 993 1347 1034 rogatu
1368 991 1545 1036 episcopis
1564 991 1777 1026 Germaniae
1796 1003 1919 1026 sacras

157 1043 284 1077 tribuit
309 1044 512 1079 facultates.
540 1044 668 1088 quibus
695 1044 804 1078 officii
822 1056 929 1078 onera
947 1044 1206 1078 imminuantur
1227 1044 1345 1085 (598);
1375 1044 1640 1079 Catechismum
1659 1045 1857 1079 Romanum
1884 1046 1919 1079 in

157 1108 259 1130 usum
286 1097 519 1142 parochorum
546 1099 788 1143 conscriptum
816 1110 878 1143 per
898 1098 1084 1132 Hoffaeum
1111 1100 1147 1132 et
1165 1098 1347 1132 Canisium
1365 1098 1568 1141 germanice
1586 1099 1799 1132 vertendum
1818 1102 1920 1133 curat

159 1149 280 1193 (667);
300 1150 443 1184 Calenio
461 1151 687 1195 typographo
706 1151 899 1186 coloniensi
918 1163 981 1196 per
999 1151 1180 1185 Canisium
1201 1153 1447 1185 commendato
1469 1152 1568 1195 (330)
1590 1151 1820 1196 privilegium
1839 1164 1917 1186 con-

155 1203 251 1237 cedit
267 1204 568 1248 typographicum
588 1205 687 1248 (685)
703 1218 709 1245 ;
738 1205 851 1239 efficit
869 1216 1020 1249 quoque,
1039 1207 1078 1238 ut
1095 1205 1272 1238 adversus
1291 1205 1558 1239 Centuriatores
1576 1205 1918 1248 Magdeburgenses,

155 1256 326 1290 historiae
346 1257 612 1291 ecclesiasticae
630 1258 897 1303 depravatores,
924 1270 993 1292 non
1012 1258 1126 1292 solum
1146 1258 1280 1292 Romae
1298 1259 1446 1292 consilia
1465 1258 1697 1292 conferantur
1718 1259 1801 1302 (390
1820 1260 1918 1301 409),

154 1311 217 1343 sed
244 1310 350 1344 etiam
378 1311 413 1343 in
433 1310 624 1344 Germania
642 1323 705 1356 per
723 1312 905 1346 Canisium
933 1311 1022 1345 liber
1050 1312 1107 1354 (de
1127 1323 1196 1355 quo
1215 1311 1317 1355 plura
1344 1312 1437 1345 infra
1456 1312 1633 1355 dicentur)
1661 1313 1916 1347 conscribatur.

156 1362 311 1397 Fortiter
337 1363 480 1407 quidem
506 1364 593 1399 Pius
620 1365 794 1399 ecclesiae
829 1365 907 1399 iura
933 1365 1120 1403 tuebatur;
1157 1367 1196 1398 ut
1222 1376 1302 1398 cum
1330 1364 1552 1399 Ferdinando
1578 1365 1622 1399 Il.
1649 1365 1832 1399 archiduci
1859 1378 1917 1399 ex-

153 1416 523 1458 communicationem,
550 1418 581 1452 si
608 1418 781 1452 cardinali
800 1418 995 1452 tridentino
1022 1419 1144 1453 ablata
1162 1430 1231 1452 non
1251 1419 1468 1459 restitueret,
1496 1418 1773 1452 comminaretur
1802 1419 1915 1462 (245),

152 1472 190 1504 et
215 1481 295 1503 cum
326 1470 456 1505 Canisii
485 1470 707 1515 aliorumque
733 1474 872 1515 rogatu,
898 1472 1031 1506 litteris
1058 1484 1119 1517 per
1139 1472 1321 1506 Canisium
1348 1472 1390 1505 ad
1424 1472 1629 1516 episcopum
1656 1474 1915 1516 eystettensem

152 1522 283 1564 missis,
310 1523 582 1558 universitatem
610 1525 952 1568 ingolstadinensem
979 1525 1195 1568 gravissime
1221 1525 1435 1565 hortaretur,
1461 1528 1502 1558 ut
1527 1525 1759 1569 professionis
1785 1525 1916 1559 triden-

155 1576 252 1609 tinae
279 1576 495 1611 emittendae
523 1578 639 1612 officio
659 1578 886 1613 satisfaceret
914 1579 997 1622 (166
1020 1579 1123 1623 191);
1152 1581 1311 1612 attamen
1338 1598 1381 1603 —
1408 1579 1442 1612 id
1470 1579 1562 1622 quod
1589 1578 1777 1613 historicos
1804 1590 1916 1623 usque

154 1629 271 1663 adhuc
298 1642 409 1674 paene
444 1631 582 1674 fugisse
617 1631 761 1666 videtur
789 1651 831 1655 -—
859 1632 976 1666 facilis
1012 1635 1089 1666 erat
1124 1632 1167 1666 ad
1203 1633 1322 1676 legum
1349 1632 1514 1675 rigorem,
1550 1643 1629 1666 cum
1656 1632 1751 1666 iusta
1777 1633 1809 1666 ei
1835 1644 1915 1677 sup-

155 1682 301 1725 petebat
326 1684 427 1723 ratio,
453 1684 488 1718 in
508 1684 765 1719 Germanorum
785 1685 939 1728 gratiam
958 1686 1240 1730 temperandum.
1278 1685 1342 1726 lta,
1369 1685 1491 1718 audito
1510 1684 1543 1718 S.
1563 1685 1754 1719 Francisco
1773 1685 1914 1729 Borgia,

155 1736 328 1779 permisit,
355 1740 394 1771 ut
413 1738 447 1771 in
470 1738 682 1772 Germaniae
700 1738 998 1772 universitatibus
1016 1739 1191 1784 professio
1212 1738 1272 1772 illa
1290 1738 1371 1772 fidei
1390 1738 1558 1782 privatim
1577 1738 1654 1772 fieri
1672 1742 1796 1783 posset
1814 1739 1890 1782 (58)
1907 1752 1913 1779 ;

154 1790 191 1821 et
216 1800 294 1822 cum
314 1790 426 1824 Paulo
444 1791 605 1825 Manutio
632 1792 766 1835 grande
785 1792 1014 1836 privilegium
1032 1793 1200 1831 dedisset,
1227 1803 1296 1836 quo
1322 1791 1391 1836 ipsi
1416 1791 1480 1825 soli
1499 1791 1630 1825 licebat
1649 1791 1914 1825 Catechismum

154 1842 353 1877 Romanum
379 1844 488 1878 latine
515 1845 700 1885 excudere,
727 1848 875 1888 rogatus
900 1848 1022 1879 tamen
1048 1858 1068 1879 a
1095 1846 1268 1880 cardinali
1294 1845 1492 1879 Truchsess
1526 1845 1664 1889 prelum
1692 1844 1913 1888 dilinganum

153 1906 199 1928 ex
234 1907 274 1929 60
300 1897 489 1940 privilegio
516 1899 657 1943 excepit
686 1900 799 1942 (616).
849 1899 950 1939 Item,
983 1911 1063 1933 cum
1099 1899 1266 1933 mulieres
1301 1909 1546 1942 quascumque
1581 1898 1617 1931 in
1654 1898 1809 1932 virorum
1834 1899 1914 1932 reli-

152 1948 335 1989 giosorum
362 1950 484 1984 domos
521 1951 655 1985 intrare
694 1952 834 1994 magnis
872 1952 996 1996 poenis
1033 1952 1226 1997 propositis
1264 1954 1435 1992 vetasset,
1470 1951 1623 1985 libenter
1661 1952 1848 1993 concessit,
1874 1953 1914 1985 ut

154 2000 307 2045 collegia
332 2003 607 2048 oenipontanum
635 2006 671 2039 et
696 2016 908 2039 monacense
935 2005 1201 2039 archiducissae
1228 2006 1264 2039 et
1290 2005 1453 2038 ducissae
1480 2004 1668 2038 civitatum
1695 2004 1837 2038 illarum
1863 2005 1912 2039 in-

154 2055 389 2097 grederentur
430 2057 489 2098 (44
526 2058 622 2101 213).
675 2058 761 2092 Cum
789 2059 940 2102 denique
967 2059 1258 2093 constitutionem
1296 2058 1478 2098 edidisset,
1514 2069 1594 2101 qua,
1633 2057 1762 2092 Officio
1800 2070 1912 2103 parvo

154 2108 288 2142 Beatae
314 2109 449 2143 Mariae
479 2109 636 2153 Virginis
662 2111 731 2145 iam
758 2123 779 2145 a
805 2123 843 2146 se
870 2112 1073 2152 reformato,
1107 2111 1237 2146 Officia
1272 2114 1378 2145 antea
1404 2122 1628 2154 quacumque
1666 2110 1790 2154 lingua
1817 2112 1912 2145 edita

153 2161 373 2204 prohibebat,
409 2163 579 2197 cardinali
605 2164 804 2199 Truchsess
831 2165 932 2207 dixit,
969 2166 1158 2200 Germanis
1184 2164 1371 2198 catholicis
1396 2164 1548 2198 liberum
1583 2175 1662 2198 esse
1688 2176 1810 2199 omnes
1836 2176 1912 2209 pre-

152 2215 332 2249 cationum
366 2216 476 2250 libros
511 2219 734 2260 germanicos
770 2219 805 2252 in
841 2222 1022 2263 posterum
1058 2230 1197 2262 quoque
1232 2218 1387 2251 retinere
1423 2218 1537 2260 (485).
1596 2217 1769 2251 Maiorem
1804 2219 1912 2252 etiam

275 2321 350 2354 ¹In
389 2323 640 2357 commentario
680 2323 831 2367 quodam
868 2323 1037 2358 historico
1074 2335 1104 2358 a.
1136 2324 1223 2357 1911
1262 2322 1417 2357 Berolini
1452 2323 1545 2356 edito
1586 2323 1750 2357 Canisius
1785 2323 1910 2367 produ-

152 2374 245 2407 citur
279 2375 383 2409 testis
419 2378 541 2410 contra
578 2376 761 2410 Summum
788 2377 999 2411 Pontificem
1032 2377 1133 2411 Pium
1161 2377 1203 2411 X.
1255 2376 1343 2411 Cum
1379 2376 1472 2410 enim
1499 2376 1534 2409 in
1560 2376 1691 2410 litteris
1718 2377 1911 2421 encyclicis

153 2428 207 2461 26.
236 2427 320 2461 Maii
351 2429 440 2463 1910
476 2431 518 2462 de
544 2429 674 2464 Sancto
702 2430 827 2464 Carolo
854 2431 1067 2465 Borromaeo
1095 2431 1187 2465 datis
1214 2430 1363 2471 dicatur,
1400 2430 1492 2474 apud
1520 2441 1590 2469 eos,
1618 2430 1677 2473 qui
1704 2430 1909 2464 Borromaei

152 2484 312 2525 tempore
343 2482 387 2515 ab
423 2482 575 2516 ecclesia
610 2483 785 2517 catholica
811 2484 1018 2524 defecerint,
1052 2495 1188 2518 morum
1222 2484 1483 2528 corruptionem
1512 2486 1548 2516 et
1574 2483 1783 2527 disciplinae
1809 2495 1908 2517 ever-

151 2533 286 2567 sionem
314 2535 519 2570 exstitisse:
555 2548 599 2570 ex
626 2537 749 2580 quinto
776 2537 956 2571 volumine
984 2538 1229 2582 Epistularum
1257 2537 1388 2571 Canisii
1417 2538 1636 2571 contrarium
1662 2536 1799 2580 colligi;
1826 2548 1908 2570 nam

152 2586 250 2620 illam
278 2587 447 2621 vitiorum
483 2589 598 2622 labem
628 2590 769 2624 Canisio
804 2591 840 2624 in
879 2602 920 2624 ea
947 2591 1161 2625 Germaniae
1187 2593 1301 2635 parte,
1339 2602 1430 2634 quae
1457 2590 1634 2625 catholica
1660 2591 1843 2631 manserit,
1870 2602 1907 2624 se

151 2639 322 2673 obtulisse
344 2642 581 2681 (Preussisclze
594 2643 820 2677 Jahrbueher
838 2643 992 2683 CXLIII,
1012 2644 1132 2677 Berlin
1149 2644 1249 2685 1911,
1269 2644 1486 2688 1202—224).
1513 2644 1645 2677 Eadem
1665 2643 1745 2676 dein
1763 2643 1798 2676 in
1817 2655 1907 2677 com-

152 2692 255 2736 plura
280 2693 364 2726 folia
390 2694 568 2738 periodica
594 2696 813 2740 transcripta
839 2698 940 2736 sunt:
974 2697 1073 2731 velut
1100 2697 1135 2730 in
1161 2697 1285 2731 folium
1311 2700 1533 2732 menstruum
1564 2696 1903 2740 „Evangeli001·um“

152 2746 480 2780 confoederatorum
521 2747 806 2791 (Evanyelischer
841 2751 949 2783 Bzcnd
986 2762 1049 2784 zur
1086 2750 1275 2793 XVahrung
1313 2751 1375 2784 der
1413 2749 1907 2794 deutsch-protestantischen

152 2799 363 2833 lnteressen.
423 2800 659 2834 Monatsblatt
692 2804 771 2841 etc„
807 2802 862 2836 25.
896 2803 1021 2846 Jahrg.
1060 2804 1169 2843 1911,
1204 2804 1281 2846 46).
1340 2803 1438 2845 Quae
1474 2815 1579 2847 quam
1615 2815 1684 2837 non
1722 2805 1819 2837 recte
1858 2803 1906 2836 di-

150 2854 288 2890 cantur,
314 2853 513 2886 ostenditur
539 2853 573 2886 in
597 2854 849 2895 „Katholische
868 2856 1180 2899 Kirchenzeitung,
1208 2857 1365 2890 vormals
1391 2856 1604 2899 Salzburger
1623 2856 1905 2898 Kirclienblatt“,

150 2904 206 2938 51.
235 2905 370 2948 Jahrg„
398 2905 572 2949 Salzburg
600 2908 699 2949 1911,
725 2909 806 2941 497.
856 2908 980 2953 Neque
1006 2909 1073 2943 hoc
1099 2910 1175 2943 loco
1202 2912 1308 2944 vacat
1343 2921 1384 2943 ea
1418 2910 1560 2952 longius
1595 2910 1762 2954 persequi
1774 2923 1789 2950 ;⁴
1817 2910 1906 2944 satis

151 2958 259 2990 fuerit
293 2957 359 2991 hoc
396 2959 430 2991 in
467 2960 673 2994 memoriam
708 2972 917 2995 revocasse:
955 2962 1119 2996 Canisius
1154 2975 1185 2997 a.
1216 2964 1304 2997 1567
1332 2963 1500 2997 Udalrico
1535 2963 1656 2996 comiti
1691 2963 1733 2996 dc
1760 2963 1905 2997 Helfen-

150 3010 241 3043 stein
268 3011 380 3044 variis
414 3013 635 3054 argumentis
668 3014 842 3057 probavit,
883 3018 1095 3058 „quantun1“
1127 3018 1378 3060 protestantes,
1419 3019 1478 3058 „ut
1511 3016 1544 3049 in
1582 3016 1749 3057 moribus,
1784 3017 1835 3050 ita
1870 3019 1905 3050 et

150 3062 311 3096 doctrina
338 3063 530 3098 Catholicis
556 3065 742 3100 inferiores
769 3070 908 3101 essent⁴⁴
940 3068 1046 3109 (Can.
1074 3068 1162 3113 Epp.
1189 3069 1221 3102 V
1248 3069 1344 3111 784).
1396 3069 1450 3103 Ita
1485 3081 1610 3103 revera
1641 3081 1721 3103 eum
1747 3070 1904 3104 sensisse

149 3115 379 3149 confirmatur
405 3117 511 3153 etiam
538 3120 639 3152 sexto
666 3118 732 3153 hoc
758 3119 948 3155 volumine.
