2044 3335
145 77 228 118 562
357 75 451 109 Mon.
479 75 546 109 945
573 74 651 108 31νο
677 74 747 116 ing.
770 73 834 116 (2).
880 72 991 107 Paulo
1018 74 1102 107 ante
1126 72 1282 107 medium
1309 72 1552 118 Septembrem
1581 74 1683 108 1567.

262 193 461 248 Sequitur
505 192 732 246 exemplum
777 191 1017 232 litterarum
1062 191 1113 231 ab
1147 191 1315 231 Alberto
1347 192 1391 233 V.
1433 192 1656 234 Monachio
1699 193 1767 233 19.
1799 192 1904 247 Sep-

141 258 311 299 tembris
337 259 447 298 1567
472 257 529 297 ad
559 255 803 308 facultatem
837 269 885 297 ea
909 256 959 297 (le
994 269 1035 296 re
1059 256 1261 296 datarum
1296 260 1330 296 et
1351 256 1574 298 schedulae
1597 257 1648 298 ab
1680 270 1722 298 eo
1753 257 1902 298 iisdem

143 324 341 363 (allectae.
386 322 553 362 Deinde
587 320 783 373 refertur,
813 319 1059 373 facultatem
1094 325 1241 375 royatu
1274 320 1488 362 Sociorum
1513 325 1552 363 6.
1579 321 1765 363 Octobris
1787 323 1905 363 1567

143 388 305 427 litteras
330 386 449 427 ducis
473 387 529 426 ita
554 387 873 440 interpretatam
898 399 1005 426 esse:
1037 385 1109 426 Ad
1133 389 1262 437 actus,
1282 387 1573 439 promotiones,
1599 386 1905 440 disputationes

146 452 358 492 doctorum
403 456 438 492 et
472 452 771 505 mayistrorum
814 451 1029 491 sollemnes
1073 450 1361 505 philosophiae
1406 450 1685 504 professores,
1735 452 1807 505 qui
1853 451 1905 492 de

141 517 342 557 Societate
375 519 518 567 essent,
550 516 728 570 perinde
760 529 809 556 ac
842 520 1022 556 caeteros
1051 516 1236 556 omnium
1266 514 1520 567 facultatum
1548 516 1807 570 professores
1839 517 1905 557 in-

141 581 333 622 ritandas
385 594 468 622 esse
478 595 495 632 ,·
544 579 780 621 Dominicis
822 593 925 621 vero
977 579 1367 621 Baccalaureorum
1408 579 1784 634 Disputationibus
1832 580 1903 621 vel

138 645 378 695 Jnteresse,
411 645 482 686 vel
504 658 588 686 non
611 644 637 686 J
642 647 836 686 nteresse
869 644 1002 686 libere
1034 646 1253 698 poterunt,
1285 657 1364 685 nec
1387 647 1513 686 erunt
1545 644 1599 686 ad
1620 644 1699 686 has
1721 645 1810 686 vlla
1832 658 1904 686 ra-

139 709 255 751 tione
298 709 509 763 obstrictj.
563 709 607 752 Si
648 712 794 751 tamen
836 709 905 750 vel
939 709 1055 751 Vltro
1087 708 1157 750 vel
1191 709 1244 750 ad
1286 708 1538 762 petitionem
1571 709 1622 752 D.
1652 710 1814 763 Decanj
1848 709 1902 751 ad

140 788 212 816 eas
235 774 441 816 accedere
464 776 508 816 et
529 788 608 816 sua
629 774 877 828 praesentia
900 774 1184 815 cohonestare
1208 773 1356 823 velint,
1389 773 1433 815 id
1455 774 1507 816 D.
1532 774 1706 816 Decano
1730 774 1902 827 quidem

138 839 546 892 Professoribusque
578 843 766 892 gratum,
799 838 1082 881 Auditoribus
1114 852 1218 879 vero
1251 838 1357 880 vtile
1388 838 1532 881 fuerit.

256 909 295 943 P.
328 909 564 943 Theodericus
592 910 759 942 Canisius
791 908 1041 943 universitatis
1074 907 1287 951 collegiique
1323 907 1494 950 dilingani
1531 910 1648 942 rector
1683 907 1778 942 hanc
1804 908 1903 942 Petri

138 962 263 996 fratris
300 963 549 996 tractationem
586 962 787 1005 significat,
824 973 903 995 011111
941 961 1085 1005 Dilinga
1110 962 1143 995 4.
1170 961 1327 995 Ianuarii
1361 962 1451 995 1572
1487 962 1530 995 ad
1567 960 1708 995 Socium
1747 961 1902 1005 aliquem

139 1014 272 1049 Romae
299 1015 488 1058 degentem
514 1015 686 1049 ÷⁶scribit:
727 1015 952 1057 „Triennium
978 1014 1059 1059 plus
1096 1015 1213 1048 minus
1249 1016 1305 1048 est
1339 1015 1479 1058 quando
1506 1014 1547 1048 R.
1566 1014 1606 1048 P.
1626 1013 1791 1049 Canisius
1817 1018 1903 1049 tunc

140 1069 385 1109 Prouincialis,
412 1070 557 1113 propter
583 1067 817 1112 grauissimas
849 1068 942 1102 inter
967 1070 1108 1102 nostros
1135 1070 1170 1101 et
1196 1070 1364 1102 externos
1398 1068 1629 1112 professores,
1665 1079 1796 1112 easque
1823 1080 1904 1102 con-

142 1121 261 1156 tinuas
293 1121 553 1163 dissensiones,
589 1122 623 1155 in
655 1121 858 1166 praesentia
884 1121 1191 1161 Academicorum,
1226 1120 1420 1155 solenniter
1454 1120 1646 1155 honoribus
1673 1124 1708 1155 et
1737 1121 1905 1156 oneribus

139 1174 323 1209 facultatis
350 1175 490 1208 Artium
518 1175 751 1215 renuncianit,
779 1174 866 1209 solis
900 1175 1050 1208 retentis
1085 1174 1297 1208 lectionibus
1323 1174 1532 1219 ordinarijs:
1569 1186 1614 1208 ex
1640 1185 1708 1218 quo
1742 1176 1905 1219 tempore

138 1228 249 1261 nostri
277 1227 498 1272 quietissime
516 1228 696 1269 vixerunt,
724 1230 759 1261 et
785 1239 855 1261 vna
874 1239 954 1261 011111
979 1227 1193 1261 lectionibus
1219 1227 1304 1267 suis,
1331 1226 1547 1270 'l'heologiae
1566 1226 1695 1261 seriam
1723 1230 1759 1261 et
1776 1227 1900 1261 vtilem

138 1292 282 1325 operam
309 1281 494 1316 dederunt.
536 1281 612 1315 Hoc
639 1293 741 1319 anno,
769 1292 874 1325 quem
901 1280 1120 1326 probationis
1147 1291 1226 1314 esse
1251 1280 1382 1321 audiui,
1418 1280 1541 1321 nostri,
1577 1280 1697 1314 nescio
1724 1280 1824 1314 cuius
1852 1281 1905 1314 in-

137 1334 271 1368 stinctu
291 1334 348 1368 vel
373 1334 601 1375 authoritate,
628 1334 763 1379 priores
790 1334 940 1368 honores
966 1336 1002 1367 et
1019 1345 1136 1374 onera,
1164 1333 1292 1377 quibus
1310 1334 1558 1367 renunciatum
1585 1332 1690 1367 iustis
1717 1333 1759 1367 de
1783 1334 1903 1367 causis

137 1387 334 1421 solenniter
360 1390 446 1427 erat,
474 1390 754 1432 resumpserunt.
792 1390 828 1421 et
853 1390 1080 1421 externorum
1109 1387 1222 1420 denuo
1257 1385 1416 1431 consilijs
1442 1390 1478 1420 et
1509 1386 1743 1420 conuentibus
1769 1398 1808 1420 se
1843 1387 1903 1421 ad—

138 1441 331 1474 iunxerunt
357 1442 445 1475 etc.⁴‘
479 1442 539 1481 (ex
565 1440 808 1485 autographo;
835 1440 877 1475 G.
896 1439 961 1484 Ep.
981 1439 1059 1473 coll.
1080 1439 1113 1473 II
1140 1439 1164 1473 f.
1185 1439 1297 1482 16712).

260 1501 433 1543 Georgius
451 1500 624 1534 Schorius
642 1499 675 1534 S.
695 1499 729 1534 J.
747 1500 784 1533 in
801 1502 818 1517 ᾗ
830 1498 977 1533 Litteris
1004 1498 1132 1531 annuis
1150 1497 1291 1541 collegii
1317 1496 1609 1541 ingolstadiensis
1629 1498 1660 1532 6.
1680 1497 1902 1542 Septembris

141 1553 229 1587 1569
257 1553 350 1587 datis
375 1553 519 1587 scribit:
555 1553 609 1587 Ex
638 1553 680 1586 19
707 1552 889 1586 sodalibus
915 1554 935 1585 2
963 1551 1181 1594 theologiam
1212 1551 1419 1591 docuerunt,
1456 1551 1476 1584 2
1504 1551 1764 1596 philosophiam
1793 1551 1901 1594 (unus

137 1606 265 1640 librum
293 1606 335 1640 de
353 1607 482 1648 anima,
508 1606 600 1640 alter
625 1606 779 1649 logicam
797 1605 1040 1648 Aristotelis);
1068 1604 1358 1649 philosophorum
1377 1604 1470 1638 alter
1496 1604 1620 1638 diebus
1646 1605 1750 1638 festis
1769 1616 1900 1647 magna

138 1660 339 1693 auditorum
366 1659 568 1704 frequentia
598 1659 742 1701 „Libros
768 1658 1117 1703 metaphysicorum‘
1140 1658 1351 1702 explicavi&
1379 1658 1414 1691 in
1441 1657 1623 1691 Sociorum
1654 1657 1805 1699 „scholis
1831 1658 1899 1703 pri-

136 1712 265 1754 uatis“,
293 1724 382 1757 quae
409 1725 554 1747 numero
580 1715 664 1746 sunt
689 1713 722 1754 4,
749 1712 1002 1757 discipulorum
1029 1722 1198 1745 numerus
1224 1711 1330 1745 valde
1356 1713 1483 1745 auctus
1511 1712 1584 1751 est;
1618 1710 1733 1755 prima
1759 1711 1899 1752 classis,

136 1767 171 1799 in
199 1778 268 1810 qua
294 1768 399 1800 antea
428 1767 470 1800 10
497 1766 555 1800 vel
582 1777 759 1800 summum
790 1766 833 1800 14
862 1765 1196 1810 7,110130110111113111“,
1222 1776 1317 1798 1111110
1343 1764 1387 1799 50
1413 1764 1523 1797 habet
1550 1763 1611 1807 (ex
1637 1775 1758 1808 apogr.
1786 1764 1899 1798 eiusd.

136 1824 264 1864 temp.;
293 1819 334 1853 G.
354 1819 418 1864 Ep.
438 1819 469 1853 X
495 1820 519 1853 f.
539 1819 636 1862 213).

137 1939 240 1977 945
268 1941 345 1975 sive
371 1939 483 1985 ing.
503 1940 603 1985 (2).
678 1939 791 1975 Paulo
818 1940 904 1974 ante
929 1937 1089 1974 medium
1116 1937 1363 1985 Septembrem
1382 1937 1474 1973 1567.

256 2001 309 2034 Ex
336 2000 498 2044 exemplo
525 2000 731 2044 archetypo.
768 1999 809 2033 G.
829 1999 892 2044 Ep.
912 1999 997 2032 VIII
1024 1999 1048 2032 f.
1069 1999 1163 2032 204².

259 2060 423 2093 Cum'sius
452 2059 571 2093 Socios
599 2060 884 2102 inyolstadieuses
910 2058 1119 2091 exhortatur
1145 2068 1333 2100 eorumque
1358 2062 1435 2089 vota
1463 2057 1600 2099 excipit.

256 2121 329 2162 Fr.
376 2120 629 2161 Leouardus
680 2119 885 2160 Boschius
928 2120 971 2161 S.
1006 2118 1047 2160 J.
1094 2120 1139 2159 in
1190 2118 1364 2159 Litteris
1418 2119 1582 2169 annuis
1626 2117 1784 2171 colleqii
1832 2118 1897 2158 in-

135 2186 430 2241 90lstadieusis
462 2185 721 2239 Inyolstadio
763 2198 815 2226 m.
848 2183 1081 2238 Septembri
1104 2184 1218 2224 1567
1261 2183 1375 2223 datis
1415 2182 1537 2233 haec,
1574 2186 1750 2236 praeter
1794 2182 1896 2234 alia,

136 2251 290 2304 refert:
316 2249 546 2292 Societatis
569 2250 744 2290 nostrae
767 2262 884 2290 more
907 2248 987 2289 hoc
1010 2261 1121 2288 anno
1146 2249 1250 2288 vota
1270 2247 1356 2288 iam
1379 2246 1535 2289 iterum
1558 2245 1898 2288 inst-aurauimus

136 2321 321 2368 suntque
353 2314 545 2357 adhibita
568 2327 677 2367 quae
700 2327 749 2355 eo
772 2316 967 2368 tempore
989 2312 1082 2354 fieri
1105 2312 1247 2354 solent
1268 2314 1498 2365 praesente
1521 2310 1749 2353 admodum
1773 2311 1823 2353 R.
1847 2311 1893 2353 P.

137 2379 394 2422 Prouinciali
435 2380 485 2421 D.
527 2379 658 2421 Petro
700 2378 893 2428 Canisio,
937 2377 1056 2419 cuius
1100 2376 1172 2431 pia
1215 2391 1293 2418 nos
1333 2376 1510 2418 iuuandi
1553 2376 1717 2426 studia,
1764 2378 1898 2428 atque

137 2445 408 2487 doctissimas
440 2443 604 2498 pariter
636 2446 680 2485 et
711 2443 1055 2485 feruentissimas
1088 2441 1414 2484 exhortationes
1446 2441 1501 2482 ad
1533 2455 1585 2482 ea
1618 2454 1728 2494 quae
1751 2440 1895 2483 Socie-

136 2510 240 2552 tatis
271 2512 448 2552 nostrae
489 2509 734 2551 institutum
766 2508 960 2562 requirit,
1003 2507 1232 2562 plurimum
1265 2506 1387 2548 nobis
1419 2506 1632 2560 profuisse
1671 2505 1894 2548 sentimus.

254 2579 352 2613 Haec
377 2579 407 2612 si
434 2590 512 2612 cum
541 2578 705 2622 epistulis
736 2578 780 2612 ad
806 2578 974 2621 Borgiam
1004 2579 1035 2611 1.
1061 2577 1141 2611 Iulii
1171 2577 1258 2611 1567
1287 2588 1307 2610 a
1334 2576 1372 2610 P.
1400 2575 1639 2609 Leubenstain
1667 2577 1701 2609 et
1730 2574 1782 2609 18.
1810 2574 1895 2620 Sep-

135 2633 284 2666 tembris
321 2632 408 2665 1567
445 2644 465 2665 a
492 2632 634 2666 Canisio
669 2631 761 2665 datis
796 2630 990 2665 contuleris
1029 2631 1077 2673 (v,
1105 2642 1211 2674 supra
1239 2641 1272 2674 p.
1299 2629 1344 2663 48
1371 2629 1469 2671 559),
1504 2628 1695 2671 intelliges,
1730 2630 1892 2662 votorum

137 2686 413 2725 renovationem,
447 2696 537 2728 quae
564 2684 775 2728 ingolstadii
804 2686 857 2718 14.
885 2684 1105 2728 Septembris
1133 2683 1222 2717 1567
1252 2693 1369 2716 coram
1396 2681 1538 2716 Canisio
1564 2682 1660 2715 facta
1685 2683 1750 2723 est,
1785 2681 1895 2725 signi-

138 2738 247 2778 ficari,
273 2738 357 2772 licet
384 2738 526 2771 Boschii
552 2737 684 2771 litteris
710 2737 785 2771 dies
814 2738 843 2771 1.
871 2737 1091 2781 Septembris
1119 2737 1208 2770 1567
1237 2735 1414 2780 ascriptus
1440 2735 1497 2769 sit.

256 2791 293 2824 ln
320 2791 444 2825 iisdem
463 2790 638 2824 *Litteris
664 2792 753 2825 haec
769 2791 990 2824 referuntur:
1023 2789 1154 2832 „Fauet
1179 2789 1235 2823 his
1254 2788 1466 2833 [catholicae
1491 2787 1675 2831 religionis
1700 2788 1893 2832 puritatem

138 2844 173 2876 111
207 2844 293 2876 urbe
329 2844 575 2888 conservandi]
612 2843 798 2878 conatibus
824 2843 952 2888 Oppidj
981 2843 1155 2886 Arcisque
1188 2841 1398 2876 Praefectus
1433 2840 1493 2884 qui
1529 2852 1591 2885 pro
1618 2840 1802 2875 Catholica
1827 2840 1893 2874 Ec-

137 2896 245 2929 clesia
264 2896 483 2929 defendenda
509 2908 588 2930 sese
614 2897 756 2930 fortiter
781 2897 937 2941 opponit,
963 2898 999 2930 et
1024 2895 1059 2929 in
1086 2895 1221 2929 familia
1247 2906 1312 2929 sua
1336 2893 1394 2928 uel
1422 2894 1513 2927 inter
1532 2893 1664 2927 milites
1690 2904 1891 2938 quenquam

136 2949 205 2982 nisi
241 2949 346 2992 probe
374 2948 595 2982 Catholicum
630 2961 698 2982 non
733 2949 833 2983 fert*⁴
890 2949 1086 2991 Collegium
1115 2948 1236 2982 Socios
1271 2947 1379 2981 habet
1413 2947 1458 2981 20
1484 2946 1541 2980 vel
1576 2946 1681 2991 paulo
1717 2946 1847 2991 plures,
1873 2957 1894 2979 e

137 3001 266 3045 quibus
294 3000 312 3033 7
339 3003 423 3033 sunt
454 3001 674 3035 sacerdotes:
712 3002 732 3035 2
758 3001 850 3036 Socii
876 3001 1093 3045 theologiam
1119 3003 1155 3035 in
1180 3000 1418 3034 universitate
1444 3000 1613 3039 tradunt;
1649 2998 1790 3042 utrique
1816 2999 1892 3032 fere

137 3055 183 3088 50
208 3055 292 3087 sunt
317 3052 506 3086 auditores.
555 3054 608 3086 Ex
635 3054 927 3098 protestantismo
954 3054 997 3088 ad
1025 3054 1212 3088 ecclesiam
1238 3053 1375 3087 reducti
1401 3054 1485 3086 sunt
1511 3052 1579 3086 duo
1606 3052 1766 3086 Saxones
1793 3051 1895 3086 theo—
