2044 3335
141 118 224 159 484
400 116 501 150 1754.
529 114 566 147 P.
588 114 749 148 Busaeus
775 112 928 147 Canisio.
971 111 1183 146 Vindobona
1208 123 1250 146 ca
1275 112 1365 146 med.
1385 123 1430 146 1n.
1451 112 1529 147 Oct.
1551 112 1652 147 1571.

259 233 499 275 Prudenter
541 231 678 272 multa
718 230 928 280 notastis,
975 244 1086 282 quae
1128 230 1182 272 ad
1226 230 1540 272 restituendam
1582 230 1625 272 in
1668 229 1899 272 Germania

139 298 413 352 religionem,
459 295 716 350 praesertim
759 295 872 349 apud
913 294 1157 349 Principes,
1202 309 1325 336 usum
1367 309 1452 336 non
1494 295 1699 348 exiguum
1739 294 1897 336 habere

138 365 315 417 possent
333 364 360 412 1,
394 361 475 403 nisi
507 364 552 403 et
583 359 791 414 temporis
825 360 1022 402 obstaret
1053 359 1231 410 malitia,
1267 363 1310 402 et
1343 360 1501 401 iratum
1535 360 1602 402 dei
1634 373 1791 401 numen
1823 372 1899 401 ne-

138 428 226 469 scio
274 441 403 480 quam
449 440 594 467 rerum
640 424 998 467 Germanicarum
1044 425 1414 478 perturbationem
1461 425 1617 466 minari
1663 424 1896 466 uideretur.

136 493 363 534 Faciamus
395 491 566 534 interim
591 490 704 543 quod
727 490 856 543 officij
890 489 1028 532 nostri
1051 493 1117 531 est
1150 490 1383 544 proprium,
1418 493 1462 531 et
1485 503 1787 531 conseruemus
1820 489 1898 532 has

137 557 456 610 qualescunque
488 555 763 608 reliquias
801 555 1070 597 Israelis2
1102 555 1145 596 in
1188 555 1382 596 misera
1422 555 1744 608 babylone3,
1787 568 1898 608 quae

134 623 186 663 ob
219 624 438 664 sectarum
471 623 515 663 et
547 621 756 663 abusuum
781 620 1089 670 confusionem,
1125 619 1199 661 uix
1221 620 1411 662 medicas
1435 633 1588 661 manus
1620 619 1737 662 ferre
1770 633 1897 674 posse

136 687 318 730 uidetur.
383 686 586 728 Nondum
627 686 830 728 inuentus
870 688 937 728 est
980 686 1153 738 qualem
1186 685 1349 738 optatis
1390 685 1570 726 idoneus
1603 685 1657 726 ad
1698 685 1898 739 exempla

135 756 385 794 sanctorum
419 751 662 804 colligenda
696 751 1038 803 Germaniceque
1070 750 1296 793 uertenda,
1344 750 1431 791 Res
1465 749 1578 791 enim
1611 753 1712 803 eget
1744 749 1898 791 iudicio

135 817 346 870 singulari
388 820 432 859 et
474 817 562 858 otio
596 830 765 870 quoque
799 816 1021 857 commodo
1063 815 1191 865 illius,
1236 815 1308 867 qui
1340 815 1447 857 uelit
1480 819 1524 857 et
1565 816 1703 868 possit
1742 815 1824 857 hac
1855 814 1898 856 in

135 886 260 937 parte
292 896 338 924 se
371 882 502 935 uulgo
535 881 903 923 accommodare4.
954 880 1042 922 Ora
1074 894 1151 934 pro
1185 893 1253 921 me
1286 879 1515 921 Dominum
1549 880 1802 922 Reuerende
1835 879 1896 929 P.,

134 951 179 990 et
219 962 273 989 ex
314 961 382 988 me
424 947 568 988 saluta
606 947 651 989 Ρ.
686 946 959 988 Leonardum
1002 959 1095 987 cum
1139 944 1347 986 fratribus
1391 945 1600 988 omnibus.
1666 945 1897 999 Oeniponti

140 1016 204 1056 13‘
229 1013 380 1055 OCtOb‘
409 1014 534 1054 1571‘
1030 1046 1190 1088 Seruus
1222 1045 1265 1087 in
1298 1045 1467 1087 Christo
1501 1046 1547 1088 P.
1573 1045 1779 1087 Canisius.

251 1118 379 1160 Mitto
412 1118 466 1160 ad
489 1117 708 1160 Calenium
743 1117 1059 1171 praefationem
1094 1117 1135 1158 in
1168 1131 1275 1170 opus
1298 1117 1479 1169 lVegae,
1515 1119 1559 1158 et
1591 1130 1685 1158 eam
1719 1131 1744 1159 a
1776 1115 1898 1158 uobis

135 1184 257 1238 cupio
290 1183 378 1236 legi
410 1186 541 1236 atque
573 1183 766 1233 iudicari,
802 1182 1051 1236 priusquam
1084 1182 1239 1223 edatur
1254 1182 1282 1224 5.

250 1261 276 1311 †
303 1259 557 1301 Reuerendo
592 1259 725 1309 Patri,
760 1259 885 1301 Doct.
910 1257 1069 1300 Joanni
1102 1258 1252 1299 Retzio
1276 1257 1496 1311 Theologo
1531 1259 1574 1300 et
1607 1256 1896 1299 contionatori

132 1324 355 1367 societatis
388 1324 493 1366 Jesu
527 1324 728 1366 Coloniae
760 1324 802 1364 in
835 1323 976 1365 Bursa
1007 1322 1139 1366 trium
1173 1323 1449 1365 Coronarum.

250 1399 477 1444 Inscriptioni
504 1399 656 1433 Rhetius
683 1399 886 1433 adnotavit:
918 1398 1070 1443 „Recepi
1095 1397 1156 1432 XI.
1184 1397 1377 1432 Nouemb.“

129 1514 277 1552 1254.
376 1514 437 1550 Ρ.
457 1513 730 1551 PETRUS
760 1512 1074 1550 BUSAEUS
1103 1512 1155 1549 S.
1176 1513 1230 1549 J.
1260 1514 1460 1556 theologiae
1486 1514 1668 1559 professor
1693 1514 1728 1548 in
1755 1514 1899 1548 univer-

326 1569 434 1603 sitate
461 1569 720 1603 vindobonensi
748 1567 948 1602 CANISlO.

916 1620 1128 1655 Vindobona
1155 1620 1250 1655 circa
1276 1620 1431 1654 medium
1458 1632 1504 1654 m.
1525 1620 1716 1655 Octobrem
1746 1621 1848 1655 1571.

255 1688 310 1722 Ex
322 1688 453 1722 Busaei
468 1687 624 1732 epistula
639 1687 680 1720 ad
697 1686 898 1720 Kesseliun]
915 1685 1150 1731 autographa.
1179 1686 1262 1720 Cod.
1277 1686 1388 1720 colon.
1409 1685 1517 1730 „Epp.
1533 1686 1577 1720 ad
1605 1686 1707 1720 Kess.
1725 1686 1758 1720 1⁶¹
1777 1686 1801 1720 f.
1817 1686 1896 1720 273.

254 1750 291 1781 Ρ.
319 1749 446 1781 Petrus
470 1748 630 1780 Basaezis
657 1747 692 1780 S.
718 1747 755 1780 J.
784 1747 831 1787 (o.
858 1757 972 1789 supra
992 1757 1030 1789 p.
1059 1746 1160 1787 323),
1193 1747 1292 1779 iussa
1321 1746 1356 1778 S.
1385 1746 1593 1778 Franscisci
1617 1746 1771 1788 Boryiae
1790 1757 1898 1788 prae-

129 1803 238 1845 positi
260 1801 437 1844 qeneralis
471 1805 500 1834 et
526 1801 679 1834 Antonii
703 1801 815 1833 Vinclc
848 1800 1081 1843 provincialis
1111 1799 1255 1832 Colonia
1284 1800 1358 1839 (16.
1387 1799 1494 1839 Iulii)
1530 1800 1567 1832 in
1595 1800 1780 1832 Austriam
1812 1810 1898 1842 pro-

132 1857 252 1897 fectus,
279 1855 485 1888 Vindobona
515 1857 602 1896 (quo
629 1857 659 1887 9.
680 1854 834 1896 Auyusti
859 1854 999 1885 advenit
1024 1853 1195 1894 [Hansen
1221 1853 1242 1885 Z.
1268 1863 1294 1885 (τ.
1324 1852 1445 1893 6077)
1472 1854 1528 1885 21.
1552 1853 1708 1885 Octobris
1736 1855 1824 1886 1571
1852 1854 1899 1885 ad

133 1909 172 1943 P.
193 1908 423 1941 Leonardiim
450 1908 570 1941 Kissel
602 1908 737 1949 collegii
767 1908 975 1940 coloniensis
1000 1910 1168 1939 rectorem
1193 1906 1329 1938 litteras
1354 1906 1460 1948 dedit,
1487 1906 1613 1948 quibus
1637 1906 1733 1949 haec,
1753 1912 1900 1949 praeter

133 1963 245 1995 multa
280 1961 374 2003 alia,
414 1972 491 1993 cnm
527 1971 563 1993 eo
599 1960 899 1993 communicabat:
935 1960 1197 2002 „Ordinariam
1233 1956 1434 1991 lectionem“
1486 1959 1578 1991 Novi
1617 1959 1826 1992 Testamenti
1860 1961 1898 1992 in

133 2016 362 2047 universitate
395 2014 589 2046 habendam
620 2015 715 2057 „suis-
745 2013 903 2046 humeris
928 2023 997 2045 esse
1021 2010 1267 2055 impositam“;
1300 2022 1335 2044 se
1362 2012 1526 2052 infirmae
1559 2013 1772 2045 «valetudinis
1807 2023 1898 2054 8339,-

133 2079 166 2101 se
187 2060 355 2111 'operibus
381 2068 596 2100 Sanctorum
617 2067 766 2099 Patrum
791 2066 1033 2108 similibusque
1058 2066 1161 2098 libris
1187 2065 1439 2107 comparandis
1464 2075 1607 2107 operam
1633 2066 1765 2098 dedisse
1791 2077 1900 2109 neque

133 2125 246 2153 tamen
275 2132 315 2153 ea
342 2120 501 2153 nancisci
523 2120 692 2162 potuisse.
744 2119 922 2163 „Proinde
946 2120 1077 2161 scripsi
1108 2121 1189 2151 ante
1223 2119 1295 2151 dies
1321 2118 1456 2161 aliquot
1483 2119 1520 2152 P.
1552 2119 1696 2152 Canisio
1731 2130 1783 2151 me
1811 2130 1899 2161 pro-

134 2175 249 2207 missis
275 2175 357 2206 meis
384 2183 452 2206 non
478 2174 590 2206 solu-m
609 2173 650 2205 de
675 2173 825 2205 editione
844 2173 952 2215 Veqae
964 2172 988 2214 ⁶,
1013 2172 1073 2205 sed
1099 2172 1202 2204 etiam
1229 2172 1270 2204 de.
1294 2172 1486 2214 appendice
1508 2172 1715 2205 catechismi
1739 2172 1897 2205 authori·

134 2228 265 2260 tatibus
302 2227 540 2269 illustrando,
584 2229 613 2258 et
653 2226 808 2259 secunda
850 2226 1000 2258 editione
1042 2225 1303 2258 authoritatum
1345 2225 1648 2258 catechisticarnm
1691 2236 1758 2258 non
1796 2236 1899 2268 posse

133 2278 371 2323 satisfacere.“
388 2280 399 2299 Τ

253 2333 363 2367 Plura
390 2332 472 2366 vide
498 2331 591 2376 apud
619 2332 899 2375 Bmzmsberyer,
927 2330 1009 2364 Kat.
1040 2330 1117 2364 144.

259 2462 266 2481 ¹
293 2460 383 2494 Vide
409 2471 518 2505 supra
544 2472 576 2505 p.
603 2460 803 2494 472—-475.

256 2515 268 2534 ²
294 2514 314 2547 2
341 2514 411 2548 Par
437 2513 493 2554 34,
520 2514 551 2547 9.
603 2513 658 2547 Ier
684 2514 715 2553 6,
743 2513 782 2553 9;
811 2513 866 2554 31,
893 2513 924 2547 7.
975 2512 1025 2547 ΕΖ
1052 2513 1083 2554 9,
1110 2513 1142 2547 8.
1193 2512 1289 2547 Mieh
1315 2513 1347 2554 2,
1378 2513 1419 2546 12
1446 2515 1512 2547 etc.

256 2570 268 2587 ³
295 2567 342 2600 Ps
370 2567 447 2607 136,
475 2567 514 2607 8;
542 2566 587 2600 cf.
615 2566 671 2601 Gn
700 2567 752 2607 11,
780 2567 820 2606 9;
849 2566 883 2600 Is
908 2566 964 2608 48,
993 2567 1055 2607 203
1084 2567 1161 2610 Ape
1190 2567 1241 2607 16,
1271 2568 1312 2600 19
1340 2570 1405 2600 etc.

255 2623 266 2640 ⁴
293 2619 383 2654 Vide
409 2631 517 2664 supra
544 2631 576 2664 p.
602 2620 682 2661 472,
710 2622 746 2653 et
771 2620 816 2653 cf.
844 2620 962 2663 Dahr,
990 2620 1064 2653 Jes.
1091 2620 1106 2653 I
1135 2620 1212 2653 767.

257 2674 269 2692 ⁵
297 2672 460 2707 Canisius
495 2673 754 2717 praefationem
790 2672 848 2706 vel
883 2673 1001 2716 potius
1037 2672 1273 2706 dedicatorias
1309 2672 1351 2706 ad
1379 2671 1570 2706 Ernestum
1597 2672 1772 2706 Bavariae
1803 2672 1897 2717 prin-

138 2725 251 2769 cipem
278 2725 418 2759 litteras
444 2726 650 2770 praeposuit
675 2725 859 2770 praeclaro
895 2725 947 2759 illi
983 2727 1080 2770 operi
1111 2725 1182 2768 „De
1217 2725 1474 2760 iustificatione
1501 2725 1671 2759 Doctrina
1705 2726 1892 2760 universa⁴²

138 2778 181 2811 ab
209 2778 350 2811 Andrea
376 2778 418 2812 de
446 2779 547 2821 Vega
575 2779 611 2820 (†
642 2779 746 2823 1560)
775 2779 990 2822 segoviensi,
1018 2777 1059 2813 O.
1078 2779 1164 2813 Min.
1188 2790 1262 2822 reg.
1289 2779 1374 2820 obs.,
1402 2779 1612 2822 conscripto,
1639 2779 1733 2822 quod
1759 2790 1790 2813 a.
1809 2779 1897 2813 1572

139 2830 304 2864 Coloniae
331 2842 375 2864 ex
401 2831 545 2865 officina
563 2832 711 2866 Gervini
731 2831 866 2866 Calenii
893 2832 1116 2865 emendatius
1134 2831 1285 2876 prodiit;
1312 2842 1402 2875 quae
1429 2831 1571 2865 litterae
1597 2832 1631 2865 in
1650 2831 1756 2866 huius
1781 2833 1898 2876 operis

140 2883 208 2916 vol.
236 2883 303 2916 VlI
329 2886 514 2927 ponentur.
567 2884 620 2919 Cf.
647 2886 786 2919 Hurter
811 2885 832 2919 1.
860 2896 889 2919 c.
918 2885 966 2918 113
994 2885 1245 2926 1390-1392;
1275 2885 1538 2929 Sommerooyel,
1566 2884 1656 2918 Bibl.
1684 2885 1714 2918 11
1742 2885 1820 2919 675.

258 2937 270 2953 ‘²
297 2935 348 2969 De
374 2936 439 2969 hoc
465 2949 570 2981 opere
598 2950 631 2971 v.
659 2949 767 2982 supra
793 2938 911 2971 adnot.
932 2938 963 2971 5.

259 2989 270 3007 7
301 2988 561 3032 „Appendicem
601 2990 643 3023 de
682 2990 834 3024 hominis
872 2990 975 3035 lapsu
1014 2993 1050 3024 et
1086 2990 1340 3025 iustificatione
1377 2990 1571 3024 secundum
1610 2991 1824 3025 sententiam
1863 2993 1898 3024 et

139 3040 344 3074 Doctrinam
374 3041 520 3085 Concilij
545 3042 762 3077 Tridentini“
794 3043 889 3084 dicit,
917 3055 1023 3087 quam
1043 3043 1208 3078 Canisius
1234 3055 1265 3078 a.
1288 3044 1376 3078 1566
1403 3055 1518 3077 novae
1544 3043 1689 3077 editioni
1711 3043 1897 3086 „Summae

139 3093 330 3127 Doctrinae
357 3093 600 3127 Christiana&
632 3106 652 3128 a
678 3107 716 3128 se
743 3096 959 3140 compositae
986 3096 1171 3130 addiderat
1198 3097 1302 3139 (Can.
1323 3097 1353 3130 V
1373 3096 1469 3139 304).
1512 3096 1553 3130 In
1578 3108 1682 3141 opere
1715 3097 1897 3139 „Authori-
