2044 3335
324 97 426 132 1768.
453 98 539 132 Can.
566 97 747 141 Regimini
773 98 952 133 Austriae.
997 98 1197 144 Oeniponte
1223 99 1289 134 sub
1316 99 1453 133 exitum
1480 110 1510 133 a.
1533 99 1635 134 1571.
1773 103 1858 144 499

94 215 274 257 Patrum
307 214 495 257 omnium
519 215 829 258 Assistentium
863 215 914 257 in
949 215 1172 258 Christo
1205 216 1338 258 Jesu
1371 216 1586 258 domino
1619 218 1858 267 nostr01‚

94 279 166 332 qui
197 279 369 321 felicem
403 294 561 322 annum
594 280 795 323 societati
828 283 872 322 et
904 280 1129 322 Ecclesiae
1160 295 1264 323 suae
1295 281 1522 335 largiatur.

213 344 444 399 Oeniponti
480 347 531 387 17
566 345 769 388 Decemb.
808 346 917 387 1571

912 411 962 453 R·
997 411 1044 453 T·
1175 469 1309 511 Filius
1341 470 1498 512 Petrus
1531 471 1741 514 Canisius.

210 539 454 582 Admodum
499 540 754 582 Reuerendo
798 541 842 582 in
884 540 1053 583 Christo
1096 540 1217 582 Patri
1262 541 1365 583 Doc.
1401 541 1667 595 Hieronymo
1709 542 1861 585 Natali

91 604 266 646 Vicario
299 604 494 659 generali
528 604 760 648 Societatis
792 605 938 656 IESV,
972 605 1087 659 patri
1120 608 1283 649 nostro.
1407 606 1586 650 Romae.

209 674 351 709 Natalis
379 674 520 709 Canisio
548 676 733 720 respondit
759 676 814 709 26.
834 675 992 709 Ianuarii
1021 675 1123 709 1572.

89 788 244 826 1768.
344 790 561 825 CANISIUS
588 788 923 826 REGIMINI
950 789 1304 827 AUSTRIAE
1332 791 1528 836 superioris
1555 792 1802 837 oenipontano.

1170 843 1372 888 Oeniponte
1397 845 1464 879 sub
1491 844 1629 879 exitum
1656 857 1687 880 a.
1708 846 1811 881 1571.

209 902 265 936 Ex
291 902 527 946 autographo,
555 902 648 946 quod
667 904 789 936 exstat
809 902 1009 947 Oeniponte
1034 902 1071 936 in
1089 902 1237 937 archivo
1256 903 1504 948 praefecturae
1524 915 1713 938 caesareae
1735 905 1860 948 (Statt-

89 955 398 999 haltereiarchiv),
424 955 721 997 Ferdinandeum
748 955 1065 999 Religionssekten
1091 956 1127 990 in
1153 956 1250 990 Tirol
1277 958 1343 991 etc.
1370 969 1404 991 n.
1431 958 1499 992 237
1526 958 1550 992 f.
1574 959 1651 993 155.
1693 958 1860 1000 Litteras,

90 1010 209 1054 priore
247 1011 349 1054 parte
389 1009 592 1052 germanice
627 1019 752 1049 versa,
791 1009 902 1042 edidit
928 1011 971 1043 L.
998 1011 1104 1053 Rapp
1130 1009 1165 1043 in
1196 1009 1450 1051 „Katholische
1476 1011 1617 1046 Blatter
1652 1023 1716 1046 aus
1742 1012 1859 1046 Tirol“

88 1063 144 1097 23.
173 1062 310 1106 Jahrg„
337 1062 539 1096 Innsbruck
568 1062 669 1102 1865,
697 1062 766 1096 395
792 1063 993 1097 409—411.
1036 1063 1167 1097 Iisdem
1203 1074 1292 1097 usus
1318 1069 1374 1098 est
1400 1066 1527 1109 Kro'ss,
1556 1065 1860 1101 Can.191—192.

207 1113 400 1150 Praefatio
435 1113 603 1149 editoris.
665 1114 838 1156 Quoniam
878 1127 941 1160 per
975 1118 1092 1150 terras
1127 1115 1326 1150 catholicas
1361 1117 1544 1152 doctrinae
1583 1120 1860 1163 protestantium

87 1168 243 1203 maxime
278 1168 606 1202 disseminabantur
640 1167 741 1202 libris
776 1168 990 1213 libellisque,
1027 1169 1088 1213 qui
1122 1169 1215 1204 clam
1250 1170 1295 1204 iis
1330 1171 1587 1213 inferebantur,
1624 1172 1861 1216 magistratus

88 1222 256 1257 catholici
283 1222 337 1256 sui
364 1233 444 1256 esse
471 1221 580 1256 officii
608 1221 796 1262 ducebant,
824 1223 859 1255 in
886 1234 962 1256 eam
991 1234 1066 1257 rem
1102 1222 1293 1265 invigilare
1320 1225 1356 1257 et
1381 1224 1475 1258 malo
1510 1226 1705 1260 remedium
1733 1228 1860 1261 afferre

87 1287 150 1320 per
175 1276 272 1310 viros
291 1275 459 1314 delectos,
487 1275 547 1319 qui
574 1275 609 1308 iu
628 1274 781 1318 singulis
800 1275 1006 1318 regionibus
1024 1287 1156 1321 pravos
1173 1276 1284 1311 libros
1303 1277 1535 1322 explorarent
1553 1282 1588 1312 et
1614 1291 1659 1313 ex
1677 1279 1859 1314 hominum

86 1329 252 1364 manibus
277 1328 458 1363 tollerent.
509 1328 609 1370 Quod
636 1330 756 1362 autem
784 1329 827 1362 ad
854 1328 1003 1363 Tirolim
1030 1330 1171 1371 attinet,
1198 1330 1313 1374 prima
1340 1330 1514 1365 eiusmodi
1546 1332 1726 1374 „visitatio
1756 1333 1860 1368 libro-

86 1382 186 1416 rum“
209 1381 377 1416 incohata
395 1384 449 1416 est
476 1393 506 1416 a¹
529 1382 619 1416 1569
646 1381 681 1415 in
709 1393 750 1415 ea
769 1385 881 1426 parte,
909 1393 1000 1426 quae
1026 1383 1063 1416 in
1089 1383 1197 1417 rebus
1217 1383 1474 1419 ecclesiasticis
1493 1385 1537 1418 ad
1567 1386 1860 1421 archidioecesim

86 1435 392 1479 salisburgensem
426 1435 640 1480 pertinebat.
691 1434 858 1478 Delegati
895 1438 980 1469 sunt
1013 1447 1033 1470 a
1061 1436 1191 1470 Ioanne
1218 1437 1345 1471 Iacobo
1371 1437 1501 1472 Khuen
1528 1438 1570 1472 de
1597 1439 1716 1474 Belasi
1746 1440 1860 1475 archi—

86 1488 253 1534 episcopo
289 1489 446 1533 quinque
481 1488 560 1530 viri,
596 1488 726 1532 quibus
762 1490 929 1533 praeerat
963 1489 1215 1532 Sigismundus
1251 1490 1456 1525 Fridericus
1483 1491 1672 1536 Fuggerus
1701 1493 1860 1537 (Ioannis

86 1542 205 1576 iacobi
227 1542 385 1586 Fuggeri
411 1542 522 1586 filius)
551 1542 849 1586 metropolitanae
877 1542 1051 1577 ecclesiae
1070 1544 1275 1585 canonicus,
1302 1555 1323 1578 a
1348 1544 1572 1580 Ferdinando
1599 1549 1720 1581 autem
1747 1548 1861 1582 archi-

85 1595 174 1629 duce
208 1595 248 1629 P.
275 1595 444 1629 Nicolaus
479 1594 634 1629 Lanoius
670 1595 703 1630 S.
733 1595 766 1630 J.
794 1595 937 1639 collegii
973 1596 1203 1641 oenipontani
1237 1597 1371 1632 sodalis
1411 1601 1447 1632 et
1485 1599 1618 1634 Doctoi·
1655 1600 1783 1635 Rumel
1822 1604 1858 1635 et

84 1648 239 1683 Thomas
265 1648 379 1691 Kribl,
406 1660 556 1693 quorum
583 1652 735 1693 uterque
762 1649 805 1682 de
835 1649 1048 1692 „regimine“
1079 1650 1317 1694 oenipontano
1344 1654 1431 1685 erat.
1482 1652 1529 1685 Hi
1564 1653 1676 1696 igitur
1702 1658 1857 1690 exeunte

84 1713 115 1736 a.
145 1703 234 1737 1569
270 1702 537 1746 Rattenbergae
576 1701 853 1746 (Rattenberg)‚
896 1702 1106 1748 Haediopoli
1146 1703 1392 1748 (Kitzbuhel),
1430 1705 1610 1740 Kufstenii
1652 1706 1854 1752 (Kufstein)

83 1755 245 1799 singulos
270 1756 454 1790 iusserunt
479 1756 589 1790 libros
615 1767 700 1790 suos
726 1768 849 1790 omnes
875 1756 943 1790 sibi
971 1756 1116 1797 affer1·e;
1144 1757 1181 1790 in
1207 1758 1337 1801 quibus
1362 1758 1523 1793 nonnulli
1551 1760 1692 1803 quidem
1719 1762 1856 1796 inventi

82 1812 167 1843 sunt
193 1809 387 1855 catholici,⁸
405 1811 447 1843 ut
472 1809 707 1849 Passionalia,
735 1809 893 1844 Thomae
920 1822 940 1843 a
966 1810 1116 1855 Kempis
1141 1811 1300 1845 Imitatio
1328 1811 1462 1846 Christi
1490 1815 1568 1854 etc„
1605 1813 1709 1848 multi
1735 1817 1854 1849 autem

83 1863 285 1903 acatholici,
312 1866 352 1897 ut
377 1874 485 1908 opera
507 1862 667 1904 Lutheri‚
695 1863 867 1907 Zwinglii,
895 1863 1006 1897 Flacii
1025 1863 1172 1908 Illyrici,
1200 1864 1466 1910 Oecolampadii
1493 1868 1561 1900 etc.
1605 1867 1708 1901 Aliae
1735 1871 1855 1903 autem

81 1915 254 1950 librorum
272 1916 500 1951 visitationes
526 1916 562 1950 in
590 1916 669 1950 aliis
687 1916 817 1951 Tirolis
844 1917 1051 1959 regionibus
1071 1917 1238 1962 deinceps
1257 1930 1369 1963 paene
1387 1930 1501 1963 usque
1519 1920 1564 1954 ad
1582 1920 1797 1956 Ferdinandi
1811 1923 1855 1957 II.

82 1971 233 2004 mortem
263 1969 299 2013 (†
320 1970 426 2013 1595)
455 1970 598 2004 habitae
624 1973 719 2004 sunt.
763 1970 830 2004 His
857 1970 1077 2005 accedebant
1103 1971 1286 2006 contiones
1313 1984 1333 2005 a
1358 1972 1471 2007 Sociis
1498 1985 1539 2008 ea
1567 1974 1609 2008 de
1635 1986 1673 2009 re
1698 1975 1854 2010 habitae.

82 2023 137 2057 Ita
164 2025 336 2067 Aqrz‘cola
361 2023 451 2058 haec
485 2026 628 2058 narrat:
665 2023 778 2058 Halae
818 2026 1051 2068 „suggestum
1087 2025 1296 2059 conscendit
1330 2026 1455 2070 quinta
1487 2038 1507 2060 a
1532 2030 1655 2062 nostro
1689 2028 1855 2072 ingressu

83 2077 139 2110 die
165 2077 322 2111 secunda
348 2077 536 2111 Adventus
562 2077 749 2111 Dominica
776 2077 823 2122 [4.
843 2077 1053 2112 Decembris
1082 2078 1186 2122 1569]
1215 2079 1324 2113 Pater
1350 2080 1502 2114 loannes
1521 2080 1751 2123 Rabenstein‚
1779 2085 1855 2117 tan-

81 2132 228 2174 tamque
251 2131 325 2164 vim
350 2130 466 2175 prima
491 2131 614 2165 statim
635 2131 879 2166 concionantis
905 2131 1083 2173 facundia,
1119 2132 1311 2177 fervorque
1338 2132 1474 2174 habuit,
1501 2137 1540 2168 ut
1567 2146 1608 2169 ea
1635 2135 1750 2170 adhuc
1777 2136 1855 2170 luce

80 2183 163 2218 libri
189 2184 372 2218 variarum
399 2184 595 2218 haereseon
620 2184 679 2218 lue
706 2185 929 2229 pestilentes,
965 2185 1199 2220 ducentorum
1236 2186 1342 2220 facile
1378 2199 1566 2222 aureorum
1604 2190 1729 2233 pretio,
1763 2201 1854 2224 com-

80 2237 224 2282 portati,
252 2241 287 2272 et
312 2237 506 2272 luculentis
523 2238 678 2272 flammis
697 2238 856 2283 absorpti
879 2238 1034 2273 fuerint“
1060 2239 1097 2282 (l.
1118 2251 1146 2273 c.
1167 2240 1192 2281 I,
1212 2239 1296 2274 Dec.
1319 2241 1370 2281 13,
1398 2253 1431 2275 n.
1451 2241 1548 2286 216).
1584 2242 1708 2286 Neque
1733 2245 1854 2277 tamen

81 2291 170 2325 satis
197 2293 275 2325 erat
300 2303 433 2336 pravos
458 2291 568 2325 libros
595 2291 748 2332 auferri;
777 2292 973 2326 catholicos
1000 2293 1035 2326 in
1054 2305 1176 2327 eorum
1202 2292 1319 2327 locum
1346 2294 1517 2329 substitui
1537 2296 1742 2340 oportebat;
1770 2308 1852 2331 nam

81 2345 284 2390 complures
311 2345 353 2379 de
380 2345 490 2388 vulgo
517 2345 609 2379 bona
634 2345 703 2379 fide
736 2357 939 2390 magnoque
974 2347 1090 2390 pretio
1126 2347 1300 2380 eiusmodi
1336 2347 1464 2389 biblia,
1500 2349 1665 2393 postillas
1691 2352 1758 2384 etc.
1786 2350 1853 2384 sibi

81 2402 260 2439 emeraut;
289 2401 324 2432 et
350 2398 381 2433 si
407 2398 604 2432 catholicos
629 2398 740 2433 libros
766 2411 836 2433 non
855 2399 1090 2444 accipiebant,
1117 2400 1315 2434 timendum
1335 2404 1421 2441 erat,
1448 2414 1492 2436 ne
1511 2402 1625 2436 denuo
1652 2403 1853 2438 haereticos

80 2451 147 2486 sibi
175 2455 435 2497 compararent.
482 2452 609 2496 (Hirn,
636 2452 737 2486 Ferd.
758 2452 802 2486 II.
830 2453 844 2486 Ι
873 2453 1089 2497 182-193).
1126 2453 1243 2495 Quare
1270 2465 1301 2488 a.
1323 2455 1414 2489 1570
1442 2455 1480 2489 P.
1502 2457 1667 2490 Lcmoins
1693 2456 1852 2492 Chr1sto-

80 2505 232 2550 phorum
268 2505 485 2540 Kloeckhler
519 2505 706 2549 regiminis
743 2506 972 2551 oenipontani
1008 2507 1264 2541 cancellarium
1301 2507 1483 2548 *monuit,
1525 2509 1751 2553 „Epitomata
1789 2523 1853 2546 seu

80 2559 236 2593 minores
270 2559 442 2594 Postillas
474 2558 659 2593 Nauseae“
693 2560 708 2592 1
737 2559 870 2593 floreno
907 2559 975 2593 emi
1014 2561 1154 2605 possess,
1194 2563 1229 2594 et
1266 2561 1429 2605 proxime
1461 2561 1626 2606 Dilingae
1665 2565 1854 2608 evangelia

204 2666 211 2685 ¹
239 2665 327 2700 Rom
355 2666 386 2707 6,
416 2666 455 2700 11
485 2666 530 2700 23
557 2668 624 2700 etc.
654 2664 704 2709 (v.
731 2677 840 2710 supra
867 2678 899 2711 p.
920 2666 1034 2709 290⁹).

200 2720 213 2740 2
237 2719 440 2753 Fridericus
458 2718 602 2753 Nausea
624 2719 893 2763 (1480—1552)
913 2720 1102 2764 episcopus
1121 2720 1399 2755 vindobonensis
1418 2721 1561 2767 Lipsiae
1580 2735 1610 2758 a.
1633 2724 1722 2759 1539
1741 2726 1853 2760 edidit

83 2773 371 2815 „Catholicarum
396 2773 432 2806 in
464 2772 576 2807 totius
612 2773 695 2806 anni
730 2775 805 2807 tam
842 2773 884 2807 de
920 2776 1081 2818 tempore
1117 2785 1224 2818 quam
1260 2774 1303 2808 de
1329 2774 1471 2810 Sanctis
1497 2776 1698 2821 Evangelia
1724 2779 1852 2814 Postil-

78 2827 194 2861 larum
222 2829 257 2861 et
283 2826 521 2860 Homiliarum
547 2826 747 2871 Epitomen,
783 2827 861 2860 sive
898 2826 1197 2871 Coinpendium“;
1238 2829 1339 2862 cuius
1374 2828 1455 2863 libri
1492 2831 1611 2865 versio
1646 2834 1853 2875 germanica

78 2880 290 2924 Ingolstadii
325 2880 421 2913 edita
456 2882 512 2914 est
546 2892 576 2914 a.
604 2879 695 2914 1554
722 2882 757 2914 et
786 2880 874 2914 1566
902 2882 938 2913 et
966 2880 1076 2921 1573;
1112 2881 1220 2915 editio
1258 2881 1340 2915 anni
1369 2882 1460 2917 1566
1496 2883 1548 2918 sic
1574 2887 1630 2919 est
1659 2885 1851 2932 inscripta:

81 2934 174 2976 „Des
200 2933 477 2976 Hochwirdigen
503 2960 509 2967 .
539 2961 546 2968 .
575 2961 581 2967 .
609 2933 737 2967 herren
771 2933 955 2968 Friderich
988 2933 1132 2968 Nausea
1159 2962 1165 2968 .
1195 2962 1201 2968 .
1230 2962 1237 2969 .
1265 2935 1430 2980 Epitome
1464 2938 1549 2972 oder
1584 2937 1851 2985 Compendium,

79 2989 143 3022 das
168 2987 217 3021 ist
242 2987 301 3021 ain
327 2986 471 3030 ausszug
497 2987 582 3021 oder
607 2987 665 3021 ain
701 2987 828 3021 kurtze
855 2987 1073 3031 verfassung
1109 2989 1172 3022 der
1198 2988 1452 3024 Catholischen
1486 2992 1584 3026 vnnd
1612 2992 1851 3030 Christlichen

78 3041 206 3086 predig
232 3041 304 3074 vnd
323 3039 533 3083 ausslegung
551 3041 628 3074 auff
643 3040 698 3074 die
717 3040 917 3084 Evangelia
938 3068 944 3074 .
962 3068 968 3075 .
985 3068 992 3074 .
1013 3040 1084 3075 aul}
1111 3041 1344 3077 lateinischer
1361 3044 1492 3088 sprach
1518 3045 1579 3079 inu
1597 3046 1653 3080 die
1672 3047 1851 3083 Teutsche

79 3106 247 3138 gemgen,
285 3093 396 3128 durch
422 3094 471 3128 M.
499 3094 770 3128 Christofferum
799 3094 991 3128 Schweher
1024 3095 1061 3129 in
1096 3095 1158 3129 der
1184 3095 1452 3139 Kunigklichen
1486 3100 1578 3134 statt
1611 3099 1851 3137 Bohmischen

1486 3158 1563 3193 32*
