2044 3335
496 80 591 114 Mon.
620 80 688 114 953
713 79 791 114 sive
817 79 856 114 it.
877 78 944 123 (6).
987 79 1043 114 20.
1065 78 1178 122 (2112)
1209 78 1300 113 Iunii
1328 77 1429 112 1568.
1744 77 1828 117 577

72 196 155 239 („X.
183 196 359 230 Calendas
386 196 505 238 Iulii“)
538 196 627 230 1568
653 207 719 230 sua
745 207 852 229 manu
888 195 1061 228 cardinali
1088 193 1266 228 Stanislao
1292 193 1403 227 Hosio
1439 193 1604 237 episcopo
1640 190 1834 224 varmiensi

69 249 261 294 *scripsit:
301 249 590 291 „Illustrissimus
618 248 818 283 Cardinalis
843 247 1080 290 Augustanus
1114 249 1197 280 ante
1232 247 1324 280 diem
1359 245 1505 280 tertium
1537 245 1581 279 ad
1607 244 1730 278 urbem
1758 255 1835 288 per·

70 302 187 343 uenit;
217 301 381 336 Canisius
406 304 528 335 noster
554 302 737 336 nobiscum
765 301 839 335 est“
857 301 868 320 ¹
897 300 958 343 (ex
976 300 1107 334 litteris
1126 299 1345 344 archetypis,
1372 310 1525 342 quarum
1543 299 1681 343 partem
1701 299 1835 341 postre-

72 367 166 389 mam
204 355 368 389 Amulius
402 366 467 388 sua
502 366 609 388 manu
643 354 808 398 scripsit;
847 353 931 387 Cod.
968 364 1107 386 cracov.
1148 352 1268 394 „ez-ar.
1305 352 1418 386 1608“
1462 352 1508 394 [V.
1539 352 1627 385 Can.
1653 349 1703 384 IV
1730 349 1834 393 LXXI]

73 420 105 452 p.
133 407 230 451 384).
280 407 435 452 Prosper
469 419 553 441 vero
590 419 707 441 comes
743 407 786 440 ab
814 409 912 440 Arcu
948 408 1067 439 orator
1102 416 1293 439 caesareus
1320 404 1564 438 Maximiliano
1591 404 1635 437 ΙΙ.
1663 402 1837 446 *scripsit

71 460 184 494 Roma
212 461 265 495 19.
284 460 376 493 Iunii
405 460 514 494 1568:
545 460 602 502 „Jl
628 460 794 494 Cardinal
822 459 852 492 d’
869 459 1009 502 Agusta
1035 458 1220 502 s’aspetta
1246 458 1302 491 fra
1329 457 1384 502 doj
1414 457 1570 502 giornj“;
1598 459 1634 490 et
1660 456 1715 490 26.
1745 455 1837 490 Iunii

76 514 187 548 1568:
214 525 292 547 eum
314 513 369 548 21.
387 513 479 546 Iunii
499 513 647 547 Romam
673 513 863 547 advenisse
883 512 945 552 (ex
963 511 1215 555 autographis;
1244 510 1328 544 Cod.
1348 510 1489 544 vindob.
1513 510 1631 552 „Rom
1652 510 1749 543 Corr.
1769 510 1834 543 30⁸

72 568 97 600 f.
116 566 202 600 2351>
227 566 339 608 242³).
391 565 479 599 Fere
505 569 623 600 autem
660 568 797 600 certum
833 567 898 605 est,
925 564 1108 599 Canisium
1144 575 1224 597 cum
1260 575 1300 597 eo
1336 563 1537 597 advenisse.
1590 563 1695 597 Errat
1727 563 1839 606 igitur

74 621 248 663 Doriqny,
275 630 354 653 cum
383 618 564 653 Canisium
592 621 745 653 exeunte
772 631 816 652 m.
844 618 933 652 Iulio
959 617 1108 652 Romam
1135 617 1276 650 venisse
1303 616 1428 650 scribit
1457 616 1494 659 (l.
1515 627 1544 650 0.
1565 616 1661 659 310).

73 718 179 755 953
206 718 283 753 sive
309 716 372 752 it.
394 716 494 762 (6).
569 716 626 751 20.
646 715 750 760 (21.9)
770 714 865 751 1111111
891 713 986 750 1568.

194 777 249 811 Ex
275 776 482 822 apographo
509 775 621 810 eiusd.
648 778 757 820 temp.
807 774 925 809 Germ.
945 775 987 808 67
1016 773 1040 807 f.
1068 773 1160 808 160³.

198 838 364 870 Cant’siccs
398 847 475 869 cum
502 836 540 869 P.
568 836 760 879 Illerquitio
787 835 936 868 Romam
972 834 1078 876 venit,
1118 833 1306 866 Centurztas
1342 832 1569 874 refutaturus
1604 835 1633 863 et
1662 841 1841 872 procura-

74 896 184 924 torem
211 895 368 924 acturus

195 952 237 993 S.
263 950 520 991 Franciseus
543 949 725 1003 Borqicts
749 949 966 989 Societatis
984 948 1254 1002 praepositus
1284 946 1494 1001 yeozerolis
1517 946 1651 986 Roma
1675 945 1714 985 6.
1739 943 1842 985 Iulii

76 1018 194 1058 1568
226 1016 274 1057 P.
309 1015 484 1056 Nicolao
516 1014 681 1054 Lmzoz'o
714 1014 757 1055 S.
792 1013 834 1054 J.
869 1013 1020 1053 rectori
1052 1012 1210 1066 colleyii
1242 1011 1526 1065 οεπίροηίαηὶ,
1561 1010 1634 1064 qui
1666 1010 1705 1050 1.
1731 1009 1843 1050 Maii

76 1082 295 1135 Auqustae
321 1081 366 1120 ⁴in
391 1079 649 1120 Germaniae
671 1079 904 1132 superioris
927 1079 1241 1132 cowyreqatz'one
1261 1076 1516 1131 provinciali
1543 1072 1838 1126 „substffutuffi

75 1146 367 1201 procuratoris
410 1145 558 1185 electus
599 1148 690 1184 erat
723 1141 778 1194 (v.
813 1157 945 1196 supra
983 1156 1027 1196 p.
1062 1142 1182 1193 567),
1222 1142 1414 1195 scripsit:
1458 1140 1609 1180 Venne
1641 1139 1670 1179 il
1704 1137 1844 1179 Padre

78 1210 248 1252 Oanisio
281 1223 361 1250 con
393 1207 537 1250 sanita
575 1210 619 1249 et
660 1207 796 1248 anche
837 1207 866 1248 il
908 1221 984 1248 suo
1027 1219 1268 1260 compagno
1311 1209 1354 1248 et
1388 1207 1410 1246 e
1444 1205 1498 1246 da
1540 1217 1717 1258 sperare
1758 1216 1842 1244 non

78 1275 348 1330 perderanno
380 1273 407 1315 il
442 1276 602 1326 tempo,
644 1272 679 1313 Il
712 1272 852 1314 Padre
886 1271 1054 1314 Oanisio
1098 1270 1328 1313 attendera
1372 1270 1442 1311 all’
1463 1283 1595 1323 opera
1635 1269 1756 1318 sua2‚
1801 1270 1845 1309 et

78 1340 176 1383 fara
209 1339 345 1381 anche
377 1337 404 1379 l’
421 1338 563 1380 officio
597 1337 637 1379 di
670 1340 930 1391 procurator
958 1337 1000 1379 al
1033 1350 1109 1378 suo
1131 1338 1292 1390 tempo,
1326 1334 1489 1376 benche
1511 1348 1597 1375 non
1630 1334 1694 1375 sia
1727 1336 1845 1375 stata

79 1404 275 1458 legitima
308 1403 349 1445 in
383 1405 499 1445 tutto
531 1403 574 1444 la
606 1415 684 1444 sua
717 1402 935 1452 elettione‚
970 1416 1048 1456 per
1080 1415 1199 1443 esser
1238 1400 1298 1442 lui
1331 1399 1610 1442 Prouintiale.
1675 1399 1845 1448 Quanto

80 1471 154 1512 all’
174 1470 299 1520 altro,
344 1468 417 1510 alli
449 1467 647 1522 principij
690 1467 725 1508 si
758 1470 781 1509 e
814 1470 940 1509 usata
973 1467 1074 1520 ogni
1115 1465 1310 1516 suauita‚
1353 1469 1397 1508 et
1430 1479 1475 1507 se
1508 1465 1537 1506 li
1571 1466 1592 1506 e
1625 1477 1845 1518 permesso

80 1535 219 1578 anche
250 1534 453 1576 scriuere.

200 1598 255 1633 Ex
293 1597 483 1643 postremis
521 1596 619 1630 hisce
657 1596 778 1630 verbis
816 1599 925 1640 atque
964 1608 1009 1629 ex
1047 1594 1239 1640 *epistulis
1275 1595 1388 1629 Roma
1425 1595 1478 1629 10.
1506 1593 1662 1637 Augusti
1700 1592 1790 1628 1568
1825 1604 1846 1626 a

84 1652 124 1687 P.
151 1652 282 1686 Ioanne
318 1650 473 1685 Polanco
509 1651 552 1684 ad
588 1650 760 1684 Lanoiurn
788 1652 823 1683 et
849 1651 1015 1693 Augusta
1040 1650 1072 1683 4.
1101 1648 1321 1694 Septembris
1348 1648 1439 1682 1568
1466 1659 1486 1681 a
1512 1647 1551 1681 P.
1579 1647 1727 1680 Hoffaeo
1754 1647 1847 1680 vice-

83 1704 294 1751 provinciali
329 1705 372 1739 ad
399 1704 567 1748 Borgiam
604 1704 697 1738 datis
732 1703 964 1746 intellegitur,
993 1702 1135 1736 Canisio
1162 1702 1310 1736 Romam
1346 1701 1483 1746 petenti
1516 1701 1551 1734 in
1578 1700 1727 1743 collegio
1753 1700 1847 1733 oeni-

82 1761 237 1804 pontano
264 1758 429 1792 comitem
457 1757 663 1791 adiunctum
699 1768 778 1790 esse
805 1756 844 1790 P.
871 1758 1039 1790 Ioannem
1065 1755 1315 1800 Merquitium;
1352 1755 1413 1799 qui
1439 1754 1588 1788 Romam
1615 1754 1748 1787 missus
1781 1755 1847 1792 est,

83 1814 124 1846 ut
149 1824 169 1846 a
195 1812 306 1845 variis
332 1810 501 1856 periculis
527 1811 670 1844 abesset
697 1812 731 1843 et
757 1821 874 1843 mores
901 1810 1125 1850 emendaret;
1154 1821 1188 1843 v.
1207 1820 1316 1853 supra
1343 1821 1374 1853 p.
1396 1809 1459 1842 161
1489 1808 1558 1842 208
1586 1807 1663 1841 217.

201 1865 382 1907 Quomodo
408 1864 544 1898 factum
569 1863 627 1904 sit,
653 1865 694 1897 ut
720 1862 933 1897 Germaniae
959 1863 1153 1907 superioris
1180 1861 1271 1896 Socii
1291 1861 1474 1896 Canisium
1500 1861 1743 1905 praepositum
1770 1870 1848 1904 pro-

83 1918 275 1953 vincialem
314 1918 357 1951 ad
395 1917 600 1962 provinciae
639 1916 922 1961 procurationem
961 1916 1060 1950 illam
1099 1915 1271 1949 destinari
1310 1926 1413 1959 posse
1446 1914 1706 1954 existimarent,
1739 1913 1848 1946 etiam

83 1971 217 2007 clarius
244 1971 464 2014 intellegitur
489 1982 535 2004 ex
560 1971 713 2013 Boryiae
739 1970 899 2004 *litteris
925 1969 1038 2003 Roma
1064 1970 1119 2003 26.
1146 1969 1238 2002 Iunii
1266 1968 1356 2003 1568
1383 1968 1427 2002 ad
1454 1968 1493 2002 P.
1521 1967 1709 2001 Hoffaeum
1736 1966 1850 2006 datis3

84 2038 131 2060 ex
156 2026 200 2060 iis
232 2025 326 2059 enim
357 2024 425 2058 hoc
451 2025 698 2067 cognoscitur:
733 2024 813 2068 Ipse
840 2024 947 2057 etiam
974 2023 1012 2057 P.
1040 2022 1282 2057 Theodoricus
1310 2021 1475 2056 Canisius
1500 2023 1617 2054 rector
1643 2020 1850 2063 dilinganus

85 2079 246 2124 putabat,
273 2078 420 2112 Petrum
449 2077 641 2118 Canisium,
668 2079 857 2122 postquam
886 2077 1038 2120 Borgiae
1073 2076 1175 2110 iussu
1200 2076 1240 2110 P.
1268 2076 1415 2110 Hoffaeo
1442 2074 1736 2119 viceprovinciali
1771 2085 1848 2118 pro-

86 2132 242 2166 vinciam
268 2131 491 2176 permisisset
516 2131 721 2173 regendam,
747 2130 889 2164 nomine
912 2130 1024 2164 solum
1052 2129 1308 2174 provincialem
1328 2140 1418 2169 esse,
1444 2140 1514 2162 non
1533 2127 1756 2161 auctoritate.
1797 2126 1852 2159 Ita

86 2186 197 2229 igitur
223 2184 394 2227 Borgias:
434 2183 484 2226 „Il
509 2183 624 2217 Padre
652 2184 792 2218 Canisio
828 2183 946 2217 arriuo
973 2194 1059 2216 sano
1095 2183 1149 2216 col
1175 2194 1239 2216 suo
1275 2194 1483 2227 compagno,
1511 2184 1546 2215 et
1571 2192 1610 2215 se
1636 2180 1850 2214 arriuauano

86 2240 200 2285 prima
225 2239 258 2273 le
292 2241 414 2272 nostre
448 2238 576 2272 lettere
610 2249 673 2282 per
707 2237 839 2281 lequali
875 2238 905 2271 si
939 2237 1105 2271 scriueua
1137 2249 1206 2270 non
1241 2237 1395 2276 uenessi,
1430 2247 1500 2269 non
1535 2235 1687 2279 potendo
1713 2234 1738 2267 11
1766 2234 1848 2267 Pro·

86 2292 231 2327 uinciali
257 2304 320 2337 per
337 2291 568 2337 procuratori,
595 2291 625 2324 si
650 2302 877 2335 sparagnaua
896 2294 1024 2335 questa
1049 2291 1170 2331 fatica,
1198 2301 1256 2324 ma
1281 2290 1340 2333 gia
1358 2289 1411 2323 ch'
1428 2292 1446 2322 e
1473 2291 1615 2329 uenum,
1643 2288 1672 2322 si
1700 2289 1850 2321 trattera

84 2348 149 2390 qui
174 2348 302 2390 questa
328 2346 454 2385 estate,
481 2346 518 2377 et
542 2344 640 2377 forsa
666 2344 854 2386 bisognera
881 2345 1048 2388 dispensa
1075 2343 1173 2377 accio
1205 2354 1312 2388 possa
1338 2342 1492 2376 trouarsi
1526 2342 1621 2375 nella
1648 2341 1851 2384 congrega-

86 2400 182 2434 tione
201 2410 299 2433 come
324 2399 532 2443 procurator
550 2396 643 2430 della
662 2396 850 2431 Prouincia
876 2397 1002 2442 poiche
1020 2409 1089 2431 non
1116 2397 1314 2430 solamente
1332 2395 1375 2429 de
1401 2407 1504 2429 nome
1531 2406 1588 2428 ma
1607 2394 1649 2428 de
1675 2394 1853 2428 autoritaa

85 2455 106 2486 e
132 2454 227 2486 stato
253 2450 478 2486 Prouinciale
505 2461 655 2494 sempre‚
691 2449 722 2483 si
751 2449 818 2484 ben
845 2461 908 2494 per
942 2450 1046 2484 alcun
1081 2454 1200 2494 tempo
1227 2450 1266 2483 fu
1300 2449 1425 2482 scritto
1451 2448 1614 2482 lasciassi
1641 2449 1662 2481 a
1690 2447 1731 2481 V.
1759 2447 1799 2481 R.
1826 2447 1850 2481 il

85 2517 244 2549 gouerno
270 2504 305 2538 di
332 2503 460 2548 quella,
487 2506 613 2547 questo
640 2502 717 2536 dico
749 2502 784 2536 in
811 2503 1036 2548 particolare,
1071 2503 1202 2547 perche
1238 2503 1282 2536 da
1316 2502 1366 2535 lui
1401 2505 1517 2535 stesso
1544 2501 1574 2535 si
1601 2504 1619 2534 e
1645 2501 1760 2534 iuteso
1787 2501 1852 2534 che

88 2559 114 2593 il
138 2571 202 2593 suo
228 2557 370 2592 fratello
407 2560 443 2591 et
479 2557 574 2590 forsa
601 2556 757 2600 qualcun
784 2555 875 2590 altro
910 2559 1106 2590 senteuano
1133 2556 1197 2590 che
1232 2556 1428 2590 solamente
1455 2555 1489 2588 di
1515 2566 1618 2588 nome
1654 2554 1741 2588 fossi
1766 2554 1854 2588 Pro-

87 2611 241 2646 uinciale
267 2611 292 2645 il
310 2611 375 2645 che
401 2622 469 2644 non
497 2613 515 2643 e
542 2610 626 2649 cosi,
652 2609 793 2653 quando
818 2609 849 2643 si
875 2609 1008 2643 hauera
1035 2612 1055 2643 a
1077 2621 1229 2653 sgrauar
1255 2611 1275 2642 a
1300 2609 1391 2642 fatto
1410 2607 1489 2642 dell'
1505 2608 1670 2649 autorita‚
1697 2607 1728 2641 si
1753 2619 1853 2650 sgra-

89 2676 176 2700 uara
201 2664 314 2698 anche
333 2663 389 2698 del
416 2674 529 2703 nome,
557 2662 581 2696 il
599 2663 705 2706 quale
731 2662 936 2697 seruirebbe
963 2663 997 2696 di
1016 2675 1103 2707 poco
1122 2662 1272 2697 essendo
1290 2662 1376 2702 solo,
1404 2673 1421 2695 e
1435 2662 1448 2682 b
1472 2673 1511 2695 se
1530 2661 1588 2695 all’
1605 2661 1691 2695 hora
1709 2664 1854 2695 toccara

86 2721 110 2753 ὲ.
128 2718 170 2752 V.
190 2718 230 2752 R.
249 2719 372 2763 portar
397 2719 524 2761 questo
551 2727 647 2761 peso,
677 2727 782 2760 spero
817 2715 850 2749 le
877 2716 963 2750 dara
988 2715 1054 2749 Dio
1081 2715 1123 2751 N.
1151 2715 1300 2759 Signore
1334 2716 1431 2748 forze
1466 2714 1661 2748 sufficienti
1696 2726 1759 2759 per
1785 2714 1851 2748 ben

90 2771 257 2816 portarlo,
288 2782 386 2805 come
420 2769 504 2804 l’ha
538 2770 630 2803 fatto
656 2769 704 2802 fin
740 2770 810 2813 (1111,
847 2780 909 2803 con
946 2769 1051 2802 titulo
1078 2769 1113 2803 di
1140 2767 1469 2813 Viceprouinciale⁴⁶
1503 2767 1563 2811 (ex
1588 2779 1712 2812 apogr.
1740 2767 1851 2801 eiusd.

89 2828 217 2870 temp.;
246 2823 364 2859 Germ.
383 2824 426 2858 67
454 2823 478 2857 f.
500 2823 597 2865 155).

208 2884 235 2912 a)
257 2882 305 2907 Ita
324 2882 355 2906 in
374 2889 422 2913 ap.
442 2884 601 2906 correctum
624 2884 665 2905 est
687 2889 723 2906 ea·
743 2880 780 2905 de
800 2880 880 2907 fatti.
971 2880 1000 2911 b)
1022 2882 1055 2906 In
1077 2889 1124 2912 cup.
1143 2883 1307 2912 sequuntur
1329 2888 1369 2904 vv.
1391 2878 1444 2904 che
1465 2878 1515 2911 lui,
1535 2880 1624 2904 oblitt.

213 2960 222 2980 ¹
250 2958 451 2993 Cardinalis
476 2958 653 2998 Amulius,
680 2957 739 3001 qui
759 2957 940 2991 Canisium
966 2957 1087 2999 magni
1113 2955 1280 2997 faciebat,
1306 2967 1337 2990 a.
1359 2956 1591 2990 1565—1570
1617 2955 1855 2990 bibliothecae

90 3013 281 3047 vaticanae
307 3013 472 3057 praeerat
499 3011 549 3055 (ΙΖ
574 3013 806 3045 Manoseritto
833 3010 1033 3044 Messicano
1060 3009 1235 3043 Vaticano
1262 3009 1365 3051 3773,
1392 3008 1504 3043 Roma
1532 3009 1632 3051 1896,
1662 3010 1702 3044 11
1734 3009 1805 3053 13).

211 3066 225 3086 2
250 3065 471 3099 Refutationi
498 3065 747 3099 Centuriarum
776 3063 1153 3106 Magdeburgensium.

164 3128 439 3161 Braunsberge
449 3137 478 3159 r,
499 3128 610 3155 Canisii
631 3128 785 3162 Epistulae
805 3127 836 3153 et
856 3128 940 3154 Acta.
961 3126 1012 3153 VI.
1525 3122 1567 3156 37
