<?xml version="1.0" encoding="UTF-8"?>
<!DOCTYPE html PUBLIC "-//W3C//DTD XHTML 1.0 Transitional//EN"
    "http://www.w3.org/TR/xhtml1/DTD/xhtml1-transitional.dtd">
<html xmlns="http://www.w3.org/1999/xhtml" xml:lang="en" lang="en">
 <head>
  <title>
</title>
<meta http-equiv="Content-Type" content="text/html;charset=utf-8" />
  <meta name='ocr-system' content='tesseract 3.04.00' />
  <meta name='ocr-capabilities' content='ocr_page ocr_carea ocr_par ocr_line ocrx_word'/>
</head>
<body>
  <div class='ocr_page' id='page_1' title='image "beatipetricanisi06cani_0734.png"; bbox 0 0 2044 3335; ppageno 0'>
   <div class='ocr_carea' id='block_1_1' title="bbox 157 93 1473 142">
    <p class='ocr_par' dir='ltr' id='par_1_1' title="bbox 157 93 1473 142">
     <span class='ocr_line' id='line_1_1' title="bbox 157 93 1473 142; baseline -0.004 -10"><span class='ocrx_word' id='word_1_1' title='bbox 157 100 241 142; x_wconf 84' lang='grc'>660</span> <span class='ocrx_word' id='word_1_2' title='bbox 599 97 694 130; x_wconf 86' lang='lat' dir='ltr'>Mon.</span> <span class='ocrx_word' id='word_1_3' title='bbox 724 95 812 130; x_wconf 88' lang='lat'>1010</span> <span class='ocrx_word' id='word_1_4' title='bbox 839 95 916 128; x_wconf 83' lang='lat' dir='ltr'>sive</span> <span class='ocrx_word' id='word_1_5' title='bbox 943 94 1011 128; x_wconf 82' lang='lat' dir='ltr'>litt.</span> <span class='ocrx_word' id='word_1_6' title='bbox 1033 93 1099 137; x_wconf 90' lang='lat'>(5).</span> <span class='ocrx_word' id='word_1_7' title='bbox 1142 93 1292 128; x_wconf 79' lang='lat' dir='ltr'><strong>Aestate</strong></span> <span class='ocrx_word' id='word_1_8' title='bbox 1318 105 1350 127; x_wconf 92' lang='lat' dir='ltr'>a.</span> <span class='ocrx_word' id='word_1_9' title='bbox 1371 93 1473 128; x_wconf 95' lang='lat'>1567.</span> 
     </span>
    </p>
   </div>
   <div class='ocr_carea' id='block_1_2' title="bbox 156 207 1928 1763">
    <p class='ocr_par' dir='ltr' id='par_1_2' title="bbox 156 207 1918 397">
     <span class='ocr_line' id='line_1_2' title="bbox 156 207 1913 264; baseline -0.003 -8"><span class='ocrx_word' id='word_1_10' title='bbox 156 213 434 256; x_wconf 85' lang='lat' dir='ltr'>Francoford.</span> <span class='ocrx_word' id='word_1_11' title='bbox 481 211 805 254; x_wconf 89' lang='lat' dir='ltr'>Scholasticum.</span> <span class='ocrx_word' id='word_1_12' title='bbox 837 208 841 264; x_wconf 84' lang='grc' dir='ltr'>Ι</span> <span class='ocrx_word' id='word_1_13' title='bbox 871 209 1163 252; x_wconf 84' lang='lat' dir='ltr'>COLONIAE</span> <span class='ocrx_word' id='word_1_14' title='bbox 1194 207 1199 264; x_wconf 93' lang='grc' dir='ltr'>Ι</span> <span class='ocrx_word' id='word_1_15' title='bbox 1227 209 1354 264; x_wconf 92' lang='lat' dir='ltr'><strong>Apud</strong></span> <span class='ocrx_word' id='word_1_16' title='bbox 1376 209 1623 251; x_wconf 76' lang='lat' dir='ltr'>Maternum</span> <span class='ocrx_word' id='word_1_17' title='bbox 1647 209 1883 251; x_wconf 87' lang='lat' dir='ltr'>Cholinum.</span> <span class='ocrx_word' id='word_1_18' title='bbox 1912 208 1913 261; x_wconf 66' lang='lat' dir='ltr'><strong>f</strong></span> 
     </span>
     <span class='ocr_line' id='line_1_3' title="bbox 157 272 1918 330; baseline -0.003 -10"><span class='ocrx_word' id='word_1_19' title='bbox 157 278 422 321; x_wconf 83' lang='lat' dir='ltr'><strong>M.D.LXIX.</strong></span> <span class='ocrx_word' id='word_1_20' title='bbox 459 275 462 330; x_wconf 93' lang='grc' dir='ltr'>Ι</span> <span class='ocrx_word' id='word_1_21' title='bbox 494 278 597 318; x_wconf 72' lang='lat' dir='ltr'>Cum</span> <span class='ocrx_word' id='word_1_22' title='bbox 632 277 776 330; x_wconf 46' lang='lat' dir='ltr'>,qratia</span> <span class='ocrx_word' id='word_1_23' title='bbox 809 276 847 317; x_wconf 70' lang='grc' dir='ltr'>ὥ·</span> <span class='ocrx_word' id='word_1_24' title='bbox 885 276 1088 330; x_wconf 67' lang='lat' dir='ltr'>Priuileq.</span> <span class='ocrx_word' id='word_1_25' title='bbox 1125 275 1225 317; x_wconf 79' lang='lat' dir='ltr'>Cces.</span> <span class='ocrx_word' id='word_1_26' title='bbox 1260 273 1456 316; x_wconf 70' lang='lat' dir='ltr'>Maiest.“</span> <span class='ocrx_word' id='word_1_27' title='bbox 1493 272 1610 325; x_wconf 80' lang='lat'>(1203</span> <span class='ocrx_word' id='word_1_28' title='bbox 1652 288 1721 328; x_wconf 87' lang='lat' dir='ltr'>pp.</span> <span class='ocrx_word' id='word_1_29' title='bbox 1759 275 1841 316; x_wconf 88' lang='lat'>120</span> <span class='ocrx_word' id='word_1_30' title='bbox 1874 277 1918 316; x_wconf 91' lang='lat' dir='ltr'>et</span> 
     </span>
     <span class='ocr_line' id='line_1_4' title="bbox 157 338 1562 397; baseline -0.003 -13"><span class='ocrx_word' id='word_1_31' title='bbox 157 345 385 397; x_wconf 88' lang='lat' dir='ltr'>praeterea</span> <span class='ocrx_word' id='word_1_32' title='bbox 417 342 459 382; x_wconf 93' lang='lat' dir='ltr'>in</span> <span class='ocrx_word' id='word_1_33' title='bbox 492 340 612 382; x_wconf 90' lang='lat' dir='ltr'>initio</span> <span class='ocrx_word' id='word_1_34' title='bbox 646 340 718 382; x_wconf 87' lang='lat' dir='ltr'>fol.</span> <span class='ocrx_word' id='word_1_35' title='bbox 753 340 932 382; x_wconf 88' lang='lat' dir='ltr'>titulare</span> <span class='ocrx_word' id='word_1_36' title='bbox 965 342 1010 381; x_wconf 95' lang='lat' dir='ltr'>et</span> <span class='ocrx_word' id='word_1_37' title='bbox 1048 342 1073 381; x_wconf 99' lang='lat'>3</span> <span class='ocrx_word' id='word_1_38' title='bbox 1106 339 1193 381; x_wconf 88' lang='lat' dir='ltr'>alia</span> <span class='ocrx_word' id='word_1_39' title='bbox 1225 340 1266 381; x_wconf 86' lang='lat' dir='ltr'><strong>ff.</strong></span> <span class='ocrx_word' id='word_1_40' title='bbox 1301 353 1385 381; x_wconf 92' lang='lat' dir='ltr'>non</span> <span class='ocrx_word' id='word_1_41' title='bbox 1418 338 1562 393; x_wconf 90' lang='lat' dir='ltr'>sign.).</span> 
     </span>
    </p>

    <p class='ocr_par' dir='ltr' id='par_1_3' title="bbox 158 403 1928 1763">
     <span class='ocr_line' id='line_1_5' title="bbox 275 403 1919 459; baseline -0.001 -12"><span class='ocrx_word' id='word_1_42' title='bbox 275 407 322 447; x_wconf 90' lang='lat' dir='ltr'>In</span> <span class='ocrx_word' id='word_1_43' title='bbox 354 406 476 448; x_wconf 90' lang='lat' dir='ltr'>initio</span> <span class='ocrx_word' id='word_1_44' title='bbox 508 406 606 447; x_wconf 84' lang='lat' dir='ltr'>libri</span> <span class='ocrx_word' id='word_1_45' title='bbox 647 405 815 459; x_wconf 75' lang='lat' dir='ltr'>positae</span> <span class='ocrx_word' id='word_1_46' title='bbox 847 408 949 447; x_wconf 92' lang='lat' dir='ltr'>sunt</span> <span class='ocrx_word' id='word_1_47' title='bbox 988 405 1163 447; x_wconf 90' lang='lat' dir='ltr'>litterae</span> <span class='ocrx_word' id='word_1_48' title='bbox 1202 404 1508 455; x_wconf 83' lang='lat' dir='ltr'>dedicatoriae,</span> <span class='ocrx_word' id='word_1_49' title='bbox 1544 403 1831 446; x_wconf 86' lang='lat' dir='ltr'>Francofurto</span> <span class='ocrx_word' id='word_1_50' title='bbox 1865 403 1919 445; x_wconf 88' lang='lat' dir='ltr'>ad</span> 
     </span>
     <span class='ocr_line' id='line_1_6' title="bbox 158 468 1914 524; baseline -0.002 -11"><span class='ocrx_word' id='word_1_51' title='bbox 158 473 356 514; x_wconf 78' lang='lat' dir='ltr'>Moenum</span> <span class='ocrx_word' id='word_1_52' title='bbox 399 473 436 514; x_wconf 86' lang='lat'><strong>9.</strong></span> <span class='ocrx_word' id='word_1_53' title='bbox 470 471 633 524; x_wconf 81' lang='lat' dir='ltr'>Aprilis</span> <span class='ocrx_word' id='word_1_54' title='bbox 680 472 790 512; x_wconf 83' lang='lat'>1569</span> <span class='ocrx_word' id='word_1_55' title='bbox 834 470 887 512; x_wconf 89' lang='lat' dir='ltr'>ad</span> <span class='ocrx_word' id='word_1_56' title='bbox 927 471 1001 520; x_wconf 87' lang='lat' dir='ltr'><strong>„D.</strong></span> <span class='ocrx_word' id='word_1_57' title='bbox 1035 469 1314 511; x_wconf 88' lang='lat' dir='ltr'>Lambertum</span> <span class='ocrx_word' id='word_1_58' title='bbox 1359 469 1592 511; x_wconf 77' lang='lat' dir='ltr'>Gruterum</span> <span class='ocrx_word' id='word_1_59' title='bbox 1624 468 1914 510; x_wconf 89' lang='lat' dir='ltr'>Venradium“</span> 
     </span>
     <span class='ocr_line' id='line_1_7' title="bbox 158 533 1920 589; baseline -0.002 -11"><span class='ocrx_word' id='word_1_60' title='bbox 158 537 376 578; x_wconf 87' lang='lat' dir='ltr'>doctorem</span> <span class='ocrx_word' id='word_1_61' title='bbox 419 535 665 588; x_wconf 82' lang='lat' dir='ltr'>theologiae</span> <span class='ocrx_word' id='word_1_62' title='bbox 709 538 752 577; x_wconf 88' lang='lat' dir='ltr'>et</span> <span class='ocrx_word' id='word_1_63' title='bbox 793 534 1175 589; x_wconf 86' lang='lat' dir='ltr'>archiepiscopalis</span> <span class='ocrx_word' id='word_1_64' title='bbox 1217 534 1343 575; x_wconf 90' lang='lat' dir='ltr'>aulae</span> <span class='ocrx_word' id='word_1_65' title='bbox 1378 533 1658 587; x_wconf 89' lang='lat' dir='ltr'>moguntinae</span> <span class='ocrx_word' id='word_1_66' title='bbox 1700 533 1920 576; x_wconf 89' lang='lat' dir='ltr'>contiona-</span> 
     </span>
     <span class='ocr_line' id='line_1_8' title="bbox 158 597 1919 656; baseline -0.002 -13"><span class='ocrx_word' id='word_1_67' title='bbox 158 606 295 644; x_wconf 84' lang='lat' dir='ltr'>torem</span> <span class='ocrx_word' id='word_1_68' title='bbox 329 601 472 651; x_wconf 86' lang='lat' dir='ltr'>datae,</span> <span class='ocrx_word' id='word_1_69' title='bbox 515 600 558 642; x_wconf 90' lang='lat' dir='ltr'>in</span> <span class='ocrx_word' id='word_1_70' title='bbox 591 601 744 654; x_wconf 92' lang='lat' dir='ltr'>quibus</span> <span class='ocrx_word' id='word_1_71' title='bbox 777 601 1028 656; x_wconf 69' lang='lat' dir='ltr'>Sclzwayyer</span> <span class='ocrx_word' id='word_1_72' title='bbox 1068 599 1131 641; x_wconf 88' lang='lat' dir='ltr'>ita</span> <span class='ocrx_word' id='word_1_73' title='bbox 1168 598 1341 641; x_wconf 84' lang='lat' dir='ltr'>scribit:</span> <span class='ocrx_word' id='word_1_74' title='bbox 1380 598 1556 649; x_wconf 86' lang='lat' dir='ltr'>„Libros</span> <span class='ocrx_word' id='word_1_75' title='bbox 1588 599 1640 640; x_wconf 93' lang='lat' dir='ltr'>D.</span> <span class='ocrx_word' id='word_1_76' title='bbox 1674 597 1919 651; x_wconf 82' lang='lat' dir='ltr'>Augustini,</span> 
     </span>
     <span class='ocr_line' id='line_1_9' title="bbox 158 663 1922 718; baseline -0.002 -11"><span class='ocrx_word' id='word_1_77' title='bbox 158 666 237 707; x_wconf 82' lang='lat' dir='ltr'>Vir</span> <span class='ocrx_word' id='word_1_78' title='bbox 278 665 564 715; x_wconf 88' lang='lat' dir='ltr'>ornatissime,</span> <span class='ocrx_word' id='word_1_79' title='bbox 610 679 716 718; x_wconf 89' lang='lat' dir='ltr'>quos</span> <span class='ocrx_word' id='word_1_80' title='bbox 758 664 1084 707; x_wconf 87' lang='lat' dir='ltr'>Confessionum</span> <span class='ocrx_word' id='word_1_81' title='bbox 1125 677 1300 705; x_wconf 91' lang='lat' dir='ltr'>suarum</span> <span class='ocrx_word' id='word_1_82' title='bbox 1341 663 1575 717; x_wconf 82' lang='lat' dir='ltr'>inscripsit,</span> <span class='ocrx_word' id='word_1_83' title='bbox 1619 678 1645 705; x_wconf 91' lang='lat' dir='ltr'>a</span> <span class='ocrx_word' id='word_1_84' title='bbox 1685 663 1922 718; x_wconf 89' lang='lat' dir='ltr'>praeclaris</span> 
     </span>
     <span class='ocr_line' id='line_1_10' title="bbox 158 727 1920 784; baseline -0.002 -12"><span class='ocrx_word' id='word_1_85' title='bbox 158 731 263 772; x_wconf 81' lang='lat' dir='ltr'>viris</span> <span class='ocrx_word' id='word_1_86' title='bbox 305 731 476 784; x_wconf 91' lang='lat' dir='ltr'>saepius</span> <span class='ocrx_word' id='word_1_87' title='bbox 517 730 699 772; x_wconf 90' lang='lat' dir='ltr'>multum</span> <span class='ocrx_word' id='word_1_88' title='bbox 742 729 1066 772; x_wconf 88' lang='lat' dir='ltr'>commendatos</span> <span class='ocrx_word' id='word_1_89' title='bbox 1107 728 1294 779; x_wconf 87' lang='lat' dir='ltr'>memini,</span> <span class='ocrx_word' id='word_1_90' title='bbox 1338 743 1390 770; x_wconf 91' lang='lat' dir='ltr'>ea</span> <span class='ocrx_word' id='word_1_91' title='bbox 1431 728 1703 782; x_wconf 88' lang='lat' dir='ltr'>potissimum</span> <span class='ocrx_word' id='word_1_92' title='bbox 1737 727 1920 777; x_wconf 88' lang='lat' dir='ltr'>ratione,</span> 
     </span>
     <span class='ocr_line' id='line_1_11' title="bbox 159 792 1920 850; baseline -0.002 -13"><span class='ocrx_word' id='word_1_93' title='bbox 159 810 269 850; x_wconf 91' lang='lat' dir='ltr'>quae</span> <span class='ocrx_word' id='word_1_94' title='bbox 291 810 395 837; x_wconf 91' lang='lat' dir='ltr'>sane</span> <span class='ocrx_word' id='word_1_95' title='bbox 419 795 578 849; x_wconf 79' lang='lat' dir='ltr'>exigua</span> <span class='ocrx_word' id='word_1_96' title='bbox 600 809 684 836; x_wconf 92' lang='lat' dir='ltr'>non</span> <span class='ocrx_word' id='word_1_97' title='bbox 709 797 787 845; x_wconf 85' lang='lat' dir='ltr'>est,</span> <span class='ocrx_word' id='word_1_98' title='bbox 823 795 934 848; x_wconf 91' lang='lat' dir='ltr'>quod</span> <span class='ocrx_word' id='word_1_99' title='bbox 962 797 1051 836; x_wconf 89' lang='lat' dir='ltr'>tam</span> <span class='ocrx_word' id='word_1_100' title='bbox 1076 794 1129 836; x_wconf 88' lang='lat' dir='ltr'>ad</span> <span class='ocrx_word' id='word_1_101' title='bbox 1153 794 1231 835; x_wconf 91' lang='lat' dir='ltr'>Dei</span> <span class='ocrx_word' id='word_1_102' title='bbox 1254 808 1384 847; x_wconf 91' lang='lat' dir='ltr'>quam</span> <span class='ocrx_word' id='word_1_103' title='bbox 1407 793 1609 847; x_wconf 85' lang='lat' dir='ltr'>suijpsius</span> <span class='ocrx_word' id='word_1_104' title='bbox 1632 792 1920 847; x_wconf 83' lang='lat' dir='ltr'>cognitionem</span> 
     </span>
     <span class='ocr_line' id='line_1_12' title="bbox 160 857 1922 915; baseline -0.002 -13"><span class='ocrx_word' id='word_1_105' title='bbox 160 862 367 903; x_wconf 88' lang='lat' dir='ltr'>afferrent</span> <span class='ocrx_word' id='word_1_106' title='bbox 410 860 653 915; x_wconf 86' lang='lat' dir='ltr'>plurimum.</span> <span class='ocrx_word' id='word_1_107' title='bbox 716 860 915 901; x_wconf 88' lang='lat' dir='ltr'>Accessit</span> <span class='ocrx_word' id='word_1_108' title='bbox 959 859 1135 901; x_wconf 91' lang='lat' dir='ltr'>tandem</span> <span class='ocrx_word' id='word_1_109' title='bbox 1177 862 1222 901; x_wconf 93' lang='lat' dir='ltr'>et</span> <span class='ocrx_word' id='word_1_110' title='bbox 1264 859 1491 900; x_wconf 87' lang='lat' dir='ltr'>reuerendi</span> <span class='ocrx_word' id='word_1_111' title='bbox 1536 858 1674 912; x_wconf 88' lang='lat' dir='ltr'>patris</span> <span class='ocrx_word' id='word_1_112' title='bbox 1715 858 1760 900; x_wconf 94' lang='lat' dir='ltr'>P.</span> <span class='ocrx_word' id='word_1_113' title='bbox 1804 857 1922 900; x_wconf 92' lang='lat' dir='ltr'>Petri</span> 
     </span>
     <span class='ocr_line' id='line_1_13' title="bbox 160 922 1924 978; baseline -0.002 -11"><span class='ocrx_word' id='word_1_114' title='bbox 160 925 317 968; x_wconf 88' lang='lat' dir='ltr'>Canisii</span> <span class='ocrx_word' id='word_1_115' title='bbox 339 925 546 978; x_wconf 89' lang='lat' dir='ltr'>Theologi</span> <span class='ocrx_word' id='word_1_116' title='bbox 579 925 660 967; x_wconf 91' lang='lat' dir='ltr'>hac</span> <span class='ocrx_word' id='word_1_117' title='bbox 692 928 843 967; x_wconf 89' lang='lat' dir='ltr'>nostra</span> <span class='ocrx_word' id='word_1_118' title='bbox 869 927 1016 967; x_wconf 88' lang='lat' dir='ltr'>aetate</span> <span class='ocrx_word' id='word_1_119' title='bbox 1040 924 1395 966; x_wconf 83' lang='lat' dir='ltr'>excellentissimi</span> <span class='ocrx_word' id='word_1_120' title='bbox 1426 923 1641 973; x_wconf 85' lang='lat' dir='ltr'>iudicium,</span> <span class='ocrx_word' id='word_1_121' title='bbox 1676 923 1790 976; x_wconf 91' lang='lat' dir='ltr'>quod</span> <span class='ocrx_word' id='word_1_122' title='bbox 1821 922 1924 964; x_wconf 87' lang='lat' dir='ltr'>mihi</span> 
     </span>
     <span class='ocr_line' id='line_1_14' title="bbox 160 988 1923 1046; baseline -0.002 -13"><span class='ocrx_word' id='word_1_123' title='bbox 160 991 355 1046; x_wconf 87' lang='lat' dir='ltr'>profecto</span> <span class='ocrx_word' id='word_1_124' title='bbox 389 990 511 1043; x_wconf 81' lang='lat' dir='ltr'>quasi</span> <span class='ocrx_word' id='word_1_125' title='bbox 542 990 682 1033; x_wconf 90' lang='lat' dir='ltr'>instar</span> <span class='ocrx_word' id='word_1_126' title='bbox 705 990 905 1032; x_wconf 90' lang='lat' dir='ltr'>omnium.</span> <span class='ocrx_word' id='word_1_127' title='bbox 955 989 1146 1042; x_wconf 84' lang='lat' dir='ltr'>Contigit</span> <span class='ocrx_word' id='word_1_128' title='bbox 1173 1003 1360 1042; x_wconf 89' lang='lat' dir='ltr'>namque</span> <span class='ocrx_word' id='word_1_129' title='bbox 1384 991 1486 1031; x_wconf 89' lang='lat' dir='ltr'>ante</span> <span class='ocrx_word' id='word_1_130' title='bbox 1509 988 1740 1038; x_wconf 85' lang='lat' dir='ltr'>biennium,</span> <span class='ocrx_word' id='word_1_131' title='bbox 1773 988 1923 1038; x_wconf 89' lang='lat' dir='ltr'>ferme,</span> 
     </span>
     <span class='ocr_line' id='line_1_15' title="bbox 162 1052 1924 1107; baseline -0.002 -10"><span class='ocrx_word' id='word_1_132' title='bbox 162 1071 257 1098; x_wconf 90' lang='lat' dir='ltr'>cum</span> <span class='ocrx_word' id='word_1_133' title='bbox 290 1055 645 1098; x_wconf 87' lang='lat' dir='ltr'>Francofordiam</span> <span class='ocrx_word' id='word_1_134' title='bbox 679 1055 792 1097; x_wconf 86' lang='lat' dir='ltr'>forte</span> <span class='ocrx_word' id='word_1_135' title='bbox 830 1055 974 1096; x_wconf 85' lang='lat' dir='ltr'>fuerat</span> <span class='ocrx_word' id='word_1_136' title='bbox 1015 1055 1250 1107; x_wconf 87' lang='lat' dir='ltr'>ingressus,</span> <span class='ocrx_word' id='word_1_137' title='bbox 1293 1068 1414 1095; x_wconf 90' lang='lat' dir='ltr'>suam</span> <span class='ocrx_word' id='word_1_138' title='bbox 1448 1054 1498 1096; x_wconf 82' lang='lat' dir='ltr'><strong>R.</strong></span> <span class='ocrx_word' id='word_1_139' title='bbox 1532 1067 1600 1095; x_wconf 90' lang='lat' dir='ltr'>me</span> <span class='ocrx_word' id='word_1_140' title='bbox 1632 1052 1754 1105; x_wconf 89' lang='lat' dir='ltr'>(tunc</span> <span class='ocrx_word' id='word_1_141' title='bbox 1786 1053 1924 1094; x_wconf 89' lang='lat' dir='ltr'>eidem</span> 
     </span>
     <span class='ocr_line' id='line_1_16' title="bbox 163 1118 1924 1173; baseline -0.003 -10"><span class='ocrx_word' id='word_1_142' title='bbox 163 1122 301 1164; x_wconf 87' lang='lat' dir='ltr'>adhuc</span> <span class='ocrx_word' id='word_1_143' title='bbox 335 1121 385 1162; x_wconf 88' lang='lat' dir='ltr'>de</span> <span class='ocrx_word' id='word_1_144' title='bbox 418 1120 530 1162; x_wconf 87' lang='lat' dir='ltr'>facie</span> <span class='ocrx_word' id='word_1_145' title='bbox 562 1120 772 1173; x_wconf 89' lang='lat' dir='ltr'>ignotum,</span> <span class='ocrx_word' id='word_1_146' title='bbox 816 1123 859 1162; x_wconf 92' lang='lat' dir='ltr'>et</span> <span class='ocrx_word' id='word_1_147' title='bbox 892 1120 1077 1162; x_wconf 85' lang='lat' dir='ltr'>aduersa</span> <span class='ocrx_word' id='word_1_148' title='bbox 1109 1120 1380 1161; x_wconf 81' lang='lat' dir='ltr'>laborantem</span> <span class='ocrx_word' id='word_1_149' title='bbox 1412 1118 1682 1172; x_wconf 85' lang='lat' dir='ltr'>valetudine)</span> <span class='ocrx_word' id='word_1_150' title='bbox 1715 1132 1924 1172; x_wconf 86' lang='lat' dir='ltr'>perquam</span> 
     </span>
     <span class='ocr_line' id='line_1_17' title="bbox 162 1182 1925 1239; baseline -0.002 -11"><span class='ocrx_word' id='word_1_151' title='bbox 162 1186 409 1228; x_wconf 86' lang='lat' dir='ltr'>humaniter</span> <span class='ocrx_word' id='word_1_152' title='bbox 440 1185 648 1227; x_wconf 86' lang='lat' dir='ltr'>inuisere:</span> <span class='ocrx_word' id='word_1_153' title='bbox 687 1185 760 1227; x_wconf 88' lang='lat' dir='ltr'>vbi</span> <span class='ocrx_word' id='word_1_154' title='bbox 801 1185 914 1227; x_wconf 88' lang='lat' dir='ltr'>inter</span> <span class='ocrx_word' id='word_1_155' title='bbox 947 1185 1034 1227; x_wconf 89' lang='lat' dir='ltr'>alia</span> <span class='ocrx_word' id='word_1_156' title='bbox 1065 1184 1308 1239; x_wconf 87' lang='lat' dir='ltr'>praesentis</span> <span class='ocrx_word' id='word_1_157' title='bbox 1340 1184 1531 1227; x_wconf 89' lang='lat' dir='ltr'>instituti</span> <span class='ocrx_word' id='word_1_158' title='bbox 1563 1183 1825 1225; x_wconf 88' lang='lat' dir='ltr'>mentionem</span> <span class='ocrx_word' id='word_1_159' title='bbox 1858 1182 1925 1224; x_wconf 87' lang='lat' dir='ltr'>fa-</span> 
     </span>
     <span class='ocr_line' id='line_1_18' title="bbox 163 1248 1924 1305; baseline -0.003 -12"><span class='ocrx_word' id='word_1_160' title='bbox 163 1252 291 1301; x_wconf 85' lang='lat' dir='ltr'>ciens,</span> <span class='ocrx_word' id='word_1_161' title='bbox 315 1251 358 1293; x_wconf 94' lang='lat' dir='ltr'>in</span> <span class='ocrx_word' id='word_1_162' title='bbox 381 1265 476 1293; x_wconf 90' lang='lat' dir='ltr'>eam</span> <span class='ocrx_word' id='word_1_163' title='bbox 500 1251 760 1293; x_wconf 88' lang='lat' dir='ltr'>sententiam</span> <span class='ocrx_word' id='word_1_164' title='bbox 784 1249 1186 1305; x_wconf 83' lang='lat' dir='ltr'>praestantissimus</span> <span class='ocrx_word' id='word_1_165' title='bbox 1208 1249 1276 1291; x_wconf 88' lang='lat' dir='ltr'>vir</span> <span class='ocrx_word' id='word_1_166' title='bbox 1296 1249 1371 1291; x_wconf 92' lang='lat' dir='ltr'>ille</span> <span class='ocrx_word' id='word_1_167' title='bbox 1392 1249 1750 1303; x_wconf 84' lang='lat' dir='ltr'>proloquebatur:</span> <span class='ocrx_word' id='word_1_168' title='bbox 1774 1248 1924 1289; x_wconf 86' lang='lat' dir='ltr'>vtilem</span> 
     </span>
     <span class='ocr_line' id='line_1_19' title="bbox 163 1312 1926 1370; baseline -0.002 -12"><span class='ocrx_word' id='word_1_169' title='bbox 163 1317 368 1359; x_wconf 85' lang='lat' dir='ltr'>videlicet</span> <span class='ocrx_word' id='word_1_170' title='bbox 399 1316 492 1358; x_wconf 88' lang='lat' dir='ltr'>fore</span> <span class='ocrx_word' id='word_1_171' title='bbox 524 1316 730 1366; x_wconf 89' lang='lat' dir='ltr'>laborem,</span> <span class='ocrx_word' id='word_1_172' title='bbox 765 1316 799 1357; x_wconf 90' lang='lat' dir='ltr'>si</span> <span class='ocrx_word' id='word_1_173' title='bbox 834 1315 929 1369; x_wconf 93' lang='lat' dir='ltr'>quis</span> <span class='ocrx_word' id='word_1_174' title='bbox 961 1315 1227 1370; x_wconf 89' lang='lat' dir='ltr'>praelibatos</span> <span class='ocrx_word' id='word_1_175' title='bbox 1261 1314 1585 1356; x_wconf 87' lang='lat' dir='ltr'>Confessionum</span> <span class='ocrx_word' id='word_1_176' title='bbox 1617 1314 1668 1356; x_wconf 89' lang='lat' dir='ltr'>D.</span> <span class='ocrx_word' id='word_1_177' title='bbox 1693 1312 1926 1366; x_wconf 89' lang='lat' dir='ltr'>Augustini</span> 
     </span>
     <span class='ocr_line' id='line_1_20' title="bbox 163 1377 1927 1435; baseline -0.002 -12"><span class='ocrx_word' id='word_1_178' title='bbox 163 1382 295 1424; x_wconf 88' lang='lat' dir='ltr'>libros</span> <span class='ocrx_word' id='word_1_179' title='bbox 336 1382 378 1423; x_wconf 92' lang='lat' dir='ltr'>in</span> <span class='ocrx_word' id='word_1_180' title='bbox 421 1381 717 1435; x_wconf 89' lang='lat' dir='ltr'>compendium</span> <span class='ocrx_word' id='word_1_181' title='bbox 759 1381 991 1434; x_wconf 86' lang='lat' dir='ltr'>redigeret.</span> <span class='ocrx_word' id='word_1_182' title='bbox 1056 1380 1168 1422; x_wconf 90' lang='lat' dir='ltr'>Hinc</span> <span class='ocrx_word' id='word_1_183' title='bbox 1200 1393 1280 1433; x_wconf 90' lang='lat' dir='ltr'>ego</span> <span class='ocrx_word' id='word_1_184' title='bbox 1319 1382 1495 1434; x_wconf 91' lang='lat' dir='ltr'>arrepta</span> <span class='ocrx_word' id='word_1_185' title='bbox 1537 1378 1661 1432; x_wconf 89' lang='lat' dir='ltr'>quasi</span> <span class='ocrx_word' id='word_1_186' title='bbox 1703 1377 1927 1420; x_wconf 88' lang='lat' dir='ltr'>occasione</span> 
     </span>
     <span class='ocr_line' id='line_1_21' title="bbox 164 1443 1927 1500; baseline -0.003 -12"><span class='ocrx_word' id='word_1_187' title='bbox 164 1447 337 1489; x_wconf 88' lang='lat' dir='ltr'>minime</span> <span class='ocrx_word' id='word_1_188' title='bbox 359 1447 633 1500; x_wconf 89' lang='lat' dir='ltr'>negligenda,</span> <span class='ocrx_word' id='word_1_189' title='bbox 667 1446 778 1488; x_wconf 89' lang='lat' dir='ltr'>serio</span> <span class='ocrx_word' id='word_1_190' title='bbox 802 1446 978 1488; x_wconf 83' lang='lat' dir='ltr'>tandem</span> <span class='ocrx_word' id='word_1_191' title='bbox 1003 1445 1054 1487; x_wconf 86' lang='lat' dir='ltr'>de</span> <span class='ocrx_word' id='word_1_192' title='bbox 1076 1445 1169 1499; x_wconf 89' lang='lat' dir='ltr'>ipso</span> <span class='ocrx_word' id='word_1_193' title='bbox 1192 1445 1367 1497; x_wconf 89' lang='lat' dir='ltr'>negotio</span> <span class='ocrx_word' id='word_1_194' title='bbox 1392 1444 1586 1498; x_wconf 88' lang='lat' dir='ltr'>cogitare</span> <span class='ocrx_word' id='word_1_195' title='bbox 1609 1443 1743 1497; x_wconf 91' lang='lat' dir='ltr'>coepi,</span> <span class='ocrx_word' id='word_1_196' title='bbox 1777 1456 1927 1496; x_wconf 89' lang='lat' dir='ltr'>quam-</span> 
     </span>
     <span class='ocr_line' id='line_1_22' title="bbox 164 1507 1928 1564; baseline -0.003 -10"><span class='ocrx_word' id='word_1_197' title='bbox 164 1513 229 1554; x_wconf 90' lang='lat' dir='ltr'>uis</span> <span class='ocrx_word' id='word_1_198' title='bbox 253 1513 305 1555; x_wconf 91' lang='lat' dir='ltr'>ob</span> <span class='ocrx_word' id='word_1_199' title='bbox 339 1512 446 1554; x_wconf 92' lang='lat' dir='ltr'>alias</span> <span class='ocrx_word' id='word_1_200' title='bbox 469 1526 553 1554; x_wconf 91' lang='lat' dir='ltr'>non</span> <span class='ocrx_word' id='word_1_201' title='bbox 576 1512 717 1553; x_wconf 88' lang='lat' dir='ltr'>minus</span> <span class='ocrx_word' id='word_1_202' title='bbox 739 1511 868 1553; x_wconf 85' lang='lat' dir='ltr'>Vtiles</span> <span class='ocrx_word' id='word_1_203' title='bbox 902 1525 1030 1564; x_wconf 91' lang='lat' dir='ltr'>quam</span> <span class='ocrx_word' id='word_1_204' title='bbox 1053 1510 1322 1552; x_wconf 88' lang='lat' dir='ltr'>necessarias</span> <span class='ocrx_word' id='word_1_205' title='bbox 1345 1509 1650 1564; x_wconf 86' lang='lat' dir='ltr'>occupationes</span> <span class='ocrx_word' id='word_1_206' title='bbox 1683 1508 1768 1550; x_wconf 89' lang='lat' dir='ltr'>iam</span> <span class='ocrx_word' id='word_1_207' title='bbox 1791 1507 1928 1550; x_wconf 88' lang='lat' dir='ltr'>serius</span> 
     </span>
     <span class='ocr_line' id='line_1_23' title="bbox 164 1573 1928 1630; baseline -0.003 -11"><span class='ocrx_word' id='word_1_208' title='bbox 164 1579 409 1620; x_wconf 89' lang='lat' dir='ltr'>absolutum</span> <span class='ocrx_word' id='word_1_209' title='bbox 450 1577 688 1619; x_wconf 87' lang='lat' dir='ltr'>videamus.</span> <span class='ocrx_word' id='word_1_210' title='bbox 753 1576 886 1618; x_wconf 90' lang='lat' dir='ltr'>Porro</span> <span class='ocrx_word' id='word_1_211' title='bbox 930 1576 1059 1630; x_wconf 90' lang='lat' dir='ltr'>plane</span> <span class='ocrx_word' id='word_1_212' title='bbox 1099 1589 1354 1630; x_wconf 87' lang='lat' dir='ltr'>persuasum</span> <span class='ocrx_word' id='word_1_213' title='bbox 1397 1574 1594 1617; x_wconf 89' lang='lat' dir='ltr'>omnibus</span> <span class='ocrx_word' id='word_1_214' title='bbox 1635 1588 1730 1616; x_wconf 90' lang='lat' dir='ltr'>esse</span> <span class='ocrx_word' id='word_1_215' title='bbox 1771 1573 1928 1615; x_wconf 87' lang='lat' dir='ltr'>debere</span> 
     </span>
     <span class='ocr_line' id='line_1_24' title="bbox 164 1640 1927 1698; baseline -0.003 -13"><span class='ocrx_word' id='word_1_216' title='bbox 164 1645 284 1698; x_wconf 89' lang='lat' dir='ltr'>puto,</span> <span class='ocrx_word' id='word_1_217' title='bbox 327 1642 530 1695; x_wconf 86' lang='lat' dir='ltr'>quidquid</span> <span class='ocrx_word' id='word_1_218' title='bbox 571 1641 685 1684; x_wconf 90' lang='lat' dir='ltr'>tanti</span> <span class='ocrx_word' id='word_1_219' title='bbox 718 1641 801 1683; x_wconf 92' lang='lat' dir='ltr'>viri</span> <span class='ocrx_word' id='word_1_220' title='bbox 842 1641 1008 1683; x_wconf 90' lang='lat' dir='ltr'>calculo</span> <span class='ocrx_word' id='word_1_221' title='bbox 1050 1640 1258 1683; x_wconf 89' lang='lat' dir='ltr'>ecclesiae</span> <span class='ocrx_word' id='word_1_222' title='bbox 1291 1640 1371 1682; x_wconf 91' lang='lat' dir='ltr'>Dei</span> <span class='ocrx_word' id='word_1_223' title='bbox 1412 1641 1648 1694; x_wconf 87' lang='lat' dir='ltr'>proficuum</span> <span class='ocrx_word' id='word_1_224' title='bbox 1682 1641 1927 1689; x_wconf 86' lang='lat' dir='ltr'>censeatur,</span> 
     </span>
     <span class='ocr_line' id='line_1_25' title="bbox 166 1708 1288 1763; baseline -0.003 -13"><span class='ocrx_word' id='word_1_225' title='bbox 166 1711 317 1763; x_wconf 92' lang='lat' dir='ltr'>optato</span> <span class='ocrx_word' id='word_1_226' title='bbox 352 1723 428 1750; x_wconf 92' lang='lat' dir='ltr'>suo</span> <span class='ocrx_word' id='word_1_227' title='bbox 462 1708 604 1749; x_wconf 84' lang='lat' dir='ltr'>fructu</span> <span class='ocrx_word' id='word_1_228' title='bbox 639 1721 912 1761; x_wconf 88' lang='lat' dir='ltr'>nequaquam</span> <span class='ocrx_word' id='word_1_229' title='bbox 945 1720 1093 1749; x_wconf 89' lang='lat' dir='ltr'>carere</span> <span class='ocrx_word' id='word_1_230' title='bbox 1125 1708 1288 1760; x_wconf 87' lang='lat' dir='ltr'>posse.“</span> 
     </span>
    </p>
   </div>
   <div class='ocr_carea' id='block_1_3' title="bbox 167 1771 1936 2566">
    <p class='ocr_par' dir='ltr' id='par_1_4' title="bbox 167 1771 1936 2462">
     <span class='ocr_line' id='line_1_26' title="bbox 287 1771 1931 1820; baseline -0.004 -8"><span class='ocrx_word' id='word_1_231' title='bbox 287 1778 340 1811; x_wconf 83' lang='lat' dir='ltr'>Ex</span> <span class='ocrx_word' id='word_1_232' title='bbox 379 1778 510 1812; x_wconf 86' lang='lat' dir='ltr'>litteris</span> <span class='ocrx_word' id='word_1_233' title='bbox 547 1789 567 1811; x_wconf 90' lang='lat' dir='ltr'>a</span> <span class='ocrx_word' id='word_1_234' title='bbox 602 1777 643 1811; x_wconf 91' lang='lat' dir='ltr'>P.</span> <span class='ocrx_word' id='word_1_235' title='bbox 669 1777 824 1811; x_wconf 86' lang='lat' dir='ltr'>Antonio</span> <span class='ocrx_word' id='word_1_236' title='bbox 852 1776 969 1811; x_wconf 85' lang='lat' dir='ltr'>Vinck</span> <span class='ocrx_word' id='word_1_237' title='bbox 1004 1776 1038 1811; x_wconf 91' lang='lat' dir='ltr'>S.</span> <span class='ocrx_word' id='word_1_238' title='bbox 1066 1776 1099 1810; x_wconf 90' lang='lat' dir='ltr'>J.</span> <span class='ocrx_word' id='word_1_239' title='bbox 1126 1775 1332 1820; x_wconf 86' lang='lat' dir='ltr'>provinciae</span> <span class='ocrx_word' id='word_1_240' title='bbox 1369 1774 1548 1808; x_wconf 83' lang='lat' dir='ltr'>rhenanae</span> <span class='ocrx_word' id='word_1_241' title='bbox 1586 1773 1790 1818; x_wconf 86' lang='lat' dir='ltr'>praeposito</span> <span class='ocrx_word' id='word_1_242' title='bbox 1829 1771 1931 1816; x_wconf 87' lang='lat' dir='ltr'>Spira</span> 
     </span>
     <span class='ocr_line' id='line_1_27' title="bbox 167 1825 1932 1873; baseline -0.003 -8"><span class='ocrx_word' id='word_1_243' title='bbox 167 1831 199 1866; x_wconf 85' lang='lat'><strong>8.</strong></span> <span class='ocrx_word' id='word_1_244' title='bbox 226 1830 306 1864; x_wconf 87' lang='lat' dir='ltr'>Iulii</span> <span class='ocrx_word' id='word_1_245' title='bbox 335 1831 423 1865; x_wconf 89' lang='lat'>1567</span> <span class='ocrx_word' id='word_1_246' title='bbox 452 1831 495 1865; x_wconf 88' lang='lat' dir='ltr'>ad</span> <span class='ocrx_word' id='word_1_247' title='bbox 523 1831 556 1865; x_wconf 90' lang='lat' dir='ltr'>S.</span> <span class='ocrx_word' id='word_1_248' title='bbox 584 1831 815 1865; x_wconf 86' lang='lat' dir='ltr'>Franciscum</span> <span class='ocrx_word' id='word_1_249' title='bbox 843 1830 1011 1873; x_wconf 88' lang='lat' dir='ltr'>Borgiam</span> <span class='ocrx_word' id='word_1_250' title='bbox 1046 1830 1166 1863; x_wconf 83' lang='lat' dir='ltr'>missis</span> <span class='ocrx_word' id='word_1_251' title='bbox 1198 1828 1431 1872; x_wconf 86' lang='lat' dir='ltr'>intellegitur,</span> <span class='ocrx_word' id='word_1_252' title='bbox 1467 1827 1650 1862; x_wconf 88' lang='lat' dir='ltr'>Canisium</span> <span class='ocrx_word' id='word_1_253' title='bbox 1677 1829 1713 1860; x_wconf 86' lang='lat' dir='ltr'>et</span> <span class='ocrx_word' id='word_1_254' title='bbox 1739 1825 1932 1860; x_wconf 88' lang='lat' dir='ltr'>Vinckium</span> 
     </span>
     <span class='ocr_line' id='line_1_28' title="bbox 171 1878 1932 1928; baseline -0.004 -10"><span class='ocrx_word' id='word_1_255' title='bbox 171 1884 266 1927; x_wconf 88' lang='lat' dir='ltr'>(cum</span> <span class='ocrx_word' id='word_1_256' title='bbox 293 1884 331 1918; x_wconf 93' lang='lat' dir='ltr'>P.</span> <span class='ocrx_word' id='word_1_257' title='bbox 359 1883 539 1919; x_wconf 89' lang='lat' dir='ltr'>Ludovico</span> <span class='ocrx_word' id='word_1_258' title='bbox 565 1884 743 1928; x_wconf 88' lang='lat' dir='ltr'>Bacrelio)</span> <span class='ocrx_word' id='word_1_259' title='bbox 773 1883 957 1928; x_wconf 89' lang='lat' dir='ltr'>Herbipoli</span> <span class='ocrx_word' id='word_1_260' title='bbox 984 1883 1040 1917; x_wconf 88' lang='lat'>30.</span> <span class='ocrx_word' id='word_1_261' title='bbox 1067 1883 1158 1916; x_wconf 89' lang='lat' dir='ltr'>Iunii</span> <span class='ocrx_word' id='word_1_262' title='bbox 1188 1883 1277 1916; x_wconf 84' lang='lat'>1567</span> <span class='ocrx_word' id='word_1_263' title='bbox 1304 1881 1492 1926; x_wconf 80' lang='lat' dir='ltr'>profectos,</span> <span class='ocrx_word' id='word_1_264' title='bbox 1529 1892 1609 1914; x_wconf 85' lang='lat' dir='ltr'>cum</span> <span class='ocrx_word' id='word_1_265' title='bbox 1635 1878 1862 1914; x_wconf 84' lang='lat' dir='ltr'>Francofurti</span> <span class='ocrx_word' id='word_1_266' title='bbox 1887 1878 1932 1911; x_wconf 86' lang='lat' dir='ltr'>ad</span> 
     </span>
     <span class='ocr_line' id='line_1_29' title="bbox 168 1931 1934 1982; baseline -0.003 -11"><span class='ocrx_word' id='word_1_267' title='bbox 168 1937 335 1971; x_wconf 88' lang='lat' dir='ltr'>Moenum</span> <span class='ocrx_word' id='word_1_268' title='bbox 379 1938 502 1981; x_wconf 84' lang='lat' dir='ltr'>„quasi</span> <span class='ocrx_word' id='word_1_269' title='bbox 540 1949 604 1982; x_wconf 90' lang='lat' dir='ltr'>per</span> <span class='ocrx_word' id='word_1_270' title='bbox 641 1949 689 1970; x_wconf 91' lang='lat' dir='ltr'>vn</span> <span class='ocrx_word' id='word_1_271' title='bbox 725 1937 868 1980; x_wconf 89' lang='lat' dir='ltr'>giorno“</span> <span class='ocrx_word' id='word_1_272' title='bbox 911 1936 1148 1976; x_wconf 85' lang='lat' dir='ltr'>mansissent,</span> <span class='ocrx_word' id='word_1_273' title='bbox 1182 1934 1404 1978; x_wconf 88' lang='lat' dir='ltr'>Moguntiam</span> <span class='ocrx_word' id='word_1_274' title='bbox 1443 1934 1475 1968; x_wconf 86' lang='lat'><strong>3.</strong></span> <span class='ocrx_word' id='word_1_275' title='bbox 1506 1933 1588 1967; x_wconf 89' lang='lat' dir='ltr'>Iulii</span> <span class='ocrx_word' id='word_1_276' title='bbox 1623 1933 1712 1967; x_wconf 87' lang='lat'>1567</span> <span class='ocrx_word' id='word_1_277' title='bbox 1743 1931 1934 1966; x_wconf 82' lang='lat' dir='ltr'>advenisse</span> 
     </span>
     <span class='ocr_line' id='line_1_30' title="bbox 170 1984 1932 2035; baseline -0.004 -10"><span class='ocrx_word' id='word_1_278' title='bbox 170 1990 276 2033; x_wconf 74' lang='lat' dir='ltr'>(Gan.</span> <span class='ocrx_word' id='word_1_279' title='bbox 304 1990 392 2035; x_wconf 86' lang='lat' dir='ltr'>Epp.</span> <span class='ocrx_word' id='word_1_280' title='bbox 419 1991 451 2025; x_wconf 92' lang='lat' dir='ltr'><strong>V</strong></span> <span class='ocrx_word' id='word_1_281' title='bbox 478 1990 575 2034; x_wconf 81' lang='lat'>853).</span> <span class='ocrx_word' id='word_1_282' title='bbox 627 1990 744 2032; x_wconf 82' lang='lat' dir='ltr'>Quare</span> <span class='ocrx_word' id='word_1_283' title='bbox 780 1990 924 2030; x_wconf 90' lang='lat' dir='ltr'>conicio,</span> <span class='ocrx_word' id='word_1_284' title='bbox 961 2001 1021 2023; x_wconf 88' lang='lat' dir='ltr'>eos</span> <span class='ocrx_word' id='word_1_285' title='bbox 1056 1989 1087 2023; x_wconf 93' lang='lat'>2.</span> <span class='ocrx_word' id='word_1_286' title='bbox 1115 1988 1196 2022; x_wconf 90' lang='lat' dir='ltr'>Iulii</span> <span class='ocrx_word' id='word_1_287' title='bbox 1222 1987 1449 2021; x_wconf 85' lang='lat' dir='ltr'>Francofurti</span> <span class='ocrx_word' id='word_1_288' title='bbox 1483 1988 1607 2027; x_wconf 82' lang='lat' dir='ltr'>fuisse,</span> <span class='ocrx_word' id='word_1_289' title='bbox 1642 1986 1701 2019; x_wconf 87' lang='lat' dir='ltr'>ubi</span> <span class='ocrx_word' id='word_1_290' title='bbox 1737 1986 1805 2019; x_wconf 89' lang='lat' dir='ltr'>duo</span> <span class='ocrx_word' id='word_1_291' title='bbox 1840 1984 1932 2018; x_wconf 89' lang='lat' dir='ltr'>Socii</span> 
     </span>
     <span class='ocr_line' id='line_1_31' title="bbox 169 2037 1934 2086; baseline -0.003 -9"><span class='ocrx_word' id='word_1_292' title='bbox 169 2043 327 2078; x_wconf 88' lang='lat' dir='ltr'>scholam</span> <span class='ocrx_word' id='word_1_293' title='bbox 363 2044 544 2078; x_wconf 87' lang='lat' dir='ltr'>habebant</span> <span class='ocrx_word' id='word_1_294' title='bbox 581 2044 630 2086; x_wconf 90' lang='lat' dir='ltr'>(V.</span> <span class='ocrx_word' id='word_1_295' title='bbox 662 2044 748 2077; x_wconf 77' lang='lat' dir='ltr'>Can.</span> <span class='ocrx_word' id='word_1_296' title='bbox 775 2042 808 2076; x_wconf 91' lang='lat' dir='ltr'><strong>V</strong></span> <span class='ocrx_word' id='word_1_297' title='bbox 843 2043 944 2086; x_wconf 81' lang='lat'>522²)</span> <span class='ocrx_word' id='word_1_298' title='bbox 982 2045 1018 2076; x_wconf 87' lang='lat' dir='ltr'>et</span> <span class='ocrx_word' id='word_1_299' title='bbox 1052 2041 1223 2076; x_wconf 91' lang='lat' dir='ltr'>Societati</span> <span class='ocrx_word' id='word_1_300' title='bbox 1258 2040 1491 2084; x_wconf 86' lang='lat' dir='ltr'>singulariter</span> <span class='ocrx_word' id='word_1_301' title='bbox 1526 2039 1699 2074; x_wconf 86' lang='lat' dir='ltr'>favebant</span> <span class='ocrx_word' id='word_1_302' title='bbox 1733 2037 1934 2083; x_wconf 83' lang='lat' dir='ltr'>complures</span> 
     </span>
     <span class='ocr_line' id='line_1_32' title="bbox 170 2091 1934 2140; baseline -0.004 -9"><span class='ocrx_word' id='word_1_303' title='bbox 170 2097 339 2136; x_wconf 82' lang='lat' dir='ltr'>canonici,</span> <span class='ocrx_word' id='word_1_304' title='bbox 377 2099 416 2131; x_wconf 89' lang='lat' dir='ltr'>ut</span> <span class='ocrx_word' id='word_1_305' title='bbox 452 2097 600 2131; x_wconf 88' lang='lat' dir='ltr'>Iacobus</span> <span class='ocrx_word' id='word_1_306' title='bbox 627 2096 765 2130; x_wconf 85' lang='lat' dir='ltr'>Sutoris</span> <span class='ocrx_word' id='word_1_307' title='bbox 801 2099 837 2130; x_wconf 90' lang='lat' dir='ltr'>et</span> <span class='ocrx_word' id='word_1_308' title='bbox 863 2095 1067 2140; x_wconf 88' lang='lat' dir='ltr'>Stephanus</span> <span class='ocrx_word' id='word_1_309' title='bbox 1093 2094 1228 2128; x_wconf 83' lang='lat' dir='ltr'>Weber</span> <span class='ocrx_word' id='word_1_310' title='bbox 1255 2094 1417 2136; x_wconf 76' lang='lat' dir='ltr'>(Hansen</span> <span class='ocrx_word' id='word_1_311' title='bbox 1445 2092 1466 2126; x_wconf 89' lang='lat' dir='ltr'>l.</span> <span class='ocrx_word' id='word_1_312' title='bbox 1494 2104 1523 2127; x_wconf 90' lang='lat' dir='ltr'>c.</span> <span class='ocrx_word' id='word_1_313' title='bbox 1551 2093 1619 2127; x_wconf 87' lang='lat'>373</span> <span class='ocrx_word' id='word_1_314' title='bbox 1646 2093 1743 2135; x_wconf 89' lang='grc'>466),</span> <span class='ocrx_word' id='word_1_315' title='bbox 1779 2091 1934 2125; x_wconf 80' lang='lat' dir='ltr'>maxime</span> 
     </span>
     <span class='ocr_line' id='line_1_33' title="bbox 171 2143 1935 2191; baseline -0.005 -6"><span class='ocrx_word' id='word_1_316' title='bbox 171 2153 289 2184; x_wconf 80' lang='lat' dir='ltr'>autem</span> <span class='ocrx_word' id='word_1_317' title='bbox 328 2151 479 2184; x_wconf 88' lang='lat' dir='ltr'>Ioannes</span> <span class='ocrx_word' id='word_1_318' title='bbox 515 2151 710 2185; x_wconf 85' lang='lat' dir='ltr'>Steinmetz</span> <span class='ocrx_word' id='word_1_319' title='bbox 757 2150 835 2183; x_wconf 74' lang='lat' dir='ltr'>sive</span> <span class='ocrx_word' id='word_1_320' title='bbox 871 2149 1041 2183; x_wconf 89' lang='lat' dir='ltr'>Latomus</span> <span class='ocrx_word' id='word_1_321' title='bbox 1078 2148 1345 2191; x_wconf 79' lang='lat'>(1524—1598)</span> <span class='ocrx_word' id='word_1_322' title='bbox 1386 2146 1560 2180; x_wconf 86' lang='lat' dir='ltr'>ecclesiae</span> <span class='ocrx_word' id='word_1_323' title='bbox 1599 2145 1633 2180; x_wconf 93' lang='lat' dir='ltr'>S.</span> <span class='ocrx_word' id='word_1_324' title='bbox 1670 2143 1935 2179; x_wconf 88' lang='lat' dir='ltr'>Bartholomaei</span> 
     </span>
     <span class='ocr_line' id='line_1_34' title="bbox 170 2197 1934 2247; baseline -0.004 -10"><span class='ocrx_word' id='word_1_325' title='bbox 170 2204 326 2238; x_wconf 88' lang='lat' dir='ltr'>decanus</span> <span class='ocrx_word' id='word_1_326' title='bbox 365 2204 425 2247; x_wconf 86' lang='lat' dir='ltr'>(cf.</span> <span class='ocrx_word' id='word_1_327' title='bbox 453 2204 625 2238; x_wconf 74' lang='lat' dir='ltr'>Katholik</span> <span class='ocrx_word' id='word_1_328' title='bbox 656 2203 758 2241; x_wconf 84' lang='lat'>1900,</span> <span class='ocrx_word' id='word_1_329' title='bbox 784 2203 818 2236; x_wconf 87' lang='lat' dir='ltr'>II</span> <span class='ocrx_word' id='word_1_330' title='bbox 852 2202 1078 2245; x_wconf 79' lang='lat'>540—542);</span> <span class='ocrx_word' id='word_1_331' title='bbox 1116 2201 1158 2234; x_wconf 87' lang='lat' dir='ltr'>de</span> <span class='ocrx_word' id='word_1_332' title='bbox 1194 2201 1323 2244; x_wconf 89' lang='lat' dir='ltr'>quoin</span> <span class='ocrx_word' id='word_1_333' title='bbox 1359 2200 1597 2243; x_wconf 65' lang='lat' dir='ltr'>²²²·„Gapitibus</span> <span class='ocrx_word' id='word_1_334' title='bbox 1632 2197 1853 2243; x_wconf 85' lang='lat' dir='ltr'>praecipuis⁴‘</span> <span class='ocrx_word' id='word_1_335' title='bbox 1890 2209 1934 2230; x_wconf 80' lang='lat' dir='ltr'>ex</span> 
     </span>
     <span class='ocr_line' id='line_1_35' title="bbox 170 2251 1935 2301; baseline -0.003 -11"><span class='ocrx_word' id='word_1_336' title='bbox 170 2256 331 2291; x_wconf 84' lang='lat' dir='ltr'>Historia</span> <span class='ocrx_word' id='word_1_337' title='bbox 357 2257 497 2300; x_wconf 87' lang='lat' dir='ltr'>collegii</span> <span class='ocrx_word' id='word_1_338' title='bbox 525 2256 725 2301; x_wconf 86' lang='lat' dir='ltr'>moguntini</span> <span class='ocrx_word' id='word_1_339' title='bbox 750 2256 815 2290; x_wconf 88' lang='lat' dir='ltr'>sub</span> <span class='ocrx_word' id='word_1_340' title='bbox 841 2255 981 2289; x_wconf 89' lang='lat' dir='ltr'>initium</span> <span class='ocrx_word' id='word_1_341' title='bbox 1008 2254 1142 2288; x_wconf 88' lang='lat' dir='ltr'>saeculi</span> <span class='ocrx_word' id='word_1_342' title='bbox 1161 2253 1273 2287; x_wconf 88' lang='lat' dir='ltr'><strong>XVII.</strong></span> <span class='ocrx_word' id='word_1_343' title='bbox 1298 2253 1478 2297; x_wconf 86' lang='lat' dir='ltr'>excerptis</span> <span class='ocrx_word' id='word_1_344' title='bbox 1504 2252 1679 2286; x_wconf 85' lang='lat' dir='ltr'>refertur:</span> <span class='ocrx_word' id='word_1_345' title='bbox 1709 2251 1799 2294; x_wconf 80' lang='lat' dir='ltr'>„Per</span> <span class='ocrx_word' id='word_1_346' title='bbox 1824 2261 1935 2284; x_wconf 89' lang='lat' dir='ltr'>annos</span> 
     </span>
     <span class='ocr_line' id='line_1_36' title="bbox 172 2303 1936 2354; baseline -0.005 -9"><span class='ocrx_word' id='word_1_347' title='bbox 172 2311 474 2354; x_wconf 84' lang='lat' dir='ltr'>quadraginta..</span> <span class='ocrx_word' id='word_1_348' title='bbox 495 2338 502 2345; x_wconf 94' lang='lat'><strong>.</strong></span> <span class='ocrx_word' id='word_1_349' title='bbox 529 2321 652 2344; x_wconf 89' lang='lat' dir='ltr'>omnes</span> <span class='ocrx_word' id='word_1_350' title='bbox 688 2308 878 2343; x_wconf 85' lang='lat' dir='ltr'>Societatis</span> <span class='ocrx_word' id='word_1_351' title='bbox 912 2308 1084 2348; x_wconf 88' lang='lat' dir='ltr'>homines,</span> <span class='ocrx_word' id='word_1_352' title='bbox 1122 2307 1278 2351; x_wconf 88' lang='lat' dir='ltr'>hospitio</span> <span class='ocrx_word' id='word_1_353' title='bbox 1313 2305 1566 2341; x_wconf 80' lang='lat' dir='ltr'>honestissimo</span> <span class='ocrx_word' id='word_1_354' title='bbox 1601 2304 1726 2348; x_wconf 81' lang='lat' dir='ltr'>gratis,</span> <span class='ocrx_word' id='word_1_355' title='bbox 1761 2303 1936 2348; x_wconf 89' lang='lat' dir='ltr'>imprimis</span> 
     </span>
     <span class='ocr_line' id='line_1_37' title="bbox 172 2358 1935 2408; baseline -0.005 -9"><span class='ocrx_word' id='word_1_356' title='bbox 172 2367 291 2398; x_wconf 87' lang='lat' dir='ltr'>autem</span> <span class='ocrx_word' id='word_1_357' title='bbox 317 2364 547 2408; x_wconf 83' lang='lat' dir='ltr'>Moguntinos</span> <span class='ocrx_word' id='word_1_358' title='bbox 582 2364 635 2397; x_wconf 84' lang='lat' dir='ltr'>bis</span> <span class='ocrx_word' id='word_1_359' title='bbox 668 2363 859 2407; x_wconf 90' lang='lat' dir='ltr'>quotannis</span> <span class='ocrx_word' id='word_1_360' title='bbox 894 2361 1131 2395; x_wconf 86' lang='lat' dir='ltr'>nundinarum</span> <span class='ocrx_word' id='word_1_361' title='bbox 1166 2359 1424 2394; x_wconf 83' lang='lat' dir='ltr'>autumnalium</span> <span class='ocrx_word' id='word_1_362' title='bbox 1459 2358 1731 2401; x_wconf 86' lang='lat' dir='ltr'>uernaliumque</span> <span class='ocrx_word' id='word_1_363' title='bbox 1765 2359 1935 2401; x_wconf 87' lang='lat' dir='ltr'>tempore,</span> 
     </span>
     <span class='ocr_line' id='line_1_38' title="bbox 173 2412 1738 2462; baseline -0.004 -11"><span class='ocrx_word' id='word_1_364' title='bbox 173 2417 276 2461; x_wconf 89' lang='lat' dir='ltr'>idque</span> <span class='ocrx_word' id='word_1_365' title='bbox 304 2418 337 2451; x_wconf 89' lang='lat' dir='ltr'>in</span> <span class='ocrx_word' id='word_1_366' title='bbox 364 2417 646 2462; x_wconf 85' lang='lat' dir='ltr'>quamplurimos</span> <span class='ocrx_word' id='word_1_367' title='bbox 672 2428 778 2461; x_wconf 88' lang='lat' dir='ltr'>saepe</span> <span class='ocrx_word' id='word_1_368' title='bbox 804 2415 879 2449; x_wconf 88' lang='lat' dir='ltr'>dies</span> <span class='ocrx_word' id='word_1_369' title='bbox 905 2415 1059 2459; x_wconf 80' lang='lat' dir='ltr'>recepit⁴⁴</span> <span class='ocrx_word' id='word_1_370' title='bbox 1092 2414 1213 2456; x_wconf 84' lang='lat' dir='ltr'>(„Ass.</span> <span class='ocrx_word' id='word_1_371' title='bbox 1241 2413 1360 2448; x_wconf 85' lang='lat' dir='ltr'>Germ.</span> <span class='ocrx_word' id='word_1_372' title='bbox 1387 2412 1498 2446; x_wconf 85' lang='lat' dir='ltr'>Fund.</span> <span class='ocrx_word' id='word_1_373' title='bbox 1525 2412 1559 2446; x_wconf 82' lang='lat' dir='ltr'>I“</span> <span class='ocrx_word' id='word_1_374' title='bbox 1591 2412 1615 2446; x_wconf 88' lang='lat' dir='ltr'><strong>f.</strong></span> <span class='ocrx_word' id='word_1_375' title='bbox 1640 2412 1738 2451; x_wconf 85' lang='lat'>354).</span> 
     </span>
    </p>

    <p class='ocr_par' dir='ltr' id='par_1_5' title="bbox 174 2463 1931 2566">
     <span class='ocr_line' id='line_1_39' title="bbox 292 2463 1931 2515; baseline -0.005 -11"><span class='ocrx_word' id='word_1_376' title='bbox 292 2471 442 2505; x_wconf 85' lang='lat' dir='ltr'>Ioannes</span> <span class='ocrx_word' id='word_1_377' title='bbox 469 2471 689 2515; x_wconf 85' lang='lat' dir='ltr'>Schwayger</span> <span class='ocrx_word' id='word_1_378' title='bbox 724 2481 755 2504; x_wconf 90' lang='lat' dir='ltr'>a.</span> <span class='ocrx_word' id='word_1_379' title='bbox 785 2469 876 2503; x_wconf 82' lang='lat'>1574</span> <span class='ocrx_word' id='word_1_380' title='bbox 912 2468 1045 2502; x_wconf 87' lang='lat' dir='ltr'>Canisii</span> <span class='ocrx_word' id='word_1_381' title='bbox 1076 2467 1283 2510; x_wconf 83' lang='lat' dir='ltr'>„Lectiones</span> <span class='ocrx_word' id='word_1_382' title='bbox 1319 2468 1355 2500; x_wconf 90' lang='lat' dir='ltr'>et</span> <span class='ocrx_word' id='word_1_383' title='bbox 1382 2465 1613 2499; x_wconf 91' lang='lat' dir='ltr'>Precationes</span> <span class='ocrx_word' id='word_1_384' title='bbox 1639 2463 1931 2498; x_wconf 82' lang='lat' dir='ltr'>Ecclesiasticas“</span> 
     </span>
     <span class='ocr_line' id='line_1_40' title="bbox 174 2516 1883 2566; baseline -0.005 -8"><span class='ocrx_word' id='word_1_385' title='bbox 174 2525 377 2566; x_wconf 77' lang='lat' dir='ltr'>germanice</span> <span class='ocrx_word' id='word_1_386' title='bbox 404 2536 423 2558; x_wconf 87' lang='lat' dir='ltr'>a</span> <span class='ocrx_word' id='word_1_387' title='bbox 449 2536 488 2558; x_wconf 81' lang='lat' dir='ltr'>se</span> <span class='ocrx_word' id='word_1_388' title='bbox 514 2535 640 2558; x_wconf 86' lang='lat' dir='ltr'>versas</span> <span class='ocrx_word' id='word_1_389' title='bbox 668 2522 834 2557; x_wconf 86' lang='lat' dir='ltr'>Coloniae</span> <span class='ocrx_word' id='word_1_390' title='bbox 861 2521 969 2556; x_wconf 88' lang='lat' dir='ltr'>edidit</span> <span class='ocrx_word' id='word_1_391' title='bbox 999 2521 1219 2563; x_wconf 74' lang='lat' dir='ltr'>(Zeitschrz&#39;ft</span> <span class='ocrx_word' id='word_1_392' title='bbox 1246 2521 1303 2553; x_wconf 79' lang='lat' dir='ltr'>fiir</span> <span class='ocrx_word' id='word_1_393' title='bbox 1328 2519 1429 2553; x_wconf 87' lang='lat' dir='ltr'>kath.</span> <span class='ocrx_word' id='word_1_394' title='bbox 1456 2518 1649 2561; x_wconf 87' lang='lat' dir='ltr'>Theologie</span> <span class='ocrx_word' id='word_1_395' title='bbox 1674 2516 1758 2551; x_wconf 87' lang='lat' dir='ltr'>XIV</span> <span class='ocrx_word' id='word_1_396' title='bbox 1785 2516 1883 2559; x_wconf 86' lang='lat'>733).</span> 
     </span>
    </p>
   </div>
   <div class='ocr_carea' id='block_1_4' title="bbox 178 2635 1940 3124">
    <p class='ocr_par' dir='ltr' id='par_1_6' title="bbox 178 2635 1040 2683">
     <span class='ocr_line' id='line_1_41' title="bbox 178 2635 1040 2683; baseline -0.001 -11"><span class='ocrx_word' id='word_1_397' title='bbox 178 2637 309 2674; x_wconf 83' lang='lat'>1010</span> <span class='ocrx_word' id='word_1_398' title='bbox 337 2639 414 2673; x_wconf 83' lang='lat' dir='ltr'>sive</span> <span class='ocrx_word' id='word_1_399' title='bbox 442 2638 552 2674; x_wconf 78' lang='lat' dir='ltr'>litt.</span> <span class='ocrx_word' id='word_1_400' title='bbox 573 2637 673 2683; x_wconf 88' lang='lat'><strong>(5).</strong></span> <span class='ocrx_word' id='word_1_401' title='bbox 716 2637 867 2673; x_wconf 84' lang='lat' dir='ltr'>Aestate</span> <span class='ocrx_word' id='word_1_402' title='bbox 894 2646 926 2672; x_wconf 90' lang='lat' dir='ltr'>a.</span> <span class='ocrx_word' id='word_1_403' title='bbox 947 2635 1040 2671; x_wconf 82' lang='lat'><strong>1567.</strong></span> 
     </span>
    </p>

    <p class='ocr_par' dir='ltr' id='par_1_7' title="bbox 178 2689 1939 2795">
     <span class='ocr_line' id='line_1_42' title="bbox 295 2689 1939 2742; baseline -0.006 -10"><span class='ocrx_word' id='word_1_404' title='bbox 295 2698 349 2731; x_wconf 85' lang='lat' dir='ltr'>Ex</span> <span class='ocrx_word' id='word_1_405' title='bbox 375 2698 508 2732; x_wconf 84' lang='lat' dir='ltr'>litteris</span> <span class='ocrx_word' id='word_1_406' title='bbox 534 2697 741 2742; x_wconf 85' lang='lat' dir='ltr'>archetypis</span> <span class='ocrx_word' id='word_1_407' title='bbox 767 2697 914 2731; x_wconf 90' lang='lat' dir='ltr'>Antonii</span> <span class='ocrx_word' id='word_1_408' title='bbox 940 2696 1101 2736; x_wconf 84' lang='lat' dir='ltr'>Flandri,</span> <span class='ocrx_word' id='word_1_409' title='bbox 1128 2706 1220 2738; x_wconf 88' lang='lat' dir='ltr'>quae</span> <span class='ocrx_word' id='word_1_410' title='bbox 1246 2695 1392 2728; x_wconf 86' lang='lat' dir='ltr'>exstant</span> <span class='ocrx_word' id='word_1_411' title='bbox 1417 2693 1451 2726; x_wconf 92' lang='lat' dir='ltr'>in</span> <span class='ocrx_word' id='word_1_412' title='bbox 1479 2691 1520 2726; x_wconf 88' lang='lat' dir='ltr'><strong>G.</strong></span> <span class='ocrx_word' id='word_1_413' title='bbox 1545 2692 1608 2736; x_wconf 88' lang='lat' dir='ltr'>Ep.</span> <span class='ocrx_word' id='word_1_414' title='bbox 1628 2691 1712 2724; x_wconf 92' lang='lat' dir='ltr'><strong>VIII</strong></span> <span class='ocrx_word' id='word_1_415' title='bbox 1739 2690 1763 2724; x_wconf 85' lang='lat' dir='ltr'><strong>f.</strong></span> <span class='ocrx_word' id='word_1_416' title='bbox 1782 2689 1876 2731; x_wconf 76' lang='lat'>248³,</span> <span class='ocrx_word' id='word_1_417' title='bbox 1904 2690 1939 2722; x_wconf 87' lang='lat' dir='ltr'>et</span> 
     </span>
     <span class='ocr_line' id='line_1_43' title="bbox 178 2741 1937 2795; baseline -0.005 -12"><span class='ocrx_word' id='word_1_418' title='bbox 178 2750 366 2784; x_wconf 85' lang='lat' dir='ltr'>cardinalis</span> <span class='ocrx_word' id='word_1_419' title='bbox 390 2751 599 2792; x_wconf 78' lang='lat' dir='ltr'>Truchsess,</span> <span class='ocrx_word' id='word_1_420' title='bbox 626 2762 718 2795; x_wconf 87' lang='lat' dir='ltr'>quae</span> <span class='ocrx_word' id='word_1_421' title='bbox 744 2752 829 2784; x_wconf 89' lang='lat' dir='ltr'>sunt</span> <span class='ocrx_word' id='word_1_422' title='bbox 854 2750 890 2783; x_wconf 92' lang='lat' dir='ltr'>in</span> <span class='ocrx_word' id='word_1_423' title='bbox 916 2749 1062 2783; x_wconf 88' lang='lat' dir='ltr'>archivo</span> <span class='ocrx_word' id='word_1_424' title='bbox 1088 2748 1265 2787; x_wconf 77' lang='lat' dir='ltr'>vaticano,</span> <span class='ocrx_word' id='word_1_425' title='bbox 1288 2747 1401 2789; x_wconf 88' lang='lat' dir='ltr'>„Lett.</span> <span class='ocrx_word' id='word_1_426' title='bbox 1429 2745 1463 2779; x_wconf 89' lang='lat' dir='ltr'>di</span> <span class='ocrx_word' id='word_1_427' title='bbox 1481 2744 1639 2789; x_wconf 89' lang='lat' dir='ltr'>Principi</span> <span class='ocrx_word' id='word_1_428' title='bbox 1665 2744 1728 2778; x_wconf 80' lang='lat'>24⁴⁴</span> <span class='ocrx_word' id='word_1_429' title='bbox 1758 2755 1792 2776; x_wconf 91' lang='lat' dir='ltr'>n.</span> <span class='ocrx_word' id='word_1_430' title='bbox 1811 2742 1856 2776; x_wconf 87' lang='lat'>23</span> <span class='ocrx_word' id='word_1_431' title='bbox 1883 2741 1937 2776; x_wconf 83' lang='lat'>25.</span> 
     </span>
    </p>

    <p class='ocr_par' dir='ltr' id='par_1_8' title="bbox 298 2803 1871 2851">
     <span class='ocr_line' id='line_1_44' title="bbox 298 2803 1871 2851; baseline -0.004 -10"><span class='ocrx_word' id='word_1_432' title='bbox 298 2810 533 2842; x_wconf 65' lang='lat' dir='ltr'>Catechismus</span> <span class='ocrx_word' id='word_1_433' title='bbox 558 2811 740 2843; x_wconf 72' lang='lat' dir='ltr'>Romanus</span> <span class='ocrx_word' id='word_1_434' title='bbox 766 2810 873 2842; x_wconf 74' lang='lat' dir='ltr'>latine</span> <span class='ocrx_word' id='word_1_435' title='bbox 899 2809 1067 2851; x_wconf 74' lang='lat' dir='ltr'>Dilinyae</span> <span class='ocrx_word' id='word_1_436' title='bbox 1093 2808 1292 2849; x_wconf 73' lang='lat' dir='ltr'>excuditur,</span> <span class='ocrx_word' id='word_1_437' title='bbox 1319 2816 1463 2849; x_wconf 74' lang='lat' dir='ltr'>operam</span> <span class='ocrx_word' id='word_1_438' title='bbox 1489 2805 1686 2846; x_wconf 80' lang='lat' dir='ltr'>conferente</span> <span class='ocrx_word' id='word_1_439' title='bbox 1714 2803 1871 2835; x_wconf 68' lang='lat' dir='ltr'>Canis-io.</span> 
     </span>
    </p>

    <p class='ocr_par' dir='ltr' id='par_1_9' title="bbox 180 2860 1940 3124">
     <span class='ocr_line' id='line_1_45' title="bbox 298 2860 1938 2905; baseline -0.005 -5"><span class='ocrx_word' id='word_1_440' title='bbox 298 2868 331 2901; x_wconf 85' lang='lat' dir='ltr'>S.</span> <span class='ocrx_word' id='word_1_441' title='bbox 359 2868 444 2901; x_wconf 88' lang='lat' dir='ltr'>Pius</span> <span class='ocrx_word' id='word_1_442' title='bbox 471 2868 512 2902; x_wconf 86' lang='lat' dir='ltr'>V.</span> <span class='ocrx_word' id='word_1_443' title='bbox 540 2880 571 2902; x_wconf 89' lang='lat' dir='ltr'>a.</span> <span class='ocrx_word' id='word_1_444' title='bbox 603 2869 691 2902; x_wconf 89' lang='lat'>1566</span> <span class='ocrx_word' id='word_1_445' title='bbox 719 2867 984 2902; x_wconf 87' lang='lat' dir='ltr'>Catechismum</span> <span class='ocrx_word' id='word_1_446' title='bbox 1012 2865 1160 2900; x_wconf 87' lang='lat' dir='ltr'>Concilii</span> <span class='ocrx_word' id='word_1_447' title='bbox 1186 2864 1385 2898; x_wconf 88' lang='lat' dir='ltr'>Tridentini</span> <span class='ocrx_word' id='word_1_448' title='bbox 1419 2863 1497 2897; x_wconf 88' lang='lat' dir='ltr'>sive</span> <span class='ocrx_word' id='word_1_449' title='bbox 1527 2863 1756 2905; x_wconf 77' lang='lat' dir='ltr'>„Romanum,</span> <span class='ocrx_word' id='word_1_450' title='bbox 1791 2860 1835 2894; x_wconf 84' lang='lat' dir='ltr'>ad</span> <span class='ocrx_word' id='word_1_451' title='bbox 1861 2870 1938 2904; x_wconf 89' lang='lat' dir='ltr'>par·</span> 
     </span>
     <span class='ocr_line' id='line_1_46' title="bbox 180 2913 1939 2963; baseline -0.004 -11"><span class='ocrx_word' id='word_1_452' title='bbox 180 2920 306 2953; x_wconf 79' lang='lat' dir='ltr'>ochos“</span> <span class='ocrx_word' id='word_1_453' title='bbox 349 2921 499 2963; x_wconf 86' lang='lat' dir='ltr'>primum</span> <span class='ocrx_word' id='word_1_454' title='bbox 540 2923 575 2954; x_wconf 92' lang='lat' dir='ltr'>in</span> <span class='ocrx_word' id='word_1_455' title='bbox 614 2922 727 2955; x_wconf 87' lang='lat' dir='ltr'>lucem</span> <span class='ocrx_word' id='word_1_456' title='bbox 768 2921 935 2955; x_wconf 82' lang='lat' dir='ltr'>emiserat</span> <span class='ocrx_word' id='word_1_457' title='bbox 973 2919 1168 2963; x_wconf 84' lang='lat' dir='ltr'>simulque,</span> <span class='ocrx_word' id='word_1_458' title='bbox 1212 2917 1384 2961; x_wconf 88' lang='lat' dir='ltr'>gravibus</span> <span class='ocrx_word' id='word_1_459' title='bbox 1423 2915 1547 2961; x_wconf 88' lang='lat' dir='ltr'>poenis</span> <span class='ocrx_word' id='word_1_460' title='bbox 1584 2914 1794 2960; x_wconf 89' lang='lat' dir='ltr'>propositis,</span> <span class='ocrx_word' id='word_1_461' title='bbox 1834 2913 1939 2946; x_wconf 87' lang='lat' dir='ltr'>inter-</span> 
     </span>
     <span class='ocr_line' id='line_1_47' title="bbox 180 2966 1940 3017; baseline -0.004 -12"><span class='ocrx_word' id='word_1_462' title='bbox 180 2972 330 3011; x_wconf 83' lang='lat' dir='ltr'>dixerat,</span> <span class='ocrx_word' id='word_1_463' title='bbox 358 2985 400 3006; x_wconf 92' lang='lat' dir='ltr'>ne</span> <span class='ocrx_word' id='word_1_464' title='bbox 428 2974 506 3015; x_wconf 84' lang='lat' dir='ltr'>quis</span> <span class='ocrx_word' id='word_1_465' title='bbox 532 2977 675 3017; x_wconf 87' lang='lat' dir='ltr'>praeter</span> <span class='ocrx_word' id='word_1_466' title='bbox 693 2973 844 3008; x_wconf 90' lang='lat' dir='ltr'>Paulum</span> <span class='ocrx_word' id='word_1_467' title='bbox 863 2973 1065 3006; x_wconf 86' lang='lat' dir='ltr'>Manutium</span> <span class='ocrx_word' id='word_1_468' title='bbox 1091 2971 1356 3016; x_wconf 88' lang='lat' dir='ltr'>typographum</span> <span class='ocrx_word' id='word_1_469' title='bbox 1382 2980 1565 3003; x_wconf 88' lang='lat' dir='ltr'>romanum</span> <span class='ocrx_word' id='word_1_470' title='bbox 1585 2967 1758 3013; x_wconf 86' lang='lat' dir='ltr'>proximis</span> <span class='ocrx_word' id='word_1_471' title='bbox 1784 2966 1940 3010; x_wconf 90' lang='lat' dir='ltr'>quinque</span> 
     </span>
     <span class='ocr_line' id='line_1_48' title="bbox 181 3020 1940 3067; baseline -0.004 -9"><span class='ocrx_word' id='word_1_472' title='bbox 181 3025 283 3058; x_wconf 88' lang='lat' dir='ltr'>annis</span> <span class='ocrx_word' id='word_1_473' title='bbox 310 3036 388 3058; x_wconf 87' lang='lat' dir='ltr'>eum</span> <span class='ocrx_word' id='word_1_474' title='bbox 415 3025 543 3058; x_wconf 88' lang='lat' dir='ltr'>librum</span> <span class='ocrx_word' id='word_1_475' title='bbox 579 3026 656 3059; x_wconf 89' lang='lat' dir='ltr'>sive</span> <span class='ocrx_word' id='word_1_476' title='bbox 691 3027 841 3060; x_wconf 88' lang='lat' dir='ltr'>latinum</span> <span class='ocrx_word' id='word_1_477' title='bbox 877 3027 955 3060; x_wconf 88' lang='lat' dir='ltr'>sive</span> <span class='ocrx_word' id='word_1_478' title='bbox 990 3025 1025 3058; x_wconf 93' lang='lat' dir='ltr'>in</span> <span class='ocrx_word' id='word_1_479' title='bbox 1059 3025 1203 3067; x_wconf 84' lang='lat' dir='ltr'>linguas</span> <span class='ocrx_word' id='word_1_480' title='bbox 1237 3022 1451 3057; x_wconf 85' lang='lat' dir='ltr'>vernaculas</span> <span class='ocrx_word' id='word_1_481' title='bbox 1486 3032 1628 3055; x_wconf 89' lang='lat' dir='ltr'>versum</span> <span class='ocrx_word' id='word_1_482' title='bbox 1662 3020 1853 3054; x_wconf 84' lang='lat' dir='ltr'>excuderet</span> <span class='ocrx_word' id='word_1_483' title='bbox 1880 3030 1940 3052; x_wconf 81' lang='lat' dir='ltr'>ex-</span> 
     </span>
     <span class='ocr_line' id='line_1_49' title="bbox 181 3074 1940 3124; baseline -0.005 -10"><span class='ocrx_word' id='word_1_484' title='bbox 181 3091 352 3114; x_wconf 84' lang='lat' dir='ltr'>cusumve</span> <span class='ocrx_word' id='word_1_485' title='bbox 380 3081 550 3114; x_wconf 79' lang='lat' dir='ltr'>venderet</span> <span class='ocrx_word' id='word_1_486' title='bbox 579 3082 626 3122; x_wconf 82' lang='lat' dir='ltr'><strong>(v.</strong></span> <span class='ocrx_word' id='word_1_487' title='bbox 650 3083 736 3115; x_wconf 82' lang='lat' dir='ltr'>Can.</span> <span class='ocrx_word' id='word_1_488' title='bbox 765 3082 796 3114; x_wconf 87' lang='lat' dir='ltr'><strong>V</strong></span> <span class='ocrx_word' id='word_1_489' title='bbox 823 3080 935 3124; x_wconf 78' lang='lat'><strong>362²).</strong></span> <span class='ocrx_word' id='word_1_490' title='bbox 978 3082 1148 3114; x_wconf 86' lang='lat' dir='ltr'>Attamen</span> <span class='ocrx_word' id='word_1_491' title='bbox 1174 3079 1267 3113; x_wconf 88' lang='lat' dir='ltr'>idem</span> <span class='ocrx_word' id='word_1_492' title='bbox 1294 3078 1382 3112; x_wconf 88' lang='lat' dir='ltr'>liber</span> <span class='ocrx_word' id='word_1_493' title='bbox 1408 3089 1439 3112; x_wconf 90' lang='lat' dir='ltr'>a.</span> <span class='ocrx_word' id='word_1_494' title='bbox 1461 3076 1548 3111; x_wconf 87' lang='grc'>1567</span> <span class='ocrx_word' id='word_1_495' title='bbox 1575 3075 1741 3119; x_wconf 87' lang='lat' dir='ltr'>Dilingae</span> <span class='ocrx_word' id='word_1_496' title='bbox 1759 3074 1940 3108; x_wconf 81' lang='lat' dir='ltr'>Sociorum</span> 
     </span>
    </p>
   </div>
  </div>
 </body>
</html>
