2044 3335
169 105 252 145 672
540 102 634 135 Mon.
664 100 897 135 1023-1024
924 100 1002 134 sive
1029 100 1099 134 litt.
1121 100 1343 144 (18)-(19).
1389 101 1491 136 1568.

167 217 316 251 seorsim
343 217 377 249 in
404 215 519 248 lucem
547 214 783 247 emitteretur.
834 213 932 247 Idem
959 213 1116 249 fortasse
1142 214 1278 248 factum
1305 217 1360 249 est
1386 226 1417 249 a.
1447 216 1538 250 1563
1565 216 1607 250 de
1635 216 1768 252 Canisii
1797 218 1934 260 „Parvo

169 269 394 304 Catechismo
422 267 705 301 Catliolicorun1“
746 267 950 310 germanice
986 278 1090 301 verso
1125 269 1162 300 et
1196 267 1430 312 amplificato,
1467 269 1527 313 qui
1563 281 1603 302 eo
1639 281 1731 304 anno
1767 270 1935 315 Dilingae

168 335 187 357 a
208 322 348 357 Canisio
376 320 553 355 secundae
576 320 724 354 editioni
749 320 847 354 illius
875 319 956 354 libri
974 320 1218 364 precationum
1239 321 1464 365 praepositus
1491 324 1569 356 erat
1590 321 1639 365 (v.
1663 323 1748 357 Can.
1768 323 1818 357 IV
1837 324 1935 368 990).

168 375 421 416 Quaestionem
449 385 515 416 ego
543 373 709 407 dirimere
734 385 884 417 nequeo.

288 428 403 461 Etiam
440 426 556 470 magis
583 426 730 460 dubium
756 429 821 467 est,
856 438 941 460 num
968 437 999 460 a.
1030 426 1119 460 1568
1146 427 1367 471 Antverpiae
1393 427 1538 461 Summa
1565 427 1699 463 Canisii
1725 441 1850 464 rursus
1877 441 1936 464 ex-

171 492 256 515 cusa
286 481 344 515 sit.
396 480 528 514 Exstat
562 482 659 513 certe
686 479 808 514 Leodii
843 480 880 513 in
915 479 1132 513 bibliotheca
1166 480 1416 514 universitatis
1450 481 1601 515 ÷Codex
1635 482 1779 516 saeculo
1805 482 1936 517 XVIII.

168 534 325 578 scriptus
361 535 396 566 et
435 532 652 576 „Catalogus
685 532 931 567 Bibliothecae
966 533 1133 566 min01·is“
1173 533 1385 578 inscriptus;
1423 534 1459 567 in
1493 546 1563 578 quo
1602 535 1641 578 (f.
1678 534 1740 569 61b
1766 535 1858 579 sign.
1884 547 1937 570 re-

169 586 299 629 centis)
328 586 363 619 in
390 598 537 620 numero
564 586 734 620 librorum
762 585 905 629 collegii
923 585 1113 620 societatis
1132 586 1214 620 Iesu
1239 586 1430 621 leodiensis
1459 587 1600 632 (postea
1622 588 1772 631 sublati)
1799 589 1938 633 positus

169 642 222 674 est
262 639 531 681 „Catechismus
558 639 692 673 Canisii
721 666 728 673 .
749 667 783 673 ..
811 641 920 673 Antv.
950 639 1076 679 1568“‚
1112 639 1214 683 isque
1250 641 1301 673 ita
1334 641 1390 673 est
1425 640 1574 684 positus,
1609 644 1650 675 ut
1678 642 1774 685 (cum
1806 642 1938 685 legeris

170 704 260 737 quae
287 693 505 726 antecedunt
531 695 566 726 et
592 704 684 737 quae
709 693 925 736 sequuntur)
958 692 1181 734 „Summam“
1204 692 1337 727 Canisii
1363 693 1562 736 significari
1588 694 1698 729 dicas.
1741 696 1791 729 At
1816 695 1938 729 biblio-

170 746 297 791 graphi
325 757 403 780 eam
430 746 622 780 editionem
648 758 718 780 non
744 749 893 786 norunt;
921 757 1012 789 quae
1037 757 1082 779 ne
1101 745 1187 779 mihi
1214 745 1357 790 quidem
1383 758 1535 790 usquam
1561 748 1727 782 occurrit.
1771 748 1939 782 Fortasse

170 801 206 833 in
232 799 450 833 bibliotheca
484 799 547 833 illa
583 799 776 833 exstabant
803 799 936 833 Canisii
968 799 1238 841 „Institutiones
1266 799 1492 833 Christianae
1519 800 1671 834 Pietatis
1708 812 1771 835 seu
1798 800 1939 835 Parvus

172 852 421 887 Catechismus
449 852 749 894 Catholicoruni“‚
777 853 837 896 qui
865 864 895 887 a.
924 852 1015 887 1568
1042 852 1264 897 Antverpiae
1294 864 1450 887 excusus
1485 855 1542 887 est
1570 853 1619 897 (v.
1647 865 1755 898 supra
1782 866 1815 899 p.
1842 854 1940 898 670),

171 906 230 940 vel
252 906 397 940 Summa
423 906 554 940 ibidem
581 905 675 940 edita
702 918 733 940 a.
755 906 843 940 1567
864 906 922 939 vel
944 907 1053 947 1569;
1080 905 1137 940 his
1164 906 1256 939 enim
1284 906 1386 940 annis
1413 918 1491 940 eam
1518 908 1741 952 Antverpiae
1767 918 1939 942 excusam

174 971 252 994 esse
279 962 431 994 constat.

292 1012 530 1046 Doctissimus
566 1012 627 1045 ille
653 1012 710 1046 vir
735 1014 946 1046 Benedictus
970 1014 1085 1047 Arias
1110 1013 1308 1046 Montanus
1336 1012 1394 1055 (de
1421 1024 1489 1057 quo
1519 1014 1607 1047 Can.
1634 1013 1684 1048 IV
1710 1014 1823 1058 491²),
1859 1025 1939 1048 cum

174 1065 227 1100 18.
255 1065 341 1099 Maii
368 1066 460 1100 1568
487 1065 724 1110 Antverpiam
751 1065 947 1099 Bibliorum
973 1065 1255 1110 polyglottorum
1283 1065 1427 1110 Philipii
1455 1066 1499 1100 II.
1526 1067 1697 1100 mandatu
1724 1067 1940 1101 edendorum

172 1119 290 1162 gratia
325 1119 551 1160 advenisset,
586 1119 668 1152 inde
706 1118 828 1164 (paulo
863 1121 953 1164 post,
989 1120 1030 1152 ut
1064 1118 1223 1162 videtur)
1261 1130 1324 1163 per
1357 1121 1593 1153 mercatorem
1629 1120 1804 1154 flandrum
1831 1132 1940 1165 prope

173 1172 453 1216 Compostellam
487 1171 711 1206 habitantem
746 1172 781 1206 in
809 1172 1020 1216 Hispaniam
1056 1172 1155 1206 misit
1184 1184 1250 1214 „un
1279 1172 1441 1207 Canisio“
1471 1172 1549 1206 sive
1587 1185 1694 1207 unum
1730 1173 1941 1207 catechismi

174 1225 348 1259 canisiani
376 1225 561 1268 (Summae
596 1237 627 1259 a.
658 1225 748 1260 1568
774 1225 997 1270 Antverpiae
1033 1226 1234 1269 excusae‘?)
1264 1225 1467 1270 exemplum
1501 1226 1642 1260 domino
1672 1226 1817 1268 „Ioanni
1842 1227 1940 1260 Man-

173 1280 293 1323 rique“
325 1281 361 1313 et
395 1279 549 1313 alterum
588 1279 648 1312 alii
686 1278 764 1313 viro
803 1278 963 1324 hispano.
1015 1279 1055 1312 Id
1092 1279 1315 1322 intellegitur
1351 1291 1396 1313 ex
1430 1279 1538 1313 Ariae
1575 1279 1707 1314 litteris
1742 1279 1942 1324 Antverpia

175 1333 206 1367 9.
233 1332 448 1366 Novembris
477 1332 567 1366 1568
593 1332 638 1366 ad
665 1332 868 1367 Gabrielem
896 1333 939 1366 de
965 1332 1080 1376 Zayas
1106 1332 1263 1377 Philippi
1290 1333 1333 1367 II.
1360 1333 1596 1366 secretarium
1623 1333 1726 1374 datis,
1764 1344 1855 1376 quae
1881 1344 1941 1366 ex-

174 1388 273 1420 stant
298 1387 334 1420 in
364 1386 572 1428 „Coleccion
598 1387 641 1420 de
660 1386 900 1420 Documentos
925 1385 1079 1420 ineditos
1105 1397 1192 1431 para
1223 1386 1259 1420 la
1284 1386 1445 1420 Historia
1472 1386 1514 1420 de
1540 1386 1719 1431 Espafia“,
1748 1386 1827 1420 edd.
1846 1386 1939 1420 Mar-

176 1451 304 1484 queses
331 1440 373 1473 de
399 1441 507 1473 Pidal
531 1452 556 1484 y
582 1440 625 1473 de
652 1441 859 1482 Miraflores
885 1441 953 1474 etc.
980 1439 1070 1481 XLI,
1097 1439 1238 1474 Madrid
1268 1440 1368 1481 1862,
1397 1440 1474 1474 134.

177 1543 314 1579 1023
342 1544 420 1579 sive
446 1543 556 1580 litt.
578 1543 710 1590 (18).
753 1543 849 1580 Vere
875 1543 961 1579 anni
987 1543 1083 1580 1568.

294 1603 350 1638 Ex
377 1604 611 1648 autographo,
638 1605 731 1649 quod
759 1606 880 1639 exstat
898 1604 1031 1638 Romae
1057 1605 1092 1638 in
1116 1603 1263 1638 archivo
1289 1604 1391 1646 regni
1417 1604 1538 1645 italici,
1570 1604 1696 1646 „Arch.
1717 1604 1774 1638 dei
1792 1603 1944 1646 Gesuiti,

178 1657 322 1691 Lettere
350 1658 617 1692 1548-1575“.

299 1718 487 1760 Herbipoli
512 1718 757 1751 catechismum
786 1718 925 1751 Canis-ii
952 1719 1049 1751 Socii
1073 1718 1263 1761 explicant,
1290 1718 1421 1750 nobiles
1447 1717 1649 1752 abhorrent.

303 1778 351 1819 P.
375 1780 588 1820 Antonius
610 1779 742 1820 Vinck
762 1777 1012 1832 provinciae
1044 1777 1264 1819 rhenanae
1291 1777 1521 1819 Societatis
1543 1778 1641 1819 Iesu
1674 1777 1947 1832 praepositus

182 1842 410 1895 Moguntia
452 1845 520 1885 22.
553 1843 701 1886 Martii
746 1844 857 1884 1568
897 1843 938 1885 S.
973 1843 1202 1885 Francisco
1234 1842 1422 1895 Borgiae
1463 1842 1711 1897 praeposito
1753 1842 1946 1895 generali

182 1907 354 1949 scribit:
389 1908 613 1962 Herbipoli
646 1908 689 1950 in
713 1908 878 1950 duabus
907 1908 1063 1949 infimis
1087 1907 1256 1960 collegii
1279 1907 1436 1949 scholis
1460 1907 1570 1950 Socii
1594 1907 1776 1961 singulis
1798 1907 1948 1950 diebus

182 1986 364 2026 parvum
399 1973 708 2015 catechismum
741 1973 900 2015 Canisii
942 1973 1163 2027 explicant
1204 1972 1437 2026 discipulis,
1481 1973 1551 2025 qui
1585 1987 1681 2014 eum
1713 1973 1948 2014 memoriae

182 2037 358 2079 tradere
398 2038 601 2080 iubentur
618 2041 644 2082 1.
708 2038 827 2080 Idem
869 2038 1019 2080 diebus
1051 2037 1234 2080 Veneris
1271 2037 1311 2079 in
1348 2037 1543 2079 omnibus
1576 2038 1734 2080 scholis
1766 2037 1947 2081 faciunt.

183 2102 345 2144 Diebus
367 2106 514 2146 autem
537 2103 760 2145 dominicis
788 2106 887 2158 post
919 2102 1147 2158 prandium
1169 2103 1262 2157 ipse
1285 2103 1456 2156 collegii
1479 2106 1623 2145 rector
1645 2102 1709 2156 (P.
1735 2103 1947 2156 Georgius

183 2167 344 2220 Bader)
377 2168 536 2210 Canisii
569 2168 877 2210 catechismum
909 2168 953 2210 in
976 2169 1159 2210 ecclesia
1191 2168 1520 2222 interpretatur.
1574 2168 1719 2221 Aliqui
1745 2182 1800 2209 ex
1821 2182 1948 2222 prae-

185 2233 320 2287 cipuis
352 2233 619 2275 Franconiae
661 2233 874 2275 nobilibus
907 2233 1174 2287 Herbipolim
1207 2236 1423 2275 venerunt
1464 2236 1508 2275 et
1549 2247 1595 2275 se
1636 2235 1815 2287 paratos
1854 2246 1949 2275 esse

186 2298 459 2341 affirmarunt
491 2299 547 2340 ad
578 2298 688 2340 filios
720 2298 763 2340 in
796 2299 967 2340 scholas
991 2298 1212 2340 Sociorum
1245 2298 1493 2348 mittendos,
1528 2298 1755 2339 dummodo
1787 2297 1873 2339 illis
1906 2300 1950 2340 et

187 2363 448 2406 catechismo
482 2366 526 2406 et
566 2363 700 2405 missa
731 2364 956 2406 audiendis
988 2364 1270 2418 supersedere
1302 2363 1475 2412 liceret3
1519 2363 1804 2406 deliberatum
1837 2363 1948 2405 enim

187 2428 266 2469 sibi
301 2442 396 2470 esse
428 2429 587 2471 liberos
619 2429 663 2470 in
695 2443 808 2470 nova
846 2429 920 2471 illa
954 2428 1162 2482 religione
1195 2428 1392 2470 educare.

189 2543 327 2580 1024
355 2546 432 2579 sive
458 2543 569 2580 litt.
590 2544 719 2591 (19).
762 2544 786 2580 l.
805 2543 889 2579 Maii
915 2543 1011 2579 1568.

307 2605 363 2638 Ex
389 2604 625 2649 autographo.
676 2604 717 2639 G.
745 2604 809 2649 Ep.
837 2604 887 2638 IX
913 2604 937 2638 f.
967 2603 1202 2638 160—16012r.

311 2664 478 2698 Cano'sius
507 2665 761 2698 Centuriarum
786 2664 1066 2707 refutandarum
1089 2664 1211 2706 qratia
1237 2662 1386 2695 Romam
1411 2661 1549 2695 missus.

312 2771 321 2789 ¹
348 2770 466 2804 Etiam
492 2771 527 2804 in
557 2770 750 2814 „Catalogo
776 2769 988 2804 lectionum“
1018 2768 1160 2811 collegii
1185 2767 1479 2811 ingolstadiensis
1504 2767 1536 2801 9.
1564 2766 1730 2801 Octobris
1758 2766 1848 2800 1568
1875 2765 1951 2800 vul-

193 2824 277 2864 gato
305 2823 521 2863 enuntiatur,
548 2825 582 2857 in
610 2823 725 2857 classe
750 2825 878 2867 quarta
904 2823 981 2856 sive
1007 2822 1128 2855 infima
1152 2821 1280 2855 cotidie
1306 2820 1394 2854 hora
1411 2820 1444 2854 3.
1467 2819 1754 2862 „Catechismum
1780 2819 1952 2853 minorem

193 2874 233 2907 D.
261 2874 359 2908 Petri
395 2876 546 2910 Canisii“
583 2877 754 2910 traditum
790 2876 852 2916 iri;
889 2876 1015 2910 deinde
1051 2875 1094 2909 de
1129 2874 1293 2908 omnibus
1328 2873 1505 2908 classibus
1539 2873 1731 2907 statuitur:
1774 2871 1952 2915 „Singulis

194 2926 317 2960 diebus
343 2927 494 2962 Veneris
524 2929 763 2973 explicabitur
790 2929 1038 2963 Catechismus
1065 2927 1271 2962 Catholicus
1297 2927 1339 2961 D.
1366 2926 1465 2960 Petri
1492 2926 1624 2960 Canisii
1643 2939 1650 2960 ε
1669 2925 1952 2970 prouectioribus

194 2979 337 3023 quidem
372 2980 492 3021 latine,
528 2982 607 3015 aliis
642 2985 761 3016 autem
797 2981 1009 3025 germanice.
1060 2981 1101 3014 In
1137 2992 1205 3024 quo
1241 2981 1347 3014 etiam
1384 2979 1538 3022 singulis
1570 2979 1694 3013 diebus
1726 2979 1770 3012 ad
1796 2977 1950 3011 Mediam

195 3032 336 3066 circiter
365 3032 500 3074 horam,
535 3035 637 3068 modo
672 3035 788 3075 huius,
824 3035 926 3068 modo
961 3035 1059 3068 illius
1094 3033 1230 3068 Classis
1264 3032 1429 3077 discipuli
1465 3032 1745 3066 exercebuntur“
1777 3031 1955 3073 (Pachtler

195 3084 218 3119 l.
245 3096 274 3118 c.
301 3084 318 3118 I
344 3085 441 3127 214).
