2044 3335
129 137 183 177 78
633 134 734 169 1506.
763 134 928 169 Canisius
954 134 1135 169 Friderico
1161 146 1183 169 a
1208 134 1409 179 WVirsberg.

128 253 369 308 Episcopus
402 254 533 296 etiam
566 253 821 307 peccatis
854 253 1221 296 communicet
1252 253 1501 297 alienis1.
1550 255 1598 296 In
1632 255 1897 298 absoluendo

127 325 263 360 nunca
295 322 468 360 erratur
499 318 744 372 plurimum,
779 318 879 359 dum
912 319 1032 360 nulla
1055 318 1146 360 fere
1180 332 1357 360 casuum
1390 319 1458 371 (ut
1489 320 1666 374 uocant)
1698 334 1897 363 reserua-

126 386 269 426 torum
303 384 489 425 habetur
519 383 646 432 ratio,
681 385 726 425 et
757 383 1015 425 confitendib
1048 397 1098 425 ac
1131 384 1411 426 enumerandi
1443 388 1626 438 peccata
1658 399 1750 427 mos
1783 386 1897 440 apud

129 448 385 502 plaerosque
418 447 724 490 intermittitur
737 448 765 490 2.

247 513 341 554 Hoc
364 513 600 566 periculum
624 513 879 561 euitaretur,
913 512 948 554 si
971 512 1074 555 uiua
1094 527 1201 556 uoce
1225 513 1562 556 admonerentur
1583 514 1696 556 serio
1719 517 1764 557 et
1784 516 1897 557 tem-

128 577 297 632 pestiue
329 578 593 627 sacerdotes
629 578 842 630 quomodo
865 577 933 619 hic
959 592 1006 620 se
1028 592 1181 631 gerere
1204 581 1248 620 et
1270 579 1324 620 ab
1348 579 1795 622 excommunicatione
1817 579 1896 621 sibi

128 643 302 695 suisque
325 656 482 684 cauere
509 643 697 684 debeant
709 644 738 693 3,
763 643 1124 696 quemadmodum
1148 643 1425 686 directorium
1449 644 1627 686 Polanci
1649 645 1854 687 admonet
1866 646 1895 688 4.

247 707 485 749 Praeterea
525 707 726 749 Vicarius
768 708 971 761 Episcopi
1017 711 1283 762 potestatem
1327 709 1451 758 hanc,
1498 723 1608 762 quae
1653 710 1707 751 ad
1752 710 1896 752 absol-

128 773 290 814 uendos
323 772 567 815 haereticos
600 773 772 823 attinet,
805 777 898 816 tum
921 773 1149 827 Episcopo,
1184 777 1276 816 tum
1309 774 1390 815 sibi
1421 788 1648 817 reseruare
1672 775 1894 818 debebat5.

129 837 223 886 Qua
263 837 315 879 de
356 851 404 879 re
443 837 608 879 Decani
650 852 798 879 omnes
839 839 1029 889 rurales,
1073 853 1180 892 quos
1224 842 1406 890 uocant,
1450 839 1709 881 admonendi
1749 843 1898 881 essent

129 903 290 952 sedulo,
325 906 374 945 ut
404 902 633 944 inferiores
664 903 900 956 parrochos
929 918 1015 945 non
1037 903 1231 946 sinerent
1252 904 1434 946 falcem⁰
1455 919 1578 947 suam
1601 903 1732 958 (quod
1755 904 1896 957 aiunt)

130 967 172 1008 in
206 967 416 1009 messemd
449 968 635 1009 alienam
667 968 856 1011 mittere.

249 1033 317 1074 Ex
340 1033 528 1075 Concilio
552 1033 804 1076 Tridentino
832 1038 1139 1088 excerpantur,
1164 1048 1275 1087 quae
1296 1035 1455 1089 populo
1479 1038 1579 1076 sunt
1601 1035 1895 1089 proponenda,

125 1100 169 1140 et
200 1111 255 1139 ex
288 1098 480 1140 eiusdem
513 1098 680 1152 concilij
714 1099 920 1141 mandato
954 1099 1226 1152 publicanda,
1262 1103 1310 1142 ut
1342 1114 1396 1142 ne
1427 1100 1504 1142 illa
1542 1099 1702 1142 diutius
1734 1099 1896 1153 negligi

124 1163 367 1213 uideantur,
410 1178 522 1216 quae
563 1164 710 1216 magni
753 1168 855 1206 sunt
887 1178 993 1206 sane
1026 1165 1246 1216 momenti,
1290 1166 1548 1219 praesertim
1592 1165 1643 1207 de
1676 1165 1895 1218 Coniugijs

123 1228 402 1270 clandestinis
436 1229 712 1282 abrogandis,
748 1232 792 1272 et
825 1229 877 1271 de
909 1229 1118 1282 gradibus
1151 1230 1421 1284 cognationis
1449 1233 1494 1272 et
1516 1230 1743 1272 affinitatis
1766 1230 1892 1284 spiri-

122 1294 254 1335 tualis
267 1295 295 1336 6.
341 1294 449 1336 Sunt
479 1297 523 1336 et
555 1294 654 1345 alia,
690 1308 800 1347 quae
834 1294 943 1337 citra
975 1295 1214 1348 periculum
1247 1309 1303 1337 ex
1335 1296 1485 1337 eodem
1509 1295 1695 1337 Concilio
1727 1295 1893 1349 iniungi

241 1380 269 1412 a)
290 1381 317 1405 R
332 1388 511 1412 perperam:
530 1387 599 1406 non.
675 1379 705 1412 b)
726 1382 752 1405 R
772 1389 826 1406 non
849 1384 940 1406 recte:
961 1380 1128 1407 confitenti.
1203 1382 1229 1413 c)
1252 1381 1359 1407 falsem
1380 1383 1405 1407 B
1421 1383 1454 1406 R.
1529 1380 1558 1409 (1)
1579 1388 1712 1407 messam
1733 1383 1758 1406 B
1772 1383 1807 1407 R.

246 1477 254 1495 ¹
283 1476 299 1509 1
329 1474 408 1508 Tim
435 1476 466 1515 5,
495 1476 552 1509 22.
697 1476 709 1496 ‘⁸'
738 1475 792 1510 Cf.
823 1477 910 1510 Can.
937 1476 987 1510 IV
1014 1477 1094 1511 545.
1241 1478 1253 1497 ³
1279 1476 1371 1510 Vide
1401 1478 1488 1511 Can.
1508 1477 1541 1511 V
1559 1477 1654 1511 414⁵.

242 1530 255 1548 4
283 1528 335 1562 Cf.
360 1529 497 1572 „Breve
517 1529 756 1563 Direetorium
781 1529 823 1563 ad
853 1529 1065 1575 confessarij
1093 1541 1135 1564 ac
1164 1530 1370 1564 confitentis
1397 1541 1527 1564 munus
1553 1532 1650 1564 recte
1677 1529 1889 1564 obeundum.

123 1582 170 1616 M.
198 1584 333 1616 Ioanne
350 1583 504 1616 Polanco
531 1582 713 1626 Theologo
741 1582 932 1617 Societatis
960 1583 1042 1617 Iesv
1068 1583 1252 1624 authore“,
1280 1583 1430 1618 Lovanii
1452 1584 1551 1625 1576,
1578 1584 1602 1618 f.
1621 1584 1652 1617 A
1669 1582 1889 1617 Xb—AXla.

123 1635 301 1669 Polancus
328 1635 518 1669 Societatis
554 1636 771 1670 secretarius
806 1636 968 1670 libellum
995 1636 1100 1677 hunc,
1138 1636 1171 1671 S.
1200 1637 1330 1680 Ignatii
1358 1638 1460 1671 iussu
1486 1637 1739 1681 conscriptum,
1774 1637 1810 1670 in
1837 1647 1890 1669 so-

121 1689 237 1723 lorum
263 1689 446 1723 Sociorum
485 1701 590 1723 usum
618 1690 868 1723 excudendum
896 1701 1021 1724 curare
1048 1690 1230 1731 voluerat;
1266 1691 1330 1725 sed
1355 1690 1546 1735 Philippus
1573 1690 1771 1724 Archintus
1805 1701 1888 1734 pon-

120 1743 229 1777 tificis
255 1743 291 1776 in
317 1743 404 1776 urbe
431 1754 579 1776 romana
606 1743 764 1777 vicarius
792 1743 920 1785 effecit,
959 1746 999 1777 ut
1024 1743 1060 1776 in
1087 1744 1244 1778 omnium
1270 1755 1374 1778 usum
1402 1743 1633 1787 vulgaretur;
1667 1743 1726 1787 qui
1753 1742 1889 1776 Romae

122 1807 152 1830 a.
184 1796 273 1831 1554
309 1796 461 1841 primum
498 1808 654 1831 excusus
687 1808 767 1830 esse
794 1796 957 1837 videtui-3
996 1799 1078 1830 ante
1111 1809 1142 1831 a.
1173 1798 1261 1832 1567
1289 1797 1389 1842 typis
1416 1797 1620 1842 exscriptus
1656 1798 1732 1830 erat
1758 1795 1889 1829 Vindo—

121 1849 250 1891 bonae,
286 1850 523 1893 Antverpiae,
560 1850 745 1893 Dilingae,
780 1850 965 1891 Coloniae,
1002 1850 1156 1891 Lovicii3
1197 1851 1323 1884 deinde
1360 1850 1435 1884 fere
1470 1851 1516 1884 40
1552 1849 1726 1884 editiones
1763 1848 1890 1883 habuit

125 1904 407 1947 (Sormnereoyel,
436 1903 525 1937 Bibl.
546 1903 595 1937 VI
623 1904 839 1946 939—944).

243 1957 256 1976 ⁵
285 1958 483 1990 Concilium
509 1956 758 1990 Tridentinum
794 1957 1056 1991 haereticorum
1098 1956 1152 1999 „in
1184 1957 1260 1991 foro
1287 1957 1548 1992 conscientiaeu
1589 1956 1887 1990 absolvendorum

123 2012 339 2054 potestatem
367 2010 545 2054 episcopis
571 2010 658 2044 solis
684 2010 862 2044 tribuerat
888 2010 949 2051 ita,
985 2014 1025 2044 ut
1051 2011 1087 2044 hi
1122 2022 1166 2044 ne
1193 2022 1273 2044 cum
1300 2010 1446 2044 vicariis
1483 2010 1625 2054 quidem
1658 2009 1890 2053 generalibus

123 2075 201 2098 eam
246 2063 509 2097 communicare
551 2066 700 2108 possent
745 2066 848 2105 (sess,
885 2064 941 2105 24,
985 2064 1028 2098 de
1070 2064 1133 2098 ref.
1171 2076 1200 2098 c.
1235 2065 1284 2108 6).
1342 2064 1512 2098 Attamen
1556 2063 1641 2097 Pius
1680 2063 1740 2097 IV.
1780 2062 1889 2095 Brevi

125 2116 238 2151 Roma
267 2118 319 2151 16.
347 2116 483 2161 Aprilis
511 2117 602 2150 1564
637 2117 721 2150 dato
756 2116 898 2151 Danieli
925 2117 1079 2151 Brendel
1114 2116 1382 2162 archiepiscopo
1418 2117 1628 2160 moguntino
1665 2116 1887 2161 permiserat,

124 2173 165 2204 ut
198 2170 235 2204 in
270 2170 382 2215 ipsius
414 2170 602 2214 provincia
627 2170 875 2204 ecclesiastica
903 2170 963 2214 (ad
991 2182 1098 2214 quain
1125 2171 1355 2215 episcopatus
1381 2170 1642 2215 herbipolensis
1668 2169 1886 2214 pertinebat)

123 2225 200 2269 ipse
237 2226 273 2257 et
298 2223 502 2257 sacerdotes
538 2223 581 2257 ab
617 2223 694 2268 ipso
725 2223 990 2267 „subdelegati“
1022 2224 1227 2258 hominibus
1263 2224 1299 2258 in
1333 2224 1514 2258 haeresim
1548 2223 1662 2268 lapsis
1697 2224 1778 2267 post
1807 2222 1886 2264 „ab-

123 2278 334 2312 iurationem
361 2278 556 2310 secretam“
592 2276 673 2319 (nisi
698 2276 980 2319 „abiurationem
1008 2277 1149 2321 publice
1176 2276 1273 2311 fiel-st
1305 2278 1433 2311 debere
1460 2278 1529 2322 ipsi
1555 2277 1614 2311 vel
1639 2274 1887 2318 subdelegatis

124 2331 241 2364 visum
268 2332 379 2372 esset)
409 2330 550 2374 plenam
579 2330 849 2374 impertirentur
875 2330 1136 2364 absolutionem
1165 2331 1314 2374 (Valent.
1342 2332 1491 2365 Ferdin.
1518 2332 1562 2364 L.
1581 2331 1623 2364 B.
1642 2331 1683 2363 de
1704 2330 1885 2372 Gudenus,

122 2384 242 2418 Codex
269 2383 530 2428 Diplomaticus
558 2383 835 2424 Anecdotorum,
872 2395 930 2417 res
957 2384 1201 2427 Moguntinas,
1229 2384 1420 2418 Francicas
1448 2412 1482 2418 ..
1503 2411 1510 2417 .
1539 2383 1797 2417 illustrantium
1823 2381 1884 2423 iv,

121 2437 346 2471 Francofurti
374 2440 409 2470 et
433 2436 577 2481 Lipsiae
598 2436 699 2478 1758,
720 2437 938 2480 709—711).
977 2437 1021 2471 Et
1046 2437 1201 2471 fortasse
1228 2437 1432 2471 Fridericus
1458 2436 1677 2480 singularem
1704 2435 1885 2480 quandam

120 2493 337 2535 potestatem
373 2502 393 2523 a
419 2490 503 2524 sede
530 2490 728 2534 apostolica
755 2491 1026 2535 impetraverat.
1080 2491 1273 2524 Praeterea
1309 2491 1376 2525 hoc
1401 2491 1596 2524 notandum
1624 2492 1697 2524 est:
1732 2489 1884 2522 Plurimi

121 2556 162 2578 ea
180 2546 300 2578 aetate
326 2544 361 2577 in
381 2555 422 2576 ea
440 2543 647 2577 condicione
666 2546 779 2584 erant,
807 2555 878 2587 qua
905 2546 1078 2588 perpetuo
1105 2544 1375 2588 impedirentur,
1403 2544 1592 2588 quominus
1618 2543 1686 2587 ipsi
1704 2553 1882 2576 summum

120 2598 325 2642 pontificem
351 2597 491 2631 adirent
517 2599 553 2631 et
576 2597 837 2631 absolutionem
863 2597 907 2631 ab
935 2609 975 2631 eo
1001 2599 1177 2642 peterent,
1204 2600 1244 2631 ut
1262 2609 1452 2642 pauperes,
1480 2597 1587 2638 servi,
1606 2596 1747 2635 infirmi,
1766 2606 1882 2635 senes,

121 2650 298 2693 mulieres,
325 2650 505 2693 religiosi3
539 2653 681 2694 poterat
707 2653 827 2684 autem
855 2651 1045 2695 episcopus
1074 2651 1125 2693 (ni
1151 2650 1286 2694 fallor),
1322 2650 1500 2695 „epikeia“
1532 2650 1684 2693 quadam
1711 2648 1884 2689 adhibita,

120 2715 283 2737 censere:
320 2703 395 2736 Hos
431 2714 546 2746 neque
572 2704 817 2737 reservatione
852 2703 914 2737 illa
940 2703 1146 2744 tridentina,
1176 2715 1292 2748 neque
1322 2704 1566 2737 reservatione
1592 2702 1718 2736 Bullae
1746 2701 1884 2735 Coenae

122 2757 167 2794 (si
193 2767 285 2800 quae
312 2756 424 2798 esset)
453 2756 716 2800 comprehendi,
744 2760 851 2800 atque
879 2757 929 2790 ita
956 2757 1023 2790 sibi
1052 2768 1196 2790 manere
1223 2758 1438 2801 potestatem
1466 2756 1543 2790 iure
1566 2755 1744 2789 communi
1765 2755 1810 2798 (c.
1829 2755 1881 2796 13,

120 2809 150 2842 X
169 2810 200 2849 5,
228 2810 271 2842 39
291 2809 375 2851 etc.)
404 2809 580 2853 episcopis
608 2821 825 2850 concessam,
862 2821 932 2853 qua
959 2810 1133 2843 eiusmodi
1161 2810 1323 2844 homines
1355 2811 1390 2843 et
1416 2810 1453 2843 in
1478 2809 1554 2843 foro
1582 2809 1820 2843 conscientiae
1847 2810 1882 2842 et

118 2864 151 2896 in
178 2863 253 2896 foro
279 2864 429 2895 externo
456 2873 476 2895 a
503 2863 662 2905 peccatis
688 2863 884 2896 reservatis
914 2865 986 2896 tam
1012 2863 1081 2907 ipsi
1108 2874 1215 2906 quam
1241 2875 1304 2907 per
1331 2874 1402 2904 eos,
1430 2874 1518 2907 quos
1546 2862 1614 2907 ipsi
1639 2862 1879 2905 delegassent,

118 2915 305 2949 absolvere
332 2916 518 2958 poteram
547 2915 592 2948 cf.
622 2916 657 2949 S.
678 2917 855 2959 Alphonsi
880 2917 921 2949 de
947 2917 1097 2960 Ligyorio
1123 2916 1354 2959 Theologiam
1381 2915 1551 2950 moralem
1578 2915 1600 2949 1.
1621 2916 1650 2956 7,
1676 2927 1710 2949 11.
1730 2915 1882 2950 84-90.

118 2971 219 3001 Anno
256 2968 347 3002 1568
384 2968 550 3002 Canisius
590 2968 768 3012 episcopis
807 2969 1021 3003 Germaniae
1060 2980 1080 3002 a
1118 2969 1182 3002 Pio
1215 2969 1258 3002 V.
1295 2969 1505 3003 facultatem
1543 2968 1755 3013 impetravit
1791 2968 1881 3002 satis

117 3021 272 3066 amplam
299 3032 401 3054 suam
428 3021 638 3054 absolvendi
665 3024 881 3066 potestatem
909 3034 972 3066 per
999 3022 1088 3056 alios
1116 3022 1323 3063 exercendi;
1351 3034 1384 3056 v.
1412 3022 1516 3063 infra,
1542 3034 1635 3056 mon.
1663 3022 1700 3056 it.
1730 3021 1820 3064 (20).

239 3075 251 3092 ⁴³
278 3072 372 3107 Sess.
400 3073 454 3113 24,
492 3074 534 3106 de
569 3073 634 3107 ref.
662 3076 767 3109 matr.
795 3086 823 3108 e.
856 3075 871 3108 1
901 3075 932 3109 2.
984 3074 1093 3108 Sacra
1131 3075 1290 3119 synodus
1329 3075 1623 3119 impedimentum
1658 3075 1881 3118 cognationis

121 3126 321 3172 spiritualis
347 3126 531 3160 moderata
558 3128 636 3160 erat
661 3127 739 3160 sive
765 3129 1007 3161 contraxerat.
