2044 3335
475 107 569 142 Mon.
598 107 690 142 1068
717 106 794 141 sive
820 119 896 141 var.
919 105 983 151 (4).
1030 106 1083 141 15.
1102 105 1316 140 Novembris
1345 105 1449 139 1567.
1759 107 1839 147 721

81 224 355 278 occupandus
371 225 396 274 1,
421 226 466 266 et
489 239 515 266 a
536 224 862 278 gubernationis
881 237 1010 265 onere
1028 223 1330 285 subleuandus,
1353 222 1494 264 visum
1513 223 1580 264 est
1597 220 1701 263 mihi
1714 220 1847 263 Pater

81 289 331 331 charissime
372 290 453 331 hoc
496 303 604 331 onus
645 290 801 331 saltem
843 289 895 330 ad
941 302 1018 330 sex
1060 302 1231 332 menses
1273 287 1360 329 tuis
1401 287 1591 329 humeris
1633 299 1729 328 esse
1766 286 1845 327 im-

80 355 346 408 ponendum;
370 355 482 396 bono
506 368 610 406 ergo
630 354 771 396 animo
795 354 966 408 plenam
987 353 1240 394 Prouinciae
1259 350 1587 407 [Germaniae]a
1604 350 1847 406 Superioris

80 419 452 472 gubernationem,
496 421 545 461 ut
577 418 963 472 Viceprouincialis
1005 418 1079 459 sed
1123 432 1219 459 cum
1257 417 1406 459 eadem
1442 417 1692 467 autoritate,
1736 429 1847 469 quae

83 484 422 526 prouincialibus
455 483 631 525 concedi
669 484 793 533 solet,
837 482 1011 533 subibis,
1055 485 1098 524 et
1132 482 1329 535 quamuis
1364 482 1408 524 P.
1443 481 1615 535 Canisij,
1659 480 1848 534 consilijs

83 547 302 603 [uteris‚]b
337 547 395 603 [3]
433 548 487 601 (si
521 548 690 601 quando
723 548 764 589 id
799 547 1003 602 expedire
1035 546 1264 600 iudicabis)
1289 552 1336 588 a⁰
1358 550 1402 589 te
1435 546 1710 588 nihilominus
1742 559 1848 599 pen-

82 614 182 654 dere
216 614 358 655 omnia
391 613 593 666 quamdiu
632 613 711 654 hoc
754 612 949 664 fungeris
990 626 1180 661 munere,
1223 611 1456 664 intelligas,
1498 611 1540 652 id
1573 611 1703 653 etiam
1738 610 1848 652 Rec-

80 678 246 720 toribus
272 679 315 720 P.
341 678 624 719 Prouincialis
650 677 925 730 significabit,
960 679 1008 719 ut
1039 691 1164 718 nemo
1189 677 1243 718 ad
1276 676 1415 730 ipsum
1439 676 1515 717 sed
1547 677 1601 717 ad
1633 678 1678 717 te
1700 689 1849 717 omnes

82 742 134 784 de
166 742 219 796 ijs
252 757 362 795 quae
395 743 616 796 pertinent
649 743 702 784 ad
740 741 1099 795 gubernationem
1135 741 1379 792 Societatis,
1423 741 1628 791 scribant,
1673 740 1850 794 perinde

82 809 213 860 atque
257 807 293 848 si
335 811 463 850 extra
495 807 767 849 Prouinciam
811 807 1060 861 praedictus
1092 806 1137 848 P.
1173 806 1369 848 Canisius
1412 808 1456 848 et
1497 807 1623 848 extra
1661 805 1848 846 officium

82 871 365 914 Prouincialis
406 875 571 925 ageret.
635 872 762 914 Jnter
804 874 978 914 caetera
1019 885 1122 912 uero
1167 871 1210 912 id
1257 871 1511 924 prudentiae
1557 873 1600 913 et
1646 869 1850 912 charitati

83 935 254 991 [tuae]¹¹
277 937 623 979 commendatum
648 937 790 986 uelim,
825 940 873 979 ut
906 951 1016 990 quae
1039 937 1093 978 ad
1127 936 1369 990 profectum
1403 939 1650 978 nostrorum
1683 938 1774 977 tum
1807 935 1850 976 in

82 1002 249 1056 spiritu,
283 1004 374 1043 tum
399 1002 530 1043 etiam
563 1001 606 1043 in
640 1002 799 1044 litteris
832 1002 1087 1056 pertinente,
1123 1015 1319 1054 quaeque
1343 1001 1396 1042 ad
1430 1001 1649 1055 operarios
1682 1003 1774 1042 tum
1807 999 1850 1041 in

83 1067 308 1109 audiendis
334 1067 688 1118 confessionibus,
723 1071 813 1110 tum
838 1068 880 1109 in
906 1067 1188 1110 concionandi
1210 1081 1388 1108 munere
1413 1064 1768 1121 [instituendos]f
1789 1063 1850 1120 [Ρ]

83 1132 317 1185 pertinent,
361 1132 592 1185 diligenter
634 1136 852 1175 curentur.
918 1133 1078 1174 Precor
1118 1136 1263 1174 autem
1299 1132 1377 1173 Dei
1412 1131 1651 1174 bonitatem
1686 1133 1734 1173 ut
1775 1135 1850 1173 tuo

83 1196 322 1238 ministerio
356 1197 410 1238 ad
444 1197 650 1238 honorem
685 1200 729 1240 et
761 1198 967 1251 gloriamg
999 1212 1120 1239 suam
1155 1197 1218 1239 uti
1249 1200 1341 1239 tam
1374 1197 1416 1238 in
1448 1197 1611 1238 nostris
1645 1210 1774 1249 quam
1807 1196 1850 1237 in

83 1262 278 1305 externis
300 1262 513 1312 iuuandis,
539 1262 754 1315 dignetur,
783 1266 828 1305 et
850 1263 903 1304 ad
929 1261 1040 1317 [id]h
1065 1261 1125 1317 [Ρ]
1150 1262 1337 1315 gratiam
1362 1277 1483 1304 suam
1509 1275 1636 1315 quam
1660 1261 1853 1303 cumula-

84 1327 297 1369 tissimam
338 1327 582 1380 largiatur&
649 1328 757 1369 Vale
791 1328 833 1369 in
868 1327 1051 1370 Domino
1084 1328 1189 1369 Jesu
1224 1328 1417 1378 Christo3
1460 1327 1625 1369 Romae
1662 1329 1727 1369 15.
1762 1326 1853 1368 No-

83 1393 223 1435 uemb.
261 1394 387 1435 1567.

202 1462 352 1504 Borgias
379 1462 444 1496 has
470 1461 610 1495 litteras
640 1462 740 1496 misit
766 1463 809 1496 ad
830 1462 1023 1503 Canisium,
1051 1462 1236 1503 mandans,
1263 1464 1303 1496 ut
1328 1462 1406 1506 ipse
1425 1461 1572 1495 Hoffaeo
1599 1473 1660 1495 eas
1677 1461 1852 1501 traderet3

82 1515 117 1549 id
143 1515 236 1558 quod
264 1515 427 1549 Canisius
454 1515 652 1560 praestitit;
681 1527 715 1550 v.
734 1527 843 1560 supra
871 1528 903 1560 p.
928 1516 991 1550 119
1022 1516 1098 1550 146.

202 1568 321 1602 Etiam
347 1571 540 1612 postquam
568 1569 773 1613 provinciae
801 1569 1064 1603 administratio
1092 1581 1136 1602 ex
1157 1568 1298 1603 Canisio
1326 1569 1361 1602 in
1381 1568 1567 1603 Hoffaeum
1590 1568 1769 1603 translata
1789 1570 1853 1609 est,

82 1624 158 1655 tum
205 1622 395 1662 Hoffaeus,
439 1624 515 1655 tum
553 1621 723 1664 Borgias.
769 1634 848 1656 cum
895 1623 980 1666 quid
1025 1622 1174 1666 gravius
1219 1622 1448 1656 statuendum
1489 1625 1584 1663 erat,
1629 1622 1741 1656 statui
1785 1633 1855 1655 non

84 1675 212 1709 debere
239 1675 434 1709 censebant
459 1675 528 1709 nisi
555 1675 676 1709 audito
705 1675 838 1709 Canisii
867 1675 1025 1710 consilio.
1078 1675 1193 1709 Huius
1219 1675 1271 1709 rei
1297 1677 1509 1718 argumenta
1536 1675 1606 1709 iam
1633 1676 1735 1720 posui
1762 1686 1854 1709 com-

83 1730 187 1773 plura
215 1728 276 1771 (cf.
297 1740 405 1774 supra
424 1741 456 1773 p.
477 1729 546 1763 294
573 1729 640 1763 328
668 1730 736 1763 512
764 1730 831 1763 513
860 1730 929 1764 520
956 1730 1023 1763 543
1052 1732 1137 1771 etc).
1182 1729 1319 1763 Addam
1347 1741 1473 1763 unum:
1501 1730 1676 1772 Hoffaeus
1694 1729 1728 1762 S.
1748 1728 1854 1762 Fran-

84 1782 179 1816 cisco
205 1783 359 1825 Borgiae
387 1783 591 1827 praeposito
618 1783 778 1826 generali
806 1784 972 1826 Augusta
999 1783 1268 1817 Vindelicorum
1298 1785 1328 1817 1.
1347 1783 1434 1816 Maii
1463 1783 1552 1817 1568
1580 1783 1622 1816 de
1642 1783 1681 1816 P.
1700 1782 1856 1816 Martino

84 1835 325 1870 Leubenstain
352 1835 547 1880 *scripsit:
587 1836 659 1878 „De
693 1836 821 1881 medicj
859 1836 1005 1870 consilio
1042 1837 1183 1880 cogitur
1218 1837 1327 1870 Pater
1361 1836 1540 1870 Martinus
1570 1835 1701 1870 Rector
1732 1835 1855 1879 Jngol-

83 1890 277 1923 stadiensis
304 1894 424 1923 aerem
451 1892 590 1923 mutare
618 1893 654 1924 et
680 1890 909 1932 Jngolstadio
936 1890 1118 1924 discedere
1155 1891 1198 1923 ad
1234 1893 1376 1933 tenipus
1396 1903 1402 1924 :
1424 1890 1512 1924 Cum
1548 1891 1670 1934 itaque
1705 1890 1858 1934 ipsemet

84 1943 128 1976 ab
154 1942 222 1977 hoc
257 1943 373 1976 officio
409 1942 468 1976 diu
505 1943 740 1983 abhorruerit,
778 1946 813 1976 et
848 1943 909 1988 alij
947 1955 1087 1987 quoque
1124 1944 1200 1977 eius
1237 1943 1429 1988 consiliarij
1466 1943 1624 1977 iudicent
1658 1942 1781 1988 plures
1813 1943 1855 1977 ob

84 2007 214 2030 causas
240 1996 284 2030 ad
310 1997 376 2030 hoc
395 1996 560 2030 Rectoris
586 1997 744 2030 officium
764 1999 887 2041 aptum
915 1996 1016 2030 illum
1035 2009 1104 2030 non
1131 2008 1220 2037 esse,
1248 1997 1342 2031 scire
1368 1997 1472 2041 cupio
1499 2008 1543 2030 an
1569 1997 1599 2030 si
1620 1997 1658 2030 P.
1680 1997 1856 2030 Henricus

85 2050 266 2083 Arboreus
296 2049 371 2094 (qui
398 2061 492 2083 nunc
528 2050 601 2084 illic
627 2050 893 2084 Vicerectorem
930 2050 1021 2094 agit)
1051 2050 1095 2084 ad
1132 2062 1209 2084 eain
1245 2050 1542 2093 gubernationem
1577 2051 1627 2084 ita
1655 2062 1692 2084 se
1719 2062 1856 2084 accom-

83 2103 204 2137 modet
239 2105 279 2136 vt
313 2104 389 2137 eius
424 2103 518 2148 modj
556 2103 614 2137 vel
649 2103 876 2137 mediocriter
911 2103 1078 2148 placeant
1114 2103 1324 2137 Reuerendo
1362 2103 1401 2138 P.
1429 2103 1646 2138 Prouinciali
1682 2115 1724 2137 ac
1760 2103 1857 2145 mihi,

84 2157 308 2200 coeterisque
336 2156 569 2202 Consiliarijs,
596 2157 776 2201 possimus
803 2157 905 2190 illum
933 2159 1114 2191 annuente
1141 2159 1177 2191 et
1204 2157 1438 2191 confirmante
1465 2157 1689 2191 Paternitate
1709 2157 1750 2191 V.
1770 2157 1856 2191 Rec-

84 2213 196 2245 torem
225 2209 555 2253 Jngolstadiensem
580 2209 657 2244 loco
685 2210 723 2245 P.
751 2210 899 2255 Martinj
938 2210 1141 2244 declarar&
1173 2212 1235 2254 (ex
1262 2213 1416 2255 autogr.;
1455 2210 1495 2245 G.
1524 2211 1586 2255 Ep.
1615 2211 1664 2244 IX
1690 2211 1714 2244 f.
1744 2210 1857 2254 14412).

86 2265 124 2297 P.
152 2265 305 2298 Ioannes
330 2265 371 2296 de
397 2265 551 2298 Polanco
578 2263 770 2298 Societatis
797 2264 1015 2299 secretarius
1047 2265 1219 2299 mandatu
1246 2265 1401 2307 Borgiae
1427 2264 1540 2298 Roma
1570 2265 1621 2298 15.
1650 2264 1738 2298 Maii
1767 2264 1857 2299 1568

83 2317 314 2361 ᾖΓεθεροηᾶίὓε
346 2316 571 2358 „Mutandosi
598 2317 622 2350 il
642 2318 681 2352 P.
700 2317 868 2358 Mai-tino,
896 2329 958 2362 per
977 2318 1159 2361 conseglio
1187 2317 1271 2351 delli
1298 2318 1426 2352 medici
1453 2317 1484 2351 d’
1503 2317 1740 2361 Jngolstadio,
1767 2329 1806 2351 se
1832 2317 1858 2351 il

86 2371 125 2405 P.
153 2369 282 2404 Enrico
309 2370 456 2403 arboreo
483 2370 515 2403 al
544 2373 711 2414 presente
738 2370 944 2411 vicerettor,
971 2371 1223 2405 sodisfaceessi
1255 2371 1289 2405 al
1316 2371 1355 2405 P.
1383 2371 1609 2405 Prouinciale
1637 2373 1673 2405 et
1697 2373 1718 2405 a
1745 2371 1787 2405 V.
1815 2370 1857 2405 R.

85 2426 189 2469 potra
216 2423 279 2457 dar
305 2423 405 2457 auiso
433 2424 452 2456 a
478 2422 521 2457 N.
550 2423 665 2456 Padre
691 2424 790 2457 accio
816 2423 850 2456 lo
878 2424 1060 2465 confermi,
1089 2426 1123 2458 et
1150 2427 1168 2458 e
1195 2424 1327 2467 meglio
1354 2424 1498 2468 uengha
1524 2426 1651 2468 questo
1687 2423 1787 2458 auiso
1815 2424 1858 2458 de

85 2476 300 2511 dichiararlo
326 2488 390 2521 per
416 2475 553 2516 Rettor,
579 2476 711 2520 perche
738 2476 809 2510 tale
838 2479 855 2510 e
882 2477 916 2510 la
951 2478 1208 2511 consuetudine
1245 2477 1338 2511 della
1365 2477 1586 2522 Compagnia
1622 2477 1687 2511 che
1722 2489 1791 2511 non
1826 2477 1857 2511 si

85 2530 204 2564 mandi
231 2529 266 2563 la
292 2529 560 2563 confirmatione
588 2528 644 2563 del
671 2528 858 2570 Generale,
886 2530 1023 2564 insin'a
1048 2533 1149 2564 tanto
1182 2530 1247 2565 che
1274 2531 1328 2564 sia
1355 2534 1504 2576 prouato
1539 2529 1565 2563 il
1591 2530 1736 2572 talento,
1766 2531 1854 2564 etc.“

89 2584 149 2625 (ex
175 2594 298 2627 apogr.
326 2583 437 2616 eiusd.
464 2584 594 2626 temp.;
623 2581 743 2617 Germ.
763 2583 805 2616 67
835 2584 857 2618 f.
881 2583 992 2626 141b).

205 2644 232 2669 a)
254 2643 314 2666 Hoc
334 2650 357 2666 v.
379 2642 465 2673 (quod
485 2650 543 2666 non
563 2645 604 2666 est
623 2642 654 2666 in
674 2643 736 2673 ap.)
749 2642 945 2673 supplendum
965 2650 1025 2667 esse
1044 2643 1132 2673 facile.
1150 2646 1240 2674 patet.
1302 2641 1332 2669 bi
1354 2644 1414 2667 Hoc.
1438 2651 1463 2668 v.
1486 2643 1528 2667 vel
1547 2643 1642 2667 simile
1662 2642 1857 2674 supplendum

86 2691 146 2709 esse
166 2687 192 2708 et
212 2691 248 2707 ez
268 2686 326 2707 tota
346 2684 400 2708 linc
420 2683 546 2715 epistula
567 2687 592 2708 et
613 2691 648 2708 ea·
668 2684 794 2715 Boi-fiae
815 2684 924 2708 litteris
945 2686 985 2708 15.
1007 2685 1063 2713 (13.
1072 2684 1095 2714 1³)
1117 2685 1288 2709 Nouembris
1307 2684 1345 2708 ad
1367 2685 1518 2709 Cttnisizcm
1538 2684 1617 2708 datis
1631 2686 1737 2715 (supra
1747 2692 1778 2715 Ι).
1794 2686 1857 2715 119)

86 2725 241 2756 ευῖῖιζᾳίίαν.
336 2725 361 2756 c)
383 2726 418 2750 In
445 2733 492 2757 ap.
507 2733 581 2750 corr.
601 2732 637 2749 ex
656 2724 702 2750 ad.
795 2724 824 2756 d)
846 2726 932 2750 Deest
953 2726 983 2750 in
1003 2734 1050 2757 ap.
1142 2726 1169 2756 e)
1191 2725 1327 2758 pertinet
1347 2734 1394 2757 ap.
1485 2725 1509 2757 f)
1530 2727 1590 2750 Hoc
1609 2727 1652 2750 vel
1672 2726 1768 2750 simile
1789 2734 1813 2750 v.
1829 2730 1859 2751 ut

85 2767 270 2798 suppleatur,
291 2774 338 2791 res
357 2767 422 2798 ipsa
443 2767 559 2798 exiyere
579 2767 704 2791 videtur.
778 2769 807 2797 g)
829 2767 968 2798 Sequitur
988 2766 1041 2797 uti,
1061 2768 1149 2792 oblitt.
1224 2766 1255 2798 h)
1277 2768 1476 2798 Supplendum
1497 2768 1541 2792 vel
1560 2768 1619 2797 hoc,
1639 2768 1683 2792 vel
1703 2766 1796 2799 istud,
1816 2769 1859 2793 vel

84 2809 181 2833 simile
202 2816 225 2833 v.
303 2807 324 2840 i)
347 2809 514 2840 Sequuntur
532 2816 576 2833 vv.
595 2806 710 2833 Romae
732 2808 774 2839 15,
794 2809 884 2833 omitt.

210 2891 219 2910 ¹
245 2891 277 2923 A
295 2890 328 2924 S.
349 2890 412 2924 Pio
430 2890 473 2924 V.
497 2890 617 2925 iussus
636 2893 714 2925 erat
737 2891 912 2925 adversus
931 2890 1199 2925 Centuriatores
1218 2890 1549 2934 magdeburgenses
1575 2891 1750 2933 scribere;
1777 2891 1859 2926 vide

88 2955 198 2989 supra
232 2956 265 2988 p.
294 2943 389 2979 118¹.
440 2944 480 2978 P.
508 2943 726 2989 Hieronymo
762 2943 884 2978 Natali
919 2944 1100 2978 visitatori
1135 2946 1291 2987 Boryms
1324 2943 1438 2978 Roma
1476 2946 1528 2979 14.
1555 2944 1739 2979 Februarii
1769 2946 1859 2980 1568

86 2996 252 3042 scripsit:
285 2996 360 3040 „S'e
379 2997 596 3042 desocupato
622 2998 646 3031 il
665 2998 776 3042 padre
795 2997 939 3032 Canisio
967 3009 1029 3042 per
1046 2998 1215 3031 atendere
1240 2997 1274 3031 al
1301 2997 1460 3032 scriuere
1488 3000 1613 3033 contra
1639 2998 1672 3032 le
1692 2999 1860 3034 Centurie

86 3062 152 3095 per
176 3050 298 3084 ordine
334 3050 369 3084 di
403 3061 469 3084 sua
503 3051 657 3085 santita“
692 3051 752 3094 (ex
779 3049 987 3095 archetypo,
1018 3062 1038 3084 a
1064 3050 1197 3094 Borgia
1234 3051 1311 3096 ipso
1347 3051 1559 3097 subscripto,
1599 3052 1699 3095 ,EB“
1730 3064 1763 3087 n.
1791 3052 1860 3086 228

87 3104 119 3138 f.
140 3104 220 3142 34²²:
248 3104 355 3137 etiam
383 3104 417 3137 in
444 3103 533 3148 Epp.
562 3105 683 3138 Nadat
708 3104 759 3138 III
786 3104 1004 3148 559—560).

158 3167 470 3200 Braunsberger,
492 3168 603 3194 Canisii
623 3168 777 3202 Epistulae
803 3168 834 3194 et
854 3168 940 3195 Acta.
966 3167 1017 3195 VI.
1528 3165 1573 3199 46
