2044 3335
166 98 250 139 468
657 94 759 128 1745.
787 93 826 127 P.
846 93 1087 138 Hieronymus
1113 93 1255 127 Natalis
1282 92 1435 128 Oanisio.

165 213 367 255 videatur
404 211 459 252 ad
499 210 667 263 syndici
709 210 929 252 cuiusdam
963 210 1233 260 relationem,
1277 210 1347 263 qui
1380 225 1477 252 narn
1512 225 1567 253 ex
1607 211 1926 265 professoribus

164 292 248 319 non
282 277 370 318 suis
401 275 667 328 temporibus
700 275 927 316 lectionem
962 275 1204 324 habuerint,
1246 277 1290 317 et
1323 279 1537 328 quaerunt
1569 276 1623 317 ab
1657 277 1731 327 eis,
1772 291 1926 319 causas

164 357 239 384 cur
271 355 355 382 non
387 340 605 392 legebant,
640 353 748 392 quas
775 339 809 380 si
838 339 1037 393 judicant
1069 339 1393 390 insufficientes,
1431 340 1676 383 detrahitur
1706 341 1791 382 illis
1824 355 1926 395 pars

164 407 327 459 salarij,
370 405 448 445 hec
490 417 558 445 res
592 405 778 446 habetur
811 404 941 446 valde
974 404 1135 454 odiosa,
1179 407 1223 446 et
1255 404 1449 458 reijcitur
1481 406 1766 448 communiter
1799 407 1926 460 culpa

162 471 203 512 in
237 474 405 524 patrem
430 469 671 519 Peltanum,
707 472 751 510 et
783 469 846 510 ita
867 469 1055 511 societas
1077 469 1272 511 redditur
1294 472 1471 513 exosal.
1520 470 1621 511 Ideo
1646 471 1925 513 Reuerendus

162 537 206 578 P.
248 533 531 576 Provincialis
571 534 703 588 jussit
740 534 785 577 P.
830 534 1059 576 Peltanum
1102 534 1290 576 scribere
1333 535 1387 575 ad
1424 534 1726 576 Reuerendum
1770 550 1809 589 p.
1852 536 1925 577 Vi—

162 601 325 643 carium
360 600 412 641 de
444 599 524 641 hac
557 613 618 650 re,
654 602 698 641 et
730 602 880 652 petere
913 599 1004 640 eius
1038 599 1262 640 consilium
1296 602 1372 640 aut
1405 613 1674 643 consensum.
1724 600 1925 653 Dilingae

163 668 216 707 20
250 664 451 719 Augusti.
1473 699 1480 706 .
1571 699 1578 707 .
1725 700 1733 707 .

1163 713 1315 740 seruus
1348 703 1392 741 et
1423 699 1536 740 filius
1568 714 1611 741 1n
1645 699 1806 742 christo

1184 771 1212 823 †
1245 770 1493 824 Alphonsus
1526 771 1553 822 †
1586 771 1781 814 Pisanus.

285 846 385 880 Haec
411 845 566 891 epistula
601 857 668 879 non
705 845 821 879 solum
850 845 1090 884 confirmatur,
1125 845 1189 878 sed
1225 845 1333 878 etiam
1369 844 1489 888 aliqua
1519 845 1655 879 ratione
1691 845 1931 890 amplificatur

161 899 332 941 *litteris‚
372 910 462 943 quas
500 899 592 932 idem
631 898 668 932 P.
698 900 851 932 Pisanus
878 899 1044 941 Augusta
1082 898 1112 932 1.
1140 897 1361 943 Septembris
1391 898 1477 932 1571
1520 898 1564 932 ad
1602 898 1768 932 Natalem
1808 899 1924 939 dedit;

161 964 311 998 quarum
350 954 488 996 partem
526 951 584 985 hic
624 963 734 995 pono:
779 951 921 993 „Quoad
960 962 1018 984 res
1057 950 1372 994 Ingolstadienses,
1413 951 1540 995 scripsi
1579 963 1645 994 ego
1684 951 1726 985 de
1768 951 1840 986 illis
1881 952 1925 986 ad

162 1006 203 1040 R.
223 1006 262 1040 P.
279 1005 473 1045 Canisium,
499 1008 540 1038 ut
560 1004 652 1039 RV.
673 1005 912 1045 ordinauerat,
940 1007 980 1038 ut
1006 1003 1067 1038 ille
1094 1005 1211 1038 omnia
1238 1004 1308 1038 huc
1334 1005 1553 1049 pertinentia
1578 1006 1622 1038 ad
1642 1005 1736 1039 P.V.
1756 1005 1925 1039 mitteret.

161 1060 350 1094 Caeterum
378 1058 455 1102 ipse
482 1057 588 1102 paulo
614 1060 697 1102 post
721 1058 822 1091 uenit
836 1057 1029 1101 Dilingam,
1057 1059 1092 1091 et
1118 1060 1216 1091 totus
1242 1057 1278 1090 in
1305 1069 1369 1091 suo
1396 1057 1486 1091 libro
1513 1065 1719 1102 occupatus,
1746 1059 1861 1092 voluit
1886 1060 1926 1092 ut

160 1125 226 1156 ego
262 1113 410 1146 Romam
447 1112 638 1146 mitterem.
689 1111 794 1145 Mitto
830 1112 952 1155 itaque
988 1111 1024 1144 in
1059 1111 1184 1155 primis
1219 1110 1295 1150 has,
1332 1110 1438 1144 simul
1473 1112 1581 1144 etiam
1616 1111 1718 1153 alias,
1755 1123 1845 1155 quas
1881 1112 1924 1145 ad

160 1166 201 1201 R.
229 1166 269 1199 P.
297 1165 479 1199 Canisium
515 1165 741 1209 scripseram,
780 1165 815 1198 in
850 1165 1014 1208 vtrisque
1049 1165 1143 1198 enim
1179 1163 1262 1208 quid
1300 1164 1343 1198 de
1378 1163 1724 1207 Ingolstadiensibus
1760 1176 1924 1198 censeam

158 1219 322 1257 habetur.
359 1220 395 1251 et
421 1218 456 1251 in
483 1217 563 1262 alijs
591 1217 733 1261 quidem
761 1229 930 1262 percurro
956 1217 1120 1260 singulas
1149 1217 1406 1251 Annotationes
1432 1216 1473 1250 R.
1502 1217 1540 1251 P.
1570 1217 1768 1258 Generalis,
1807 1218 1842 1251 in
1869 1217 1925 1251 his

159 1272 367 1305 summatim
395 1271 522 1312 dicam,
550 1270 633 1314 quid
661 1271 836 1304 videatur.
865 1271 979 1315 primo
1005 1270 1147 1314 quidem
1174 1282 1243 1304 non
1270 1270 1390 1314 probo,
1423 1271 1513 1314 quod
1542 1270 1709 1304 obaudiui
1736 1270 1923 1304 Rectorem

158 1324 391 1367 Dilinganum
414 1323 587 1369 judicare,
614 1335 741 1368 nempe
768 1327 807 1357 ut
833 1324 988 1358 societas
1014 1335 1083 1357 non
1111 1323 1280 1357 admittat
1305 1323 1396 1357 hanc
1415 1323 1619 1357 scholarum
1638 1323 1921 1365 translationem,

159 1377 251 1422 quod
280 1377 427 1411 difficile
445 1378 612 1411 videatur
637 1378 673 1410 in
701 1378 825 1410 eadem
852 1377 1036 1421 prouincia
1063 1377 1152 1410 duas
1175 1377 1298 1411 haberi
1316 1377 1542 1417 Academias,
1568 1376 1645 1418 hoc,
1672 1377 1829 1420 inquam,
1855 1388 1925 1410 non

158 1432 280 1476 probo,
309 1443 389 1464 nam
418 1432 453 1464 et
478 1431 515 1464 in
541 1430 622 1475 alijs
648 1430 842 1475 prouincijs
869 1430 1030 1464 Societas
1056 1430 1145 1464 duas
1171 1430 1279 1464 habet
1304 1430 1528 1471 Academias,
1557 1433 1593 1463 et
1618 1430 1811 1472 Dilingana
1834 1431 1924 1464 Aca—

159 1485 275 1518 demia
301 1484 457 1518 nondum
484 1486 539 1518 est
565 1484 716 1518 fundata
743 1486 778 1517 et
804 1483 920 1517 adhuc
946 1483 1012 1517 sub
1036 1483 1156 1528 judice
1181 1483 1226 1517 lis
1246 1485 1300 1517 est
1327 1495 1370 1517 an
1391 1482 1551 1517 Societas
1577 1494 1655 1516 eam
1675 1482 1853 1517 retinebit.

157 1540 195 1572 4?
221 1549 350 1582 operae
376 1537 536 1583 precium
573 1540 670 1571 esset
694 1537 969 1570 translationem
1004 1537 1102 1570 illam
1129 1536 1332 1571 scholarum
1369 1537 1420 1570 sic
1446 1536 1533 1577 fieri,
1569 1539 1609 1569 ut
1636 1548 1758 1570 omnes
1785 1537 1846 1580 qui
1879 1536 1921 1570 ad

157 1591 315 1625 studium
343 1591 560 1633 Theologiae
586 1590 684 1625 Juris
712 1589 769 1623 vel
798 1590 998 1624 Medicinae
1033 1601 1103 1623 non
1130 1590 1292 1630 ueniunt,
1330 1589 1373 1623 ad
1410 1592 1610 1623 nostrorum
1634 1589 1921 1633 jurisdictionem

160 1644 375 1688 pertineant,
410 1645 461 1677 ita
494 1647 535 1677 ut
571 1643 614 1677 ab
651 1643 732 1688 alijs
758 1643 946 1677 facultatis
971 1643 1156 1686 magistris
1193 1654 1312 1676 eorum
1341 1643 1553 1685 gubernatio
1585 1654 1655 1676 non
1681 1642 1921 1687 perturbetur,

161 1698 254 1741 quod
281 1697 353 1738 fiet,
389 1697 419 1730 si
446 1696 506 1742 alij
534 1697 745 1740 suffragium
782 1708 850 1730 non
878 1696 1044 1730 habeant.
1095 1695 1173 1730 Non
1201 1696 1294 1729 enim
1322 1696 1467 1740 placent
1493 1695 1576 1729 illae
1602 1696 1843 1740 exceptiones,
1879 1695 1921 1729 de

160 1750 331 1784 studiosis
358 1750 545 1784 adultioris
572 1750 713 1791 aetatis,
741 1752 777 1783 et
802 1750 845 1783 de
871 1749 926 1783 his
953 1750 1013 1793 qui
1040 1750 1202 1794 proprios
1227 1748 1362 1782 habent
1388 1749 1615 1793 paedagogos
1641 1751 1709 1782 etc.
1735 1749 1802 1782 hoc
1828 1748 1921 1782 enim

162 1805 354 1848 praetextu
380 1803 487 1837 facile
513 1803 585 1841 fiet,
612 1805 653 1836 ut
678 1803 782 1847 pauci
809 1803 852 1836 ad
872 1806 1014 1837 nostros
1031 1802 1190 1836 veniant.
1223 1803 1259 1835 5⁰
1287 1805 1321 1836 et
1340 1805 1531 1846 postremo.
1558 1802 1588 1835 si
1614 1801 1649 1835 id
1675 1802 1826 1836 obtineri
1853 1813 1922 1835 non

161 1858 290 1901 potest,
318 1868 386 1890 non
413 1859 534 1890 tamen
561 1856 603 1889 ob
630 1856 663 1889 id
691 1856 889 1890 omittenda
915 1858 971 1890 est
996 1855 1061 1889 hec
1087 1854 1288 1893 translatio,
1326 1867 1369 1888 ne
1396 1855 1562 1888 videatur
1588 1855 1694 1888 ludus
1721 1866 1923 1899 puerorum,

162 1921 242 1943 cum
268 1910 380 1943 tantis
399 1909 617 1954 Ceremonijs
643 1909 755 1943 semel
781 1909 890 1943 fuerit
916 1909 1057 1954 publice
1076 1909 1243 1949 admissa,
1271 1908 1333 1942 sed
1356 1908 1462 1953 juxta
1489 1920 1531 1942 ea
1557 1919 1648 1952 quae
1674 1908 1708 1941 in
1736 1908 1852 1942 literis
1878 1907 1921 1941 ad

162 1961 203 1997 R.
224 1962 262 1996 P.
279 1962 459 1996 Canisium
487 1963 615 2007 scripsi
641 1963 773 2007 poterit
799 1962 955 1996 tolerari.
983 1962 1060 1996 ideo
1088 1973 1149 1996 eas
1174 1961 1282 1996 simul
1307 1973 1386 1995 cum
1413 1961 1493 1995 istis
1519 1962 1642 1995 mitto“
1675 1962 1737 2005 (ex
1762 1964 1921 2004 autogr.;

164 2014 204 2049 G.
232 2015 296 2060 Ep.
325 2014 402 2049 coll.
432 2016 446 2048 Ι
473 2016 496 2049 f.
524 2016 636 2057 221³).
1840 2052 1844 2057 .

281 2069 425 2102 Natalis
450 2068 563 2102 Roma
589 2069 644 2103 20.
673 2068 839 2102 Octobris
869 2069 955 2102 1571
985 2067 1218 2113 *rescripsit:
1256 2067 1300 2101 Se
1333 2068 1400 2101 duo
1436 2067 1524 2101 haec
1559 2067 1694 2112 scripta
1729 2066 1922 2112 accepisse.

167 2121 233 2163 ,Et
258 2122 305 2155 mi
332 2122 433 2166 piace
468 2121 503 2155 la
538 2122 718 2155 sententia
753 2124 790 2155 et
814 2121 979 2166 raggionj
1017 2122 1059 2154 de
1086 2121 1128 2155 V.
1157 2120 1198 2155 R.
1226 2121 1309 2164 ogni
1335 2132 1418 2154 cosa
1453 2120 1484 2154 si
1515 2120 1743 2154 considerara
1768 2123 1923 2154 matura-

161 2176 300 2208 mente“
334 2176 395 2217 (ex
421 2186 543 2220 apogr.
572 2176 684 2208 eiusd.
710 2178 839 2219 temp.;
868 2175 987 2209 Germ.
1007 2175 1049 2209 71
1071 2174 1095 2208 f.
1116 2173 1207 2218 39¹³).

163 2295 311 2332 1745.
443 2295 504 2331 Ρ.
531 2294 988 2331 HIERONYMUS
1015 2294 1317 2332 NATALIS
1346 2295 1537 2330 Societatis
1562 2296 1720 2330 vicarius
1746 2295 1926 2338 generalis

332 2349 534 2384 CANISIO.
1375 2350 1488 2384 Roma
1515 2350 1570 2384 22.
1592 2349 1747 2393 Augusti
1775 2350 1876 2383 1571.

287 2415 341 2449 Ex
367 2415 573 2460 apographo
601 2415 712 2448 eiusd.
732 2417 859 2459 temp:
887 2414 921 2447 in
949 2414 1121 2458 margine,
1149 2415 1272 2448 eadem
1299 2427 1425 2449 manu:
1459 2415 1517 2456 „R
1538 2414 1715 2448 Canisio“.
1743 2413 1861 2448 Germ.
1882 2414 1923 2448 71

164 2469 187 2503 f.
216 2469 270 2502 26.
325 2468 488 2513 Epistula
514 2479 602 2502 usus
633 2472 688 2502 est
716 2468 923 2511 Sacc-hinem,
952 2467 1037 2501 Can.
1065 2468 1145 2502 285.

285 2529 453 2561 Cam‘sius
481 2530 515 2560 in
539 2529 765 2570 scriptionem
794 2539 864 2560 non
890 2528 1074 2570 incumbet,
1101 2528 1173 2560 nisi
1197 2528 1290 2571 quod
1315 2528 1425 2561 libros
1452 2529 1523 2560 iam
1547 2531 1695 2570 puratos
1720 2526 1925 2559 emendabit.

168 2581 391 2623 Oenipontem
416 2582 544 2614 missus
569 2586 615 2614 est
641 2583 840 2614 necessitate
864 2585 1018 2623 uryente.
1071 2581 1180 2614 Liber
1214 2582 1255 2614 de
1281 2582 1317 2615 S.
1346 2581 1480 2614 Ioanne
1506 2581 1674 2623 Dz'lc'nyae
1704 2580 1928 2613 excudendus

288 2700 298 2719 ¹
327 2699 406 2733 Dux
433 2700 489 2734 20.
517 2698 685 2734 Octobris
713 2699 804 2732 1570
830 2698 1118 2741 Eisengreinium
1147 2701 1337 2742 patronum
1364 2699 1441 2732 sive
1472 2698 1749 2742 „inspectoren1“
1779 2698 1926 2738 fecerat,

166 2752 225 2794 qui
252 2763 316 2785 sno
342 2752 485 2785 nomine
511 2763 648 2795 suaque
675 2751 891 2785 auctoritate
917 2751 1141 2785 academicos
1167 2751 1363 2785 custodiret
1389 2762 1430 2784 ac
1456 2751 1721 2791 moderaretur;
1749 2749 1927 2793 simulque

165 2805 410 2845 constituerat,
437 2811 476 2838 ut
503 2805 562 2838 ille
589 2805 699 2838 officii
727 2805 907 2838 adiutores
933 2804 1001 2838 sibi
1028 2804 1224 2847 adiungere
1250 2806 1371 2848 posset
1398 2816 1442 2837 ex
1473 2804 1647 2847 ,gremio“
1678 2803 1928 2837 universitatis

165 2857 203 2890 P.
230 2856 453 2890 Theodorum
490 2858 681 2891 Peltanum
718 2857 921 2900 theologiae
956 2857 1208 2902 professorem,
1242 2856 1430 2891 Nicolaum
1467 2857 1689 2890 Everardum
1725 2856 1813 2889 iuris
1849 2867 1925 2900 pro-

164 2910 347 2950 fessorem,
376 2910 637 2953 XVolfgangum
667 2910 854 2944 Zettelium
884 2910 1028 2954 (Zettel)
1057 2910 1313 2950 camerarium;
1347 2910 1408 2953 qui
1435 2910 1555 2949 etiam,
1583 2921 1662 2943 cum
1689 2909 1755 2953 ipsi
1782 2908 1927 2953 impedi—

165 2965 325 2996 mentum
351 2962 494 3005 aliquod
522 2963 749 3003 occurrisset,
777 2964 853 2997 eius
872 2964 950 2997 vice
977 2964 1079 3007 fungi
1106 2965 1254 3008 possent
1279 2966 1314 2996 et
1332 2963 1503 2996 deberent
1521 2963 1668 3006 (Prantl
1686 2962 1708 2996 l.
1728 2973 1758 2996 c.
1778 2962 1810 2995 Π
1830 2961 1926 3005 302).

164 3015 238 3049 Hos
267 3017 387 3048 autem
414 3015 599 3049 adiutores
626 3015 702 3059 ipse
730 3016 941 3059 Eisengrein
968 3016 1182 3061 impetrasse
1209 3016 1360 3057 videtur,
1388 3027 1457 3059 quo
1483 3015 1628 3049 facilius
1655 3015 1815 3049 odiosum
1841 3014 1929 3047 illud

166 3067 321 3101 officium
349 3067 597 3101 administrare
624 3072 659 3102 et
685 3069 886 3102 dominandi
914 3069 1070 3113 speciem
1097 3069 1224 3113 fugere
1252 3071 1377 3114 posset
1405 3070 1558 3112 (Pfleyer
1583 3068 1604 3102 l.
1632 3080 1660 3102 c.
1688 3068 1762 3111 87).
