2044 3335
305 87 406 123 1703.
434 86 518 122 Can.
546 86 729 120 Leonardo
755 84 894 120 Kessel.
936 85 1102 127 Augusta
1120 82 1224 117 Vind.
1245 82 1299 117 15.
1318 80 1474 116 Ianuarii
1493 80 1595 115 1570.
1745 81 1826 123 387

66 221 196 250 anum
210 207 237 257 ¹,
271 208 317 248 et
339 207 539 259 optamus
561 202 868 256 Theologicam
891 202 1082 245 scholam
1106 200 1229 243 uobis
1262 213 1357 242 esse
1388 199 1629 241 florentem.
1672 195 1831 238 Veniet

66 272 178 314 istuc
209 284 344 325 nepos
370 267 739 311 Reuerendissimi
770 267 909 310 nostri
941 265 1211 309 Cardinalis2
1242 268 1287 307 et
1318 263 1535 319 promittit
1566 263 1704 305 vitam
1736 275 1830 303 cor-

66 336 308 386 rectiorem,
332 348 461 388 quam
483 332 649 376 vtinam
673 334 870 387 praestet
892 331 1064 374 adiutus
1087 344 1219 385 opera
1236 332 1424 372 vestra³.
1457 328 1831 380 Nouiomagenses

66 404 239 443 nostros
271 400 350 442 sub
382 412 494 441 nouo
527 397 742 452 Episcopo
775 397 938 440 rectius
970 396 1196 438 habituros
1228 409 1354 449 spero
1387 395 1431 436 in
1463 393 1712 446 religioness.
1766 392 1831 433 De

66 465 285 508 sororibus
327 467 371 507 et
412 463 561 506 amicis
602 462 708 505 nihil
749 462 890 513 audio,
932 463 1114 516 nepotes
1154 473 1259 502 uero
1299 459 1398 502 istic
1438 461 1666 501 uersantes
1699 456 1830 500 etiam

66 533 197 584 atque
239 530 372 572 etiam
413 528 619 571 charitati
658 530 761 570 tuae
802 526 1068 577 commendo,
1111 527 1155 568 et
1186 538 1290 567 vere
1330 524 1424 579 pios
1457 538 1552 566 esse
1583 522 1829 578 percupio4.

67 595 156 638 Ora
187 609 264 649 pro
297 607 366 636 me
398 593 548 644 frater,
583 595 628 636 et
659 592 804 634 saluta
835 592 879 634 in
911 591 1080 634 Christo
1113 589 1386 632 domesticos,
1446 588 1655 631 Dominus
1687 587 1830 629 nobis-

67 657 162 702 cur‘n
195 661 418 714 perpetuo.
481 660 709 712 Augustae
742 660 897 700 octauo
929 655 1141 710 Januarij.
1178 656 1304 697 1570.

962 739 1123 782 Seruus
1153 737 1197 779 in
1230 735 1399 779 Christo
1432 735 1479 780 P.
1503 734 1711 777 Canisius.

185 822 440 865 Reuerendo
487 822 625 877 patri,
675 822 732 864 M.
768 821 899 863 Petro
945 821 1115 863 Busaeo
1164 818 1385 872 Theologo
1434 816 1665 860 Societatis
1712 815 1830 858 Jesu.

67 887 270 930 Coloniae
302 887 345 929 in
377 901 491 929 noua
523 887 654 929 bursa
687 887 965 929 Coronarum.

185 970 346 1002 Busaeus
378 967 462 1002 huic
496 967 700 1002 litterarum
735 967 960 1012 inscriptioni
995 978 1061 1001 sua
1095 977 1203 1000 manu
1239 964 1426 1010 ascripsit:
1466 964 1666 1008 „Acceptae
1696 961 1785 996 feria
1812 962 1832 995 5

66 1022 165 1067 prius
192 1021 333 1056 Pascha
361 1021 396 1064 [i.
424 1033 452 1056 e.
481 1021 536 1056 23.
556 1020 692 1065 Martii]
720 1020 970 1065 resc1·iptum“.

67 1160 220 1197 1703.
321 1160 538 1195 CANISIUS
575 1159 636 1195 P.
664 1157 1038 1195 LEONARDO
1072 1155 1342 1193 KESSEL
1370 1154 1423 1191 S.
1444 1155 1498 1190 J.
1525 1155 1655 1190 rectori
1691 1154 1833 1199 collegii

256 1214 481 1249 coloniensis.
940 1214 1106 1256 Augusta
1124 1210 1392 1246 Vindelicorum
1423 1210 1476 1244 15.
1496 1209 1652 1243 Ianuarii
1682 1209 1783 1244 1570.

185 1280 240 1314 Ex
266 1279 474 1325 archetypo,
501 1279 544 1313 ab
570 1278 648 1323 ipso
672 1277 815 1312 Canisio
841 1277 1026 1321 recognito
1053 1279 1088 1312 et
1113 1276 1317 1321 subscripto
1345 1275 1416 1320 (4⁰;
1446 1276 1461 1308 1
1484 1286 1536 1320 p.;
1564 1274 1600 1308 in
1625 1285 1658 1319 p.
1678 1274 1699 1308 2
1725 1273 1830 1308 inscr.

66 1335 102 1368 et
127 1345 210 1379 pars
228 1333 326 1377 sig),
354 1332 439 1367 Cod.
459 1332 571 1367 colon.
594 1331 704 1376 „Epp.
724 1331 769 1365 ad
787 1331 891 1365 Kess.
911 1331 945 1365 Γ*
968 1331 993 1365 f.
1012 1330 1092 1366 203.
1127 1329 1314 1375 Epistulae
1341 1328 1556 1363 mentionem
1583 1327 1669 1362 fecit
1686 1328 1830 1361 Hansen

66 1386 87 1421 l.
116 1399 145 1421 c.
172 1387 268 1422 587⁵.
320 1386 504 1421 Particula
530 1385 708 1431 epistulae
735 1385 939 1429 germanice
973 1385 1090 1429 posita
1126 1386 1182 1419 est
1215 1383 1309 1428 apud
1336 1383 1616 1425 Braemsberqer,
1652 1381 1733 1415 Kat.
1756 1381 1832 1416 147.

184 1459 237 1492 De
259 1458 382 1502 Operis
399 1457 611 1491 catechisticc'
630 1458 785 1490 versione
799 1458 1016 1499 yet-manica.
1048 1455 1234 1490 Contiones
1258 1465 1343 1489 suas
1362 1454 1529 1498 proaeime
1554 1463 1700 1487 eave-usas
1717 1452 1833 1485 mittit.

493 1535 588 1576 Pax
619 1533 778 1576 Christi
810 1534 933 1576 nobis
965 1536 1160 1576 aeterna.

806 1599 1060 1642 Reuerende
1092 1599 1237 1642 Pater.

186 1672 290 1715 Post
321 1685 492 1714 menses
525 1671 646 1722 duos,
680 1685 791 1725 quae
823 1684 971 1713 mense
1003 1670 1241 1713 Nouembri
1274 1668 1526 1723 scripsistis,
1565 1667 1712 1722 accepi
1746 1680 1833 1708 vna

66 1751 162 1780 cum
209 1737 349 1780 literis
396 1750 507 1791 quae
555 1750 610 1779 ex
657 1736 800 1791 patria
846 1736 1160 1779 scribebantur.
1236 1734 1455 1789 Respondi
1503 1736 1649 1777 autem
1696 1746 1834 1787 nuper

66 1803 126 1846 .P.
150 1803 308 1854 Buzeo,
351 1804 402 1845 vt
434 1816 541 1857 opus
582 1816 667 1844 non
709 1802 767 1844 sit
807 1802 959 1844 eadem
1000 1803 1198 1856 repetere
1240 1801 1292 1843 de
1334 1800 1487 1854 quibus
1527 1799 1599 1841 ille
1632 1798 1829 1853 rogabat.

65 1868 293 1912 Caeterum
315 1882 401 1911 non
426 1868 657 1922 impediam
689 1882 773 1921 quo
806 1868 947 1909 minus
978 1881 1138 1909 nouum
1171 1881 1278 1920 opus
1311 1866 1576 1916 conficiatur,
1610 1864 1654 1906 in
1686 1863 1833 1919 populi

63 1933 265 1988 gratiam,
308 1934 668 1987 quemadmodum
701 1934 752 1976 D.
776 1932 976 1975 Calenius
1009 1932 1256 1974 desiderare
1288 1931 1460 1974 uidetur
1473 1931 1501 1973 5.
1567 1930 1651 1973 Sed
1684 1928 1832 1971 dubito

63 2002 211 2042 tamen
243 2013 299 2041 an
327 1999 507 2041 Patrum
539 1998 784 2042 sententiae
816 1998 854 2040 si
885 1998 1121 2040 uernacula
1152 1997 1302 2051 lingua
1333 1996 1584 2047 reddantur,
1619 1995 1732 2049 quod
1766 1998 1834 2038 est

64 2064 331 2119 perdifficile,
362 2078 499 2118 aeque
521 2064 607 2108 sint
629 2066 784 2120 gratae
808 2066 853 2106 et
874 2063 1004 2106 Vtiles
1026 2062 1201 2105 futurae
1234 2063 1400 2113 lectori,
1424 2062 1537 2105 sicut
1559 2075 1655 2104 cum
1677 2060 1832 2103 Latine

183 2148 210 2178 a)
231 2147 302 2171 Bas.
325 2146 354 2170 in
375 2154 484 2178 mary.:
502 2145 604 2179 Nepos
624 2144 798 2172 cardinalis.

186 2279 194 2298 ¹
221 2278 324 2312 Anno
345 2277 435 2312 1570
463 2277 524 2320 (m.
543 2276 685 2318 Martio,
712 2279 752 2310 ut
777 2276 935 2320 videtur)
962 2275 1129 2310 Coloniae
1157 2287 1201 2309 ex
1228 2274 1372 2309 officina
1391 2273 1654 2319 typographica
1673 2272 1831 2307 Gerwini

64 2331 199 2366 Calenii
234 2331 366 2377 prodiit
399 2333 518 2365 tomus
548 2330 685 2374 primus
710 2330 827 2374 operis
857 2330 930 2372 „De
956 2329 1116 2374 probatis
1143 2328 1355 2363 Sanctorum
1382 2327 1561 2362 historiis“
1592 2339 1612 2361 a
1640 2326 1830 2361 Laurentio

63 2385 165 2420 Surio
193 2385 407 2419 Cartusiano
433 2383 627 2418 coloniensi
653 2383 841 2428 compositi
870 2383 1108 2427 (Hartzhez'm,
1136 2382 1227 2417 Bibl.
1245 2382 1344 2425 221).

182 2439 195 2459 2
222 2438 434 2473 Gebhardus
460 2436 671 2477 Truchsess,
707 2436 767 2481 qui
802 2436 1098 2482 metropolitanae
1133 2435 1308 2470 ecclesiae
1343 2434 1556 2469 coloniensis
1582 2433 1830 2468 canonicatum

61 2492 234 2533 habebat;
263 2504 297 2527 v.
329 2491 415 2526 Can.
434 2490 465 2524 V
491 2491 560 2525 325
587 2492 623 2524 et
648 2501 756 2535 supra
781 2502 815 2535 p.
834 2490 902 2524 365
930 2490 1010 2525 379.

182 2546 195 2566 ³
220 2545 378 2589 Insignis
403 2544 458 2579 vir
486 2543 700 2578 Guilielmus
726 2544 908 2578 Lindanus
934 2542 1109 2577 dioecesis
1143 2541 1461 2582 ruraemundanae,
1495 2541 1540 2575 ad
1567 2552 1674 2585 quam
1700 2540 1830 2575 Novio-

62 2610 190 2643 magus
215 2601 302 2633 tunc
319 2597 533 2644 pertinebat,
559 2598 696 2642 primus
727 2597 916 2642 episcopus
941 2608 972 2631 a.
995 2597 1085 2631 1569
1112 2595 1265 2640 primum
1285 2595 1547 2638 Noviomagum
1574 2595 1685 2636 venit,
1711 2605 1829 2629 sacra-

63 2655 222 2687 mentum
249 2651 541 2693 confirmationis,
567 2651 662 2695 quod
688 2651 732 2684 ab
761 2650 828 2685 100
846 2650 949 2684 annis
971 2649 1020 2684 ibi
1038 2661 1108 2684 non
1126 2651 1205 2683 erat
1223 2649 1524 2689 administratum,
1551 2648 1829 2690 administravit,

62 2706 246 2752 complura
263 2705 456 2741 salubriter
474 2704 661 2740 constituit
681 2705 771 2747 (Jos.
787 2705 929 2746 Habets‚
957 2703 1213 2738 Geschiedenis
1232 2713 1301 2736 van
1324 2702 1386 2736 het
1403 2702 1549 2736 Bisdom
1566 2701 1768 2736 Roermond
1786 2702 1829 2744 II,

62 2759 262 2795 Roermond
292 2759 393 2801 1890,
422 2759 500 2794 142.
540 2760 582 2793 G.
598 2760 642 2792 A.
659 2758 786 2801 Meyer
804 2757 846 2792 Ο.
865 2757 936 2799 Pr„
962 2756 1158 2791 Katholiek
1183 2756 1382 2802 Nijmegen,
1408 2755 1598 2801 Nijmegen
1627 2756 1727 2799 1904,
1753 2756 1829 2800 41).

181 2816 193 2834 4
219 2813 260 2848 In
285 2813 526 2848 studiosorum
545 2811 786 2853 contubernio,
814 2811 907 2855 quod
926 2810 1018 2845 Socii
1037 2810 1258 2845 colonienses
1276 2809 1460 2853 regebant,
1487 2821 1533 2845 m.
1552 2810 1717 2854 Augusto
1738 2809 1828 2845 1568

62 2868 219 2913 quinque
246 2867 380 2901 Canisii
405 2869 554 2912 nepotes
580 2865 758 2909 degebant
785 2866 954 2908 (Hansen
978 2864 1001 2899 l.
1021 2876 1051 2899 c.
1071 2864 1171 2906 562).

182 2923 194 2941 5
221 2920 410 2955 Gerwinus
429 2920 597 2955 Calenius
623 2918 874 2965 typographus
900 2918 1114 2953 coloniensis
1141 2917 1365 2952 desiderasse
1391 2917 1543 2959 videtur,
1570 2919 1611 2952 ut
1640 2917 1828 2961 „Authori-

61 2978 157 3010 tates
175 2974 306 3009 Sacrae
324 2974 530 3020 Scripturae
548 2976 585 3008 et
603 2973 813 3008 Sanctorum
834 2972 1002 3007 Patru1n“
1024 2972 1060 3006 in
1079 2971 1225 3006 Summa
1244 2971 1377 3006 Canisii
1395 2971 1556 3016 prolatae
1574 2971 1652 3006 sive
1670 2971 1710 3006 P.
1728 2972 1828 3006 Petri

62 3029 193 3063 Busaei
229 3027 328 3072 Opus
363 3027 635 3062 catechisticum
674 3027 724 3070 (v.
761 3038 869 3071 supra
904 3038 938 3071 p.
965 3025 1050 3070 323)
1087 3036 1132 3059 ex
1167 3025 1278 3061 latino
1313 3036 1476 3060 sermone
1511 3025 1547 3060 in
1583 3025 1827 3070 germanicum

62 3084 275 3117 verteretur.

1469 3139 1514 3173 25
1524 3141 1541 3157 ³⁶
