2044 3335
707 104 800 145 Aug.
819 102 924 136 Vind.
944 101 999 136 30.
1019 101 1110 135 Iunii
1140 100 1241 135 1570.
1771 99 1853 139 411

90 219 256 254 Raittner
281 220 407 264 postea
421 217 575 252 Abbatis
602 215 715 251 nostri
743 216 867 250 coaeui
892 215 1098 261 scriptoris“
1132 216 1170 258 (1.
1190 227 1219 250 0.
1239 214 1353 258 2722).
1391 213 1445 248 Ac
1470 212 1578 247 facile
1604 212 1682 246 fieri
1708 214 1860 257 poterat,

91 275 132 306 ut
158 271 325 307 Canisius
351 271 475 306 Ioanni
502 270 623 305 abbati
648 272 754 304 notus
781 281 958 313 carusque
985 271 1109 310 esset:¹
1129 271 1272 303 constat
1299 267 1403 308 enim,
1431 278 1512 300 eum
1538 268 1678 300 aestate
1705 277 1736 299 a.
1758 265 1859 306 1563,

90 326 235 360 auctore
269 324 416 368 Ilsungo
443 334 612 358 caesareo
647 322 799 357 Suebiae
835 322 1041 367 praefecto,
1079 322 1193 356 multa
1230 321 1421 366 amplaque
1457 319 1608 354 Suebiae
1643 318 1861 352 monasteria

90 377 332 422 perlustrasse
366 377 402 411 in
438 377 554 421 iisque
589 376 833 410 contionatum
860 386 939 410 esse
968 375 1074 419 (Can.
1102 374 1152 408 IV
1180 373 1451 416 1036—1038);
1490 374 1526 406 et
1559 372 1590 407 si
1625 371 1767 406 iuvenis
1801 370 1862 404 ille

90 431 298 476 Tydichius,
327 430 389 475 qui
414 442 478 475 per
504 429 569 464 has
594 429 737 464 litteras
764 429 1044 469 commendatur,
1071 427 1204 473 probus
1223 427 1448 470 diligensque
1468 428 1555 466 erat,
1583 424 1750 459 Canisius
1776 435 1862 458 sane

91 485 136 519 ad
171 496 252 518 eum
289 482 610 518 commendandum
645 481 899 527 paratissimus
934 484 1023 516 erat.
1076 480 1396 514 Verumenimvero
1431 478 1576 512 litterae
1611 477 1703 512 hanc
1729 477 1864 511 habent

90 536 412 582 subscriptionem:
454 536 604 578 „Petrus
632 535 797 570 Canisius
833 535 876 569 D.
904 534 1093 569 Societatis
1120 533 1208 567 Jesu
1235 532 1440 576 Theologus
1475 531 1750 575 haeretioaeque
1778 530 1863 564 Pra-

89 590 216 624 uitatis
250 601 314 634 per
341 589 572 624 Germaniam
599 588 795 633 lnquisitor
820 599 928 622 manu
964 587 1151 632 propria&
1188 597 1254 620 nec
1290 597 1376 619 vero
1411 596 1570 629 unquam
1597 583 1688 618 alias
1714 584 1746 618 is
1772 583 1861 617 haec

91 643 224 677 litteris
250 643 485 688 subscripsit;
523 643 631 676 immo
656 654 701 676 ne
727 643 870 686 poterat
896 641 1040 685 quidem
1067 651 1108 674 ea.
1134 638 1382 679 subscribere;
1416 649 1499 672 nam
1527 639 1664 671 certum
1701 639 1757 671 est
1783 648 1863 670 eum

89 696 338 740 inquisitorem
357 708 427 730 non
445 695 577 735 fuisse;
603 707 721 739 neque
740 694 936 728 verisimile
955 696 1020 734 est,
1047 704 1176 727 nomen
1202 691 1426 736 inquisitoris
1449 693 1584 724 temere
1603 690 1764 724 additum
1785 701 1864 724 esse

88 760 206 793 neque
231 761 295 794 per
312 749 542 784 Raittnerum
564 748 845 791 (1545—1590)‚
872 747 933 792 qui
960 747 1063 780 homo
1091 748 1169 780 erat
1193 744 1300 779 valde
1327 745 1408 789 pius
1435 744 1542 787 (Hess
1559 743 1581 777 1.
1598 755 1628 777 0.
1647 743 1864 786 298-299),

89 814 205 846 neque
231 814 295 847 per
313 803 483 837 Hessium
505 802 542 845 (†
563 802 683 844 1802),
711 800 773 845 qui
798 800 987 835 historiam
1013 799 1106 834 serio
1133 798 1367 842 graviterque
1394 796 1535 846 colebat
1560 796 1620 838 (A.
1638 797 1803 830 Lzssndner
1829 796 1864 829 in

95 855 263 898 ,Studien
290 855 362 890 und
388 855 668 898 Mittheilungen
695 865 760 888 aus
787 853 866 887 dem
898 851 1318 892 Benedictiner-Orden“‚
1346 851 1378 885 3.
1398 849 1537 893 ‚Jahrg.,
1564 850 1607 884 II.
1634 849 1709 889 Ed„
1737 848 1866 883 Wfirz-

89 908 314 952 burg-wien
344 908 444 949 1882,
472 908 690 950 276—277)‚
725 918 842 951 neque
877 918 941 951 per
975 905 1262 951 typographum;
1300 915 1382 938 nam
1417 902 1638 949 typographi
1675 905 1794 936 errata
1830 902 1865 935 in

93 965 253 996 extremo
272 962 454 996 volumine
481 961 675 1004 diligenter
700 962 862 994 correcta
888 971 954 994 nec
979 962 1101 994 tamen
1127 959 1217 992 haec
1235 958 1346 992 verba
1365 957 1554 991 emendata
1581 958 1676 991 sunt.
1716 955 1866 990 Accedit

91 1015 162 1049 alia
187 1015 403 1049 difficultas:
440 1014 557 1048 Multa
592 1014 795 1048 litterarum
822 1014 933 1047 verba
968 1015 1077 1057 atque
1113 1012 1223 1046 etiam
1258 1013 1374 1045 totum
1410 1010 1498 1045 illud
1525 1010 1667 1045 dicendi
1694 1020 1808 1053 genus
1845 1020 1864 1043 a

93 1067 236 1102 Canisio
255 1068 411 1102 alienum
431 1070 505 1108 estg
533 1079 649 1112 neque
665 1066 842 1108 Canisius,
869 1069 909 1100 ut
928 1066 1102 1101 eiusmodi
1128 1065 1295 1100 iuvenem
1315 1064 1593 1105 commendaret,
1621 1066 1723 1097 tanta
1742 1074 1864 1107 super-

90 1121 224 1156 latione
250 1121 417 1155 veritatis
444 1132 531 1155 usus
559 1123 656 1155 esset
681 1132 746 1154 nec
773 1122 895 1154 tantas
921 1132 1051 1154 vocum
1077 1119 1203 1153 turbas
1229 1118 1396 1152 fudisset.
1446 1117 1614 1152 Bruschii
1650 1119 1686 1150 et
1711 1116 1862 1160 Ziegleri

89 1177 126 1209 et
160 1174 387 1209 humanistae
422 1174 561 1209 similes
595 1174 646 1208 ita
681 1173 837 1207 scribere
873 1176 1050 1218 poterant,
1088 1172 1223 1208 Canisii
1252 1171 1317 1205 vix
1351 1173 1528 1216 poterant.
1581 1170 1698 1212 Quare
1734 1182 1862 1204 censeo

91 1228 156 1262 has
182 1228 325 1263 litteras
351 1240 420 1262 non
448 1239 468 1261 a
484 1227 627 1262 Canisio
654 1227 770 1267 datas,
797 1227 860 1261 sed
887 1226 945 1261 vel
973 1227 1016 1261 ab
1042 1230 1121 1271 ipso
1135 1225 1311 1270 Tydichio
1339 1224 1396 1258 vel
1423 1225 1467 1259 ab
1493 1224 1614 1268 aliquo
1641 1224 1710 1258 alio
1737 1224 1862 1268 optimi

90 1281 189 1316 illius
214 1281 356 1316 abbatis
382 1280 582 1326 decipiendi
608 1292 719 1315 causa
745 1280 917 1314 confictas
944 1282 980 1314 et
994 1279 1129 1314 Canisii
1154 1278 1297 1313 nomine
1323 1277 1573 1312 fraudulenter
1599 1280 1745 1311 ornatas
1773 1288 1863 1311 esse.

216 1353 428 1397 Tydichium
455 1354 623 1396 iuvenem,
651 1353 713 1396 qui
738 1353 810 1385 iam
838 1351 1060 1385 carminibus
1083 1351 1187 1383 editis·
1204 1350 1365 1383 ecclesiae
1390 1350 1562 1392 insiynem
1591 1360 1733 1392 operam
1753 1359 1864 1391 prae-

92 1407 232 1449 stiterit,
269 1407 389 1440 abbati
415 1406 643 1449 commendat,
679 1410 717 1439 ut
743 1417 818 1438 eum
856 1406 904 1438 (th
929 1405 1132 1438 litterarum
1158 1404 1279 1437 studia
1314 1404 1526 1437 absolvenda
1554 1404 1704 1437 adiuret.

424 1476 633 1511 Reuerende
659 1476 823 1517 Praesul,
850 1475 960 1510 Verbi
995 1474 1273 1519 sinceriorisque
1300 1473 1485 1508 Ecclesiae
1520 1476 1665 1508 nostrae
1698 1473 1866 1507 defensor

496 1542 537 1564 ac
563 1530 673 1564 Pater
699 1530 851 1574 optime!

209 1590 251 1624 In
277 1589 404 1624 vltima
431 1589 553 1624 mundi
579 1589 687 1635 hujus
713 1591 871 1630 senecta,
907 1600 978 1633 qua
1005 1587 1123 1622 omnia
1159 1587 1204 1622 ad
1230 1586 1397 1621 vltimam
1424 1589 1557 1621 metam
1585 1587 1788 1632 procedere,
1824 1597 1865 1620 ac

88 1643 165 1689 jam
186 1643 262 1688 jam
289 1655 454 1678 corruere
472 1643 651 1684 videntur,
671 1642 769 1677 Deus
788 1642 989 1677 Ecclesiam
1016 1653 1119 1676 suam
1146 1643 1384 1685 sanctumque
1411 1652 1516 1675 suum
1543 1642 1683 1675 coetum
1711 1639 1866 1674 mirabili

89 1697 251 1742 potentia
286 1709 328 1732 ac
366 1697 556 1731 diuinitate
595 1708 616 1731 a
650 1696 868 1730 multiuariis
903 1695 1176 1730 Haereticorum
1215 1694 1297 1729 telis
1332 1695 1593 1738 venenatisque
1626 1693 1866 1737 Dogmatibus

89 1750 231 1785 illesam
266 1762 308 1785 ac
343 1750 660 1785 incontaminatam
699 1752 901 1791 conseruat,
936 1749 1043 1794 idque
1078 1749 1115 1782 in
1141 1748 1273 1783 diuinis
1300 1747 1524 1793 praesertim,
1561 1759 1653 1792 quae
1688 1747 1865 1791 singulari

89 1804 282 1849 diuinoque
325 1804 454 1849 spiritu
490 1804 636 1844 excitat,
672 1803 831 1847 Ingeniis
865 1805 1045 1848 operatur.
1109 1802 1217 1836 Videt
1252 1803 1358 1843 enim,
1394 1804 1530 1846 quanta
1565 1800 1752 1835 dulcedine
1788 1812 1865 1845 per-

90 1858 227 1892 niciosa
264 1858 566 1892 Aduersariorum
604 1857 695 1898 tela,
739 1857 869 1901 quibus
910 1856 1109 1890 Ecclesiam
1147 1867 1250 1890 suam
1288 1855 1481 1896 inuadunt,
1520 1856 1738 1899 exasperata
1781 1854 1865 1889 sint.

92 1910 228 1953 Quibus
254 1914 296 1946 vt
321 1911 541 1957 praeueniat,
578 1911 739 1945 doctrina
775 1922 817 1945 ac
852 1910 988 1955 pietate
1018 1909 1225 1955 praeclaros
1251 1909 1384 1953 vbique
1411 1908 1529 1949 Viros,
1565 1919 1654 1952 quos
1682 1908 1866 1942 Ecclesiae

91 1976 179 1999 suae
206 1965 438 2000 Praefectosa
463 1964 661 2007 constituit,
689 1964 822 2009 quique
850 1963 970 1998 diuino
996 1963 1126 2008 spiritu
1154 1962 1290 1997 inflatib
1311 1961 1356 2007 [Ρ]
1385 1962 1586 1997 Ecclesiam
1616 1973 1719 1996 suam
1747 1962 1868 1996 veraci

92 2018 202 2052 verbo
229 2030 250 2052 a
276 2018 483 2053 crudelibus
501 2018 775 2053 Haereticorum
794 2017 977 2052 Doctrinis
1002 2018 1208 2062 protegunt,
1237 2016 1350 2060 eligit,
1379 2027 1420 2050 ac
1447 2015 1569 2050 diuina
1586 2027 1654 2050 sua
1667 2015 1868 2050 Clementia

92 2072 304 2106 exsuscitat.
355 2072 454 2106 Inter
489 2083 579 2116 quos
614 2072 798 2106 Ecclesiae
834 2073 978 2105 nostrae
1011 2070 1230 2104 Defensores
1264 2069 1510 2104 numerandus
1545 2069 1776 2104 doctissimus
1812 2068 1868 2103 hic

93 2124 314 2160 Adolescens
355 2126 565 2160 Joachimus
603 2125 801 2170 Tydichius
845 2123 1082 2165 Berlinensis,
1121 2123 1264 2157 Artium
1307 2134 1349 2157 ac
1387 2122 1643 2168 Philosophiae
1681 2122 1869 2165 Magister,

91 2191 265 2223 praesens
291 2179 510 2214 Litterarum
537 2191 698 2214 mearum
727 2181 901 2219 ostensor,
940 2178 1008 2213 loci
1035 2177 1253 2222 honorisque
1280 2177 1475 2222 plurimum
1502 2179 1671 2218 meretur,
1698 2177 1759 2220 qui
1785 2176 1869 2210 licet

93 2235 213 2267 aetate
240 2233 356 2268 adhuc
380 2233 536 2278 juuenis,
571 2233 723 2268 multum
752 2236 873 2267 tamen
901 2232 1086 2266 Ecclesiae
1114 2231 1322 2266 Catholicae
1348 2230 1458 2265 saluti
1485 2231 1632 2275 scriptis
1657 2231 1733 2265 suis
1760 2231 1870 2264 mani-

92 2286 291 2321 festissima
318 2286 606 2321 Lutheranorum
640 2286 828 2321 mendacia
863 2285 1069 2331 aperiendo,
1105 2284 1389 2328 elegantissimis
1424 2296 1552 2329 nempe
1579 2284 1759 2318 Versuum
1792 2295 1870 2318 con-

94 2340 327 2374 cinnitatibus
354 2340 489 2385 passim
516 2340 551 2374 in
572 2339 766 2374 Germania
786 2338 914 2374 aeditis
933 2338 1157 2373 inseruiuit‘.
1197 2337 1312 2379 Quem
1329 2337 1577 2371 venerandum
1597 2337 1868 2371 Adolescentem

213 2407 241 2437 a)
263 2406 309 2431 Ita
331 2407 405 2431 Hes-9
425 2406 487 2438 ipse
508 2406 526 2430 l.
547 2414 568 2430 c.
589 2406 618 2430 in
641 2405 798 2437 „Ea-rat&
820 2404 949 2430 coru-emit
970 2412 1006 2429 ea:
1025 2403 1211 2436 praefactos,
1237 2403 1312 2435 qnod
1333 2403 1534 2435 typogtraphzcs
1559 2403 1576 2427 Z.
1599 2410 1619 2427 e.
1640 2404 1693 2426 :³53
1718 2406 1868 2433 posuerat.

93 2444 123 2479 b)
146 2447 211 2479 Sic;
231 2446 350 2472 afflati?

217 2562 226 2581 ¹
252 2560 479 2606 Tydichium,
506 2560 695 2605 Hispania,
721 2559 839 2601 Italia,
867 2558 996 2601 Gallia,
1035 2558 1170 2602 Anglia
1197 2558 1400 2603 peragratis
1428 2557 1566 2592 Gedani
1597 2557 1767 2601 (Danzig)
1795 2570 1870 2592 mu-

93 2627 178 2649 nere
205 2614 325 2659 aliquo
351 2614 488 2649 urbano
513 2614 688 2655 functum,
725 2613 852 2647 deinde
878 2612 992 2657 Rigae
1028 2612 1062 2646 in
1090 2611 1241 2646 Livonia
1276 2612 1521 2645 centurionem
1548 2610 1703 2645 militum
1736 2612 1869 2656 praesi-

95 2669 287 2702 diariorum
314 2668 427 2702 fuisse
453 2668 602 2702 tradunt
629 2669 665 2701 et
690 2669 833 2712 praeter
857 2666 1095 2708 „Proverbia“
1125 2665 1264 2709 aliquot
1290 2664 1361 2699 alia
1387 2664 1523 2709 scripta
1549 2664 1723 2708 vulgasse
1749 2665 1870 2699 ferunt

95 2721 245 2766 (Jo'cher
269 2721 292 2756 l.
320 2733 349 2756 0.
375 2721 426 2755 1V
447 2721 567 2765 1374).
600 2720 759 2754 Exstant
788 2719 980 2763 „Ioachimi
1007 2718 1174 2765 Tydichii
1201 2717 1433 2759 Berlinensis,
1461 2717 1607 2759 Poetae,
1634 2718 1871 2764 Extempora-

95 2787 241 2809 neorum
270 2774 475 2808 Car-minum
502 2774 599 2808 Libri
626 2773 704 2814 duo,
732 2784 882 2817 quorum
909 2772 1006 2817 prior
1032 2771 1383 2812 Ecclesiasticorum‚
1411 2770 1589 2815 posterior
1615 2782 1702 2805 vero
1729 2771 1871 2806 Cinium

96 2828 319 2873 quorundam
346 2827 536 2869 clarorum,
574 2829 611 2861 et
637 2826 834 2861 incolarum
861 2825 1192 2870 Antverpiensium,
1220 2824 1471 2870 complectitur
1496 2824 1678 2866 Encomia,
1705 2827 1873 2859 aeternae

94 2882 301 2927 posteritati
327 2884 362 2915 et
387 2881 583 2915 immortali
601 2881 794 2914 memoriae
813 2879 1043 2914 consecrata“
1063 2881 1131 2913 etc.
1147 2878 1396 2923 (Antverpiae,
1416 2878 1509 2924 apud
1526 2878 1548 2912 J
1553 2878 1870 2923 .Verwithaghen.

98 2935 208 2976 1573;
236 2935 295 2979 40)
310 2948 317 2975 ;
350 2935 476 2977 „Liber
502 2934 781 2969 Proverbiorum
809 2932 1021 2974 Salomonis,
1048 2931 1215 2966 Carmine
1242 2931 1412 2975 Elegiaco
1438 2932 1615 2966 Redditus
1633 2932 1771 2967 Autore
1789 2933 1869 2968 ,103-

97 2989 214 3023 01111110
240 2988 427 3033 Tydichio,
454 2987 666 3029 Berlinensi,
698 2986 889 3027 Marchita,
925 2987 1037 3020 Poeta
1063 2985 1242 3020 Laureato
1263 3013 1269 3020 .
1290 2985 1456 3020 Gandavi
1482 2985 1729 3027 Flandrorum,
1765 2986 1870 3031 Apud

97 3041 285 3077 Gislenum
310 3041 500 3076 Manilium
527 3068 534 3075 .
554 3068 561 3076 .
582 3067 590 3075 .
620 3041 730 3075 1573“
763 3040 823 3083 (80
849 3040 953 3080 min.;
978 3038 1122 3073 libellus
1148 3039 1335 3073 dedicatus
1362 3041 1417 3073 est
1444 3038 1590 3073 Gisleno
1609 3038 1869 3074 Temmerman.

96 3095 217 3131 abbati
244 3095 278 3130 S.
298 3095 408 3136 Petri,
444 3095 577 3130 litteris
604 3095 725 3129 Duaco
762 3094 875 3134 datis;
912 3095 1032 3128 exstat
1067 3093 1177 3127 etiam
1213 3092 1428 3138 exemplum,
1466 3093 1560 3137 quod
1592 3092 1701 3127 habet
1727 3093 1869 3127 litteras
