2044 3335
443 103 539 137 Mon.
569 102 801 137 1078—1079
830 101 907 135 sive
933 111 1009 135 var.
1031 98 1254 144 (14)-(15).
1300 96 1544 132 1556—1569.
1789 97 1873 138 739

111 216 249 254 1078
277 219 355 253 sive
380 227 496 254 var.
517 217 645 263 (14).
719 216 824 252 Inter
848 227 894 252 m.
914 215 1046 251 Maium
1072 216 1108 251 et
1135 212 1385 260 Septembrem
1410 211 1504 248 1569.

229 282 285 316 Ex
311 283 517 329 archetypo.
571 283 611 318 G.
631 283 694 328 Ep.
714 283 746 316 X
772 283 796 317 f.
818 283 910 317 137³.
953 282 1050 316 Idem
1077 292 1190 326 paene
1216 280 1259 314 ad
1286 279 1436 314 verbum
1463 276 1643 323 expressit
1669 275 1878 318 Sacchinus7

113 336 196 370 Can.
224 336 423 371 267—268.
475 336 587 377 Quem
613 337 728 371 secuti
754 338 839 370 sunt
864 337 1039 379 Doriyny,
1066 336 1167 368 Rz'ess
1193 335 1260 367 etc.

232 395 401 429 Canisizcs
425 397 519 429 inter
545 400 744 429 »latronam
772 396 919 428 nobilem
945 396 1086 437 eiusque
1111 394 1204 435 filios
1222 402 1348 435 pacem
1373 391 1547 425 conciliat.

230 461 304 503 Fr.
338 462 552 504 Hemicus
584 463 827 503 lViwseozius
860 456 903 503 S.
928 461 969 502 J.
1007 461 1049 501 in
1082 460 1258 502 Litteris
1291 459 1450 500 amenis
1482 457 1639 511 colleyii
1666 455 1881 509 dilinqani

111 526 290 581 Dilinqa
313 527 528 569 Kalendis
553 527 797 568 Octobribus
819 528 934 568 1569
969 527 1082 567 datis
1104 525 1205 565 haec
1227 528 1406 565 narrat:
1436 522 1576 564 Abest
1603 520 1701 562 hinc
1723 519 1877 562 itinere

111 589 244 632 tridui
276 591 544 633 nobilissima
576 591 788 644 quaedam
816 594 1029 640 matrona,
1064 588 1128 630 cui
1163 602 1259 629 cum
1292 586 1514 640 generosis
1546 585 1659 639 filijs,
1693 584 1879 638 pessime

112 655 272 697 multos
305 669 441 697 annos
474 658 750 705 conuenerat,
792 669 932 708 neque
964 668 1047 704 reS,
1089 667 1168 707 per
1200 653 1394 694 diuersos
1427 654 1472 693 et
1512 651 1659 704 magni
1694 648 1882 691 nominis

113 719 301 762 arbitros
334 721 389 762 ad
422 721 694 763 concordiam
728 734 917 773 unquam
950 719 1097 761 reduci
1136 719 1353 773 potuerat.
1418 716 1570 758 Visum
1605 718 1671 757 est
1703 715 1878 757 tandem

114 784 285 838 utrique
317 786 432 840 parti
471 785 590 838 (nam
623 785 833 828 Catholici
865 784 984 838 sunt)
1016 783 1319 826 Reuerendum
1352 782 1397 824 P.
1433 780 1650 823 Canisium
1683 793 1880 829 euocare,

113 864 297 903 eumque
336 850 381 892 in
422 851 503 893 hac
545 865 701 892 caussa
741 853 1015 904 sequestrum
1049 848 1326 891 constituere.
1391 846 1537 897 Venit,
1579 859 1729 900 pacem
1764 858 1879 886 com·
1939 856 1941 858 ·

113 915 270 969 posuit,
305 916 576 958 dissidiorum
611 929 809 957 caussam
842 930 920 969 pro
953 914 1067 956 uirili
1099 913 1289 964 sustulit,
1323 913 1382 954 Et
1413 912 1552 953 multa
1583 911 1627 952 in
1659 910 1883 952 Ecclesiae

115 980 364 1023 Catholicae
395 981 647 1031 utilitatem,
681 981 797 1022 DEO
832 981 1023 1030 iuuante,
1057 993 1108 1022 eo
1139 979 1247 1029 loco,
1282 977 1479 1032 perfecit.

234 1058 425 1100 Aqrc'cola:
464 1056 767 1099 „Illustrissima“,
804 1056 931 1100 inquit,
971 1055 1084 1098 „inter
1109 1054 1246 1089 Suevos
1272 1053 1423 1088 Familia
1458 1052 1618 1096 vulgatis
1652 1050 1885 1085 scindebatur

115 1108 284 1144 dissidiis.
334 1110 452 1144 Mater
478 1122 498 1144 a
524 1110 626 1144 Filiis
652 1109 786 1143 multas
812 1121 850 1143 se
876 1121 1021 1154 passam
1048 1108 1209 1154 injurias,
1235 1107 1301 1141 filii
1335 1107 1370 1140 in
1396 1108 1513 1140 matre
1538 1116 1729 1139 novercam
1765 1103 1884 1138 omnia

114 1161 185 1196 sibi
209 1163 451 1198 attrahentem
487 1163 641 1208 experiri
678 1174 716 1197 se
753 1162 1027 1207 querebantur.“
1082 1161 1247 1196 Canisius
1282 1160 1418 1195 arbiter
1451 1159 1619 1203 utrinque
1654 1158 1883 1198 constitutus,

119 1215 184 1258 „ad
211 1219 363 1250 matrem
387 1217 553 1262 primum,
581 1216 707 1250 deinde
734 1217 778 1250 ad
804 1216 897 1250 filios
923 1227 962 1250 se
989 1215 1138 1255 confert,
1166 1217 1202 1249 et
1228 1214 1360 1254 audito,
1387 1213 1471 1257 quid
1498 1215 1669 1256 utrosque
1695 1214 1884 1256 premeret,

116 1269 200 1313 quid
227 1272 472 1314 quererentur,
499 1282 541 1304 ac
568 1269 802 1314 postularent,
828 1272 901 1304 tarn
930 1270 1056 1303 dextre
1082 1268 1199 1302 mutui
1226 1268 1356 1301 amoris
1383 1266 1570 1301 obstacula
1605 1264 1797 1306 submovit,
1832 1266 1884 1304 ut,

117 1326 287 1366 quantam
314 1323 407 1358 inter
432 1326 600 1368 parentes
626 1323 828 1367 liberosque
864 1334 943 1357 esse
969 1322 1082 1363 decet,
1118 1321 1332 1356 charitatem
1366 1323 1441 1354 tam
1468 1320 1617 1360 firmam,
1652 1321 1886 1362 teneramque

116 1376 314 1418 reduceret,
341 1380 378 1411 et
402 1377 645 1422 imposterum,
673 1376 774 1410 velut
799 1376 888 1410 nihil
915 1387 1072 1420 unquam
1099 1374 1338 1409 contentionis
1363 1373 1640 1414 intercessisset,
1672 1383 1778 1416 quam
1804 1382 1885 1405 con-

113 1429 341 1474 junctissime
366 1430 551 1464 viverent“
585 1430 623 1474 (l.
650 1441 680 1464 c.
709 1430 733 1471 I,
759 1429 844 1464 Dec.
874 1430 928 1471 14,
954 1442 988 1464 n.
1016 1429 1066 1472 8).
1117 1429 1217 1462 Haec
1243 1428 1355 1462 verba
1380 1429 1500 1461 utrum
1528 1427 1572 1460 ad
1606 1426 1778 1460 amussim
1805 1436 1885 1459 cum

117 1495 156 1517 re
181 1486 286 1526 gesta
320 1486 520 1528 congruant
555 1495 600 1518 an
626 1483 746 1528 potius
772 1483 931 1517 eiusdem
958 1482 1108 1517 dicenda
1142 1482 1214 1516 sint
1251 1484 1397 1515 ornatus
1433 1480 1578 1524 quidam
1603 1479 1790 1520 oratorius,
1825 1478 1887 1512 alii

117 1536 276 1572 videant.
328 1538 366 1571 In
393 1549 434 1572 eo
461 1539 557 1572 certe
583 1536 753 1580 Agricola
779 1536 923 1578 labitur,
950 1536 1043 1580 quod
1069 1548 1100 1570 a.
1130 1536 1218 1570 1571
1246 1534 1336 1569 haec
1362 1534 1537 1568 accidisse
1563 1533 1698 1568 scribit.

234 1590 336 1625 Addo
363 1591 472 1625 alium
499 1591 689 1625 earundem
718 1589 935 1624 Litterarum
962 1601 1162 1624 annuarum
1189 1589 1317 1629 locum,
1345 1600 1389 1621 ex
1417 1599 1486 1631 quo
1518 1587 1673 1621 fortasse
1699 1586 1781 1630 quis
1807 1596 1888 1619 con-

114 1640 248 1685 iecerit,
276 1644 469 1686 Canisium,
505 1644 600 1678 sicut
634 1655 664 1678 a.
694 1644 784 1678 1566
811 1643 1079 1686 Wisensteigae
1115 1654 1195 1676 cum
1222 1641 1391 1676 Udalrico
1417 1641 1477 1675 IV.
1506 1641 1634 1675 comite
1669 1640 1713 1673 ab
1740 1638 1885 1672 Helfen-

115 1698 209 1731 stein
236 1700 360 1742 egerat
388 1698 492 1741 (Can.
512 1697 545 1731 V
571 1697 788 1741 317—318),
824 1698 875 1731 ita
910 1697 975 1731 sub
1010 1708 1056 1730 m.
1085 1695 1332 1741 Septembrem
1361 1696 1450 1729 1569
1486 1694 1619 1728 ibidem
1654 1704 1734 1727 cum
1761 1692 1884 1726 eodem

117 1751 245 1794 egisse.
296 1751 374 1795 Ego
408 1753 529 1786 tamen
564 1751 686 1785 malim
726 1751 854 1792 dicere,
890 1750 929 1784 P.
956 1750 1124 1784 Ioannem
1160 1761 1181 1784 a
1216 1749 1435 1783 Rabenstein
1473 1748 1507 1781 id
1543 1746 1786 1792 praestitisse;
1825 1745 1885 1789 qui

116 1816 148 1839 a.
170 1805 258 1840 1567
278 1805 442 1839 comitem
462 1807 498 1839 et
515 1804 737 1839 sollemniter
763 1804 798 1838 in
818 1803 1007 1838 ecclesiam
1034 1806 1219 1848 receperat
1246 1806 1281 1836 et
1307 1803 1341 1836 in
1366 1803 1538 1836 comitatu
1557 1812 1602 1834 ex
1627 1800 1887 1834 lutheranismo

117 1858 160 1892 ad
199 1858 415 1893 catholicam
452 1858 661 1902 religionem
696 1858 898 1892 reducendo
933 1857 1122 1891 adiuverat
1159 1856 1196 1899 (l.
1225 1868 1252 1890 c.
1282 1855 1312 1889 V
1338 1855 1528 1889 452—454
1563 1853 1782 1896 779—790).
1831 1852 1886 1886 Ita

116 1911 228 1955 igitur
254 1913 455 1946 Winsenius
471 1912 617 1956 Dilinga
638 1913 667 1946 1.
687 1911 853 1946 Octobris
875 1911 964 1946 1569
990 1911 1163 1945 *sm-ibit:
1194 1910 1315 1951 „Vnus
1342 1921 1387 1943 ex
1412 1908 1586 1954 patribus,
1614 1907 1697 1941 dum
1723 1907 1767 1940 ad
1786 1906 1886 1940 Prin-

117 1965 233 2011 cipem
258 1965 373 2000 uirum
402 1968 662 2009 aegrotantem,
697 1966 758 2009 qui
784 1965 912 1999 itinere
942 1964 1048 1998 unius
1073 1964 1142 1998 diei
1170 1966 1205 1998 et
1231 1975 1271 1997 eo
1298 1962 1452 2008 amplius
1478 1962 1612 2002 aberat,
1649 1973 1668 1994 a
1692 1959 1885 2005 Superiori-

117 2019 184 2053 bus
210 2031 323 2064 nuper
347 2019 480 2053 missus
505 2021 612 2060 esset,
639 2021 783 2064 praeter
817 2018 990 2052 eximium
1023 2018 1182 2052 fructum
1217 2029 1323 2061 quem
1359 2017 1441 2050 hinc
1476 2019 1512 2050 et
1537 2015 1709 2059 Princeps
1743 2015 1820 2058 ipse
1849 2012 1885 2047 in

117 2075 269 2117 utroque
294 2072 446 2114 homine,
474 2076 510 2106 et
536 2072 721 2107 Catholica
746 2071 918 2113 Ecclesia,
954 2083 1000 2106 ex
1025 2071 1218 2105 multorum
1245 2071 1427 2111 bonorum,
1463 2081 1555 2114 quae
1590 2080 1653 2114 per
1686 2066 1886 2102 haereticos

118 2126 305 2160 subtracta
331 2129 444 2167 erant,
469 2126 674 2171 receptione
705 2126 864 2170 accepit:
900 2125 1231 2160 Sanctimonialium
1258 2125 1367 2158 etiam
1402 2123 1624 2168 quarundam
1660 2120 1886 2161 monasterio,

120 2179 212 2224 quod
239 2180 274 2213 in
300 2180 407 2214 terris
431 2179 694 2213 haereticorum
720 2179 841 2219 situm,
876 2179 1009 2213 multos
1045 2190 1157 2212 annos
1189 2179 1303 2213 sacris
1336 2177 1475 2223 officijs,
1510 2177 1886 2218 sacramentorumque

121 2245 198 2274 usu,
223 2244 354 2277 magno
380 2233 551 2267 bonorum
578 2232 734 2266 omnium
761 2232 891 2273 dolore,
927 2234 1103 2271 caruerat,
1133 2231 1286 2275 insignis
1321 2231 1475 2266 accessit
1510 2229 1717 2264 consolatio.
1769 2228 1886 2272 Opera

120 2287 213 2321 enim
240 2286 463 2331 quorundam
488 2286 678 2320 latentium
705 2285 981 2327 catholicorum,
1017 2286 1136 2320 aditus
1162 2286 1206 2320 ad
1243 2297 1303 2320 eas
1328 2285 1489 2329 virgines
1517 2283 1624 2328 [patri
1656 2281 1797 2327 patuit‚]
1826 2282 1886 2326 qui

120 2340 251 2374 auditis
278 2351 399 2374 earum
427 2339 723 2378 confessionibus,
759 2339 906 2373 coelesti
938 2340 1047 2373 etiam
1081 2339 1142 2373 illo
1174 2351 1266 2384 pane
1302 2350 1362 2373 eas
1396 2337 1608 2372 reficiendas
1635 2338 1794 2372 curauit“
1826 2335 1887 2379 (ex

120 2394 335 2439 archetyp0;
364 2393 405 2428 G.
426 2393 489 2438 Ep.
508 2393 540 2426 X
567 2393 591 2427 f.
613 2393 724 2436 137³).

121 2516 258 2553 1079
286 2518 364 2552 sive
390 2525 506 2552 var.
527 2515 654 2560 (15).
729 2513 955 2550 1556—1569.

240 2583 295 2617 Ex
321 2582 555 2626 autographo.
608 2581 648 2616 G.
677 2581 741 2626 Ep.
768 2580 846 2615 coll.
874 2581 904 2615 V
933 2580 957 2615 f.
988 2581 1081 2615 15512.
1132 2579 1310 2624 Pleraque
1337 2592 1382 2614 ex
1409 2581 1533 2615 eodem
1559 2581 1784 2626 autographo
1809 2593 1887 2626 ger-

121 2637 260 2671 manice
287 2636 399 2670 vertit
424 2636 542 2680 Duhr,
568 2636 641 2669 Jes.
668 2634 684 2668 I
712 2633 910 2669 785—786.

245 2698 413 2730 Canisias
438 2707 461 2729 a
486 2696 668 2729 Bavarz‘ae
693 2696 778 2728 duce
803 2705 893 2728 raro
919 2695 967 2727 ad
993 2694 1203 2738 colloquium
1231 2694 1441 2728 admittitur.

245 2765 349 2806 Cum
392 2765 437 2804 in
472 2763 707 2804 Germania
753 2763 968 2817 superiore-
1002 2768 1148 2803 rumor
1190 2766 1303 2814 esset,
1349 2762 1398 2803 P.
1432 2761 1618 2803 Paulum
1659 2762 1888 2816 Hoffaeum

118 2831 409 2885 praepositum
439 2829 741 2882 provincialem
769 2842 849 2882 pei·
880 2827 1150 2868 Everardum
1182 2826 1506 2869 Mercuriamcm
1535 2829 1770 2882 yeneralem
1805 2831 1890 2872 alio

125 2897 296 2937 missum
331 2895 400 2946 iri,
440 2894 488 2936 P.
530 2893 769 2935 Theodorus
801 2893 1006 2934 Peltamcs
1037 2893 1079 2934 S.
1115 2892 1157 2935 J.
1221 2893 1415 2946 Auyusta
1446 2895 1516 2935 ⁴23.
1554 2894 1741 2937 Octobris
1774 2898 1889 2939 1576·

125 2962 175 3002 de
207 2959 386 3012 Hoffaeo
420 2963 454 3000 et
488 2959 538 3000 de
560 2959 729 3000 Alberto
760 2958 805 3000 V.
832 2959 936 2999 duce
968 2958 1027 2999 ad
1058 2958 1379 3000 Mercurianum
1411 2961 1592 3000 rettulit:
1623 2960 1724 3002 Dux
1745 2961 1889 3004 Baua-

125 3025 302 3068 riae...
327 3027 371 3066 et
402 3024 585 3066 multum
617 3026 776 3077 potest,
811 3026 855 3065 et
886 3023 1070 3065 multum
1104 3037 1273 3076 quoque
1304 3023 1399 3066 vult
1431 3025 1476 3065 et
1507 3024 1749 3081 principum
1771 3041 1890 3069 more

125 3091 253 3133 facile
285 3089 484 3131 irritatur
509 3102 649 3142 neque
681 3088 832 3131 faciles
864 3088 997 3130 habet
1029 3088 1186 3131 aditus.
1235 3088 1280 3131 P.
1306 3089 1523 3131 Canisium
1546 3104 1766 3145 nunquam
1798 3092 1891 3135 fere

1532 3160 1608 3195 47÷
