2044 3335
391 111 492 145 1516.
521 110 606 145 Can.
627 109 662 145 S.
680 110 872 145 Francisco
898 111 1062 155 Borgiae.
1114 109 1306 144 Monachio
1333 110 1388 144 22.
1409 109 1487 144 Oct.
1510 110 1612 144 1567.
1827 114 1877 154 91

115 229 268 272 Borgiae
295 227 489 273 *scripsit:
532 228 593 270 „In
628 228 875 273 superioribus
911 228 1089 263 classibus
1116 227 1331 262 Rhetoricae
1366 229 1402 261 et
1427 227 1682 272 Philosophiae
1709 255 1716 261 .
1746 255 1753 262 .
1781 255 1787 262 .
1815 229 1884 263 dis-

114 281 294 379 {ipffl'jggb
320 280 579 324 negligentiam
594 281 719 325 Virgis
745 281 900 326 amplius
926 281 1128 326 corrigendj
1155 293 1225 315 non
1251 281 1355 315 sunt“
1386 280 1449 323 (ex
1472 283 1632 323 autogr.;
1661 280 1703 315 G.
1721 281 1884 326 Ep.V111

114 449 257 486 1516.
358 449 576 485 OANISIUS
614 448 881 486 SANCTO
909 447 1299 486 FRANCISCO
1327 446 1648 484 BORGIAE
1681 450 1886 495 praeposito

303 504 463 548 generali
490 503 683 538 Societatis
710 503 802 538 lesu.
1238 502 1427 537 Monachio
1454 502 1510 536 22.
1539 502 1707 537 Octobris
1735 503 1837 537 1567.

230 573 287 609 Ex
313 574 511 619 archetypo
542 574 612 616 (2⁰;
642 574 709 616 3¹s3
729 586 807 618 pp.;
836 574 871 607 in
891 586 923 619 p.
943 575 965 608 4
992 574 1099 608 inser.
1127 575 1164 607 et
1189 573 1363 617 reliquiae
1390 572 1489 616 sig),
1518 573 1638 607 Germ.
1660 573 1737 614 183,
1763 585 1797 607 n.
1817 573 1886 607 214

114 627 153 671 (f.
182 627 250 663 388
277 627 375 671 389).
427 627 595 662 Canisius
621 638 686 661 sua
712 639 821 661 manu
847 627 1040 672 epistulam
1070 626 1287 671 subscripsit
1315 626 1395 669 („P.
1423 626 1484 661 T.“
1515 628 1614 670 eto).

232 699 421 742 Philippus
446 699 599 741 Fuqyer.
652 698 887 732 Doberainer.
938 699 1003 732 Fr.
1032 698 1216 740 Roehfort.
1260 698 1389 731 Rector
1414 699 1635 731 monacensis
1660 699 1700 730 in
1723 698 1882 741 patriam

109 753 284 795 alacrius,
313 763 420 795 quam
442 762 515 795 par
540 755 629 794 erat,
654 752 846 795 profectus,
878 753 952 785 iam
979 753 1097 794 officio
1122 752 1257 795 inteyre
1281 752 1462 794 funyitur.
1514 752 1554 784 P.
1582 752 1765 794 Hoffaeus.
1818 752 1883 783 Ca-

110 807 227 839 uisius
253 805 438 849 colleqium
464 806 594 838 visitat.
651 805 841 848 Cataloyus
866 809 925 838 etc.
976 806 1104 838 Rector
1138 805 1340 837 suaviorem
1373 815 1409 837 se
1441 809 1630 847 praestare
1663 805 1783 837 iussus
1819 809 1888 845 θεῖ,-

110 860 202 892 idem
236 859 279 892 de
304 859 479 900 aedificiis
514 858 596 891 bene
631 859 778 891 meritus
813 863 860 891 est
897 862 927 891 et
962 858 1209 891 anctoritatem
1243 868 1347 890 suam
1381 861 1510 892 tuetur.
1562 858 1601 891 P.
1631 858 1888 891 Sterord‘z'anus

113 914 340 946 contionator
373 913 412 945 in
448 913 744 954 intemperantiae
779 913 904 945 vitium
939 912 1088 945 subinde
1118 912 1245 945 recidit
1254 923 1268 953 ‚·
1301 922 1363 944 uec
1394 915 1510 944 tamen
1539 911 1729 944 Monachio
1754 911 1886 943 moveri

104 970 243 1009 potest,·
275 966 367 998 idem
393 976 437 998 esc
464 965 634 998 Societate
659 965 792 997 dimitti
816 965 898 998 vult.
943 965 1012 998 Per
1037 965 1160 997 ducem
1185 964 1263 997 licet
1290 964 1328 997 P.
1358 964 1567 998 Sobora-hio
1592 965 1729 998 diutius
1754 963 1887 997 Romae

110 1019 302 1062 theoloffl'ae
327 1019 467 1052 studere
478 1031 491 1059 ;
527 1019 589 1061 qui
624 1019 671 1051 ad
697 1019 860 1051 virtutem
886 1019 1127 1051 instituendus
1153 1019 1230 1051 erit.
1283 1018 1421 1050 Elz'saei
1448 1018 1606 1051 Haivodi
1640 1021 1882 1050 testamentum

108 1076 140 1105 et
155 1073 402 1106 sacerdotium.
431 1072 663 1105 Novit-iorum
680 1071 862 1114 mayistem
884 1072 1057 1105 minister.
1090 1072 1300 1105 Catechismi
1314 1071 1469 1105 Romani
1485 1071 1609 1104 versio.
1637 1071 1676 1104 P.
1693 1071 1884 1113 Menyinus

108 1137 151 1159 ne
177 1127 416 1160 constituatur
441 1126 600 1158 Renatae
626 1126 788 1158 ducissae
813 1126 1065 1167 confessarius.

392 1196 564 1241 Jhesus.
630 1196 724 1238 Pax
757 1196 915 1239 Christi
950 1196 1181 1238 admodum
1214 1196 1470 1238 Reuerende
1503 1196 1549 1238 P.

228 1267 478 1310 Postremas
510 1267 740 1320 Augustae
782 1267 936 1322 scripsi
970 1268 1022 1309 de
1055 1267 1198 1309 missis
1231 1267 1286 1309 ad
1318 1281 1397 1309 nos
1429 1267 1654 1318 fratribus,
1698 1281 1805 1320 quos
1838 1270 1882 1309 et

107 1333 158 1376 D.
183 1333 407 1387 Philippus
429 1333 658 1386 Fuggerus
690 1336 758 1376 est
789 1332 1046 1386 insequutus
1070 1347 1166 1374 cum
1189 1333 1241 1375 D.
1268 1332 1465 1386 Philippo
1489 1332 1746 1383 Dobrainer,
1781 1332 1881 1374 dum

106 1412 187 1452 ego
228 1398 272 1440 in
314 1398 440 1440 huius
472 1398 652 1452 Collegij
695 1398 948 1441 uisitatione
986 1412 1152 1441 uersor.
1216 1398 1276 1440 Et
1307 1398 1402 1440 sani
1435 1397 1607 1451 quidem
1640 1397 1702 1439 illi
1734 1411 1883 1439 omnes

105 1464 352 1517 Augustam
374 1464 455 1506 Dei
487 1464 633 1517 gratia
664 1467 973 1518 peruenerunt.
1019 1463 1141 1505 Vnus
1174 1466 1347 1506 tantum
1380 1466 1449 1505 eta
1470 1463 1691 1505 Hibernus
1712 1463 1769 1505 M.
1794 1463 1882 1504 Ro-

105 1529 284 1571 bertusl
315 1531 523 1582 aegrotus
546 1529 718 1583 Patauij
754 1529 912 1571 dicitur
944 1529 1207 1580 substitisse,
1242 1528 1363 1571 cuius
1386 1528 1519 1571 etiam
1542 1542 1675 1582 opera
1696 1528 1883 1571 libenter

105 1594 361 1645 carebimus
405 1595 443 1636 si
484 1594 547 1637 ita
579 1594 798 1637 uidebitur
840 1594 1103 1637 Paternitati
1136 1595 1256 1636 Tuae
1297 1594 1340 1635 in
1381 1593 1678 1648 philosophica
1720 1593 1881 1644 schola,

104 1659 176 1701 ubi
207 1674 293 1701 non
328 1660 436 1702 adeo
469 1660 768 1702 necessariusb
805 1659 950 1702 fuerit.

223 1725 321 1767 Huc
352 1725 452 1767 ueni
486 1725 720 1768 comitatus
753 1726 986 1768 Rectorem
1019 1724 1290 1767 Dominicum
1304 1726 1333 1775 2,
1368 1724 1440 1778 qui
1472 1723 1663 1766 redierat
1693 1724 1880 1778 primum

104 1804 161 1832 ex
192 1790 478 1844 Lothoringia
510 1791 668 1845 patria,
703 1791 758 1832 ad
792 1804 935 1844 quam,
970 1794 1018 1833 ut
1050 1790 1203 1845 scripsi
1237 1789 1359 1840 alias,
1395 1803 1491 1831 cum
1525 1789 1739 1831 Bauarica
1764 1789 1880 1831 Duc-

104 1855 247 1898 cissa3
288 1870 373 1898 non
415 1856 577 1899 inuitus
616 1860 720 1899 ante
753 1870 832 1898 sex
864 1856 1133 1910 septimanas
1166 1855 1389 1910 profectus
1422 1854 1518 1897 fuit.
1583 1855 1881 1896 Condonemus

105 1921 185 1963 hoc
217 1921 352 1975 ipsius
384 1921 687 1973 imbecillitati,
721 1922 835 1975 quod
868 1922 923 1964 ad
955 1922 1067 1963 hanc
1091 1920 1407 1975 profectionem
1431 1920 1528 1974 plus
1551 1934 1689 1973 aequo
1713 1934 1758 1962 se
1781 1934 1881 1974 pro-

106 2000 287 2040 pensum
320 1987 575 2037 ostenderit,
609 1987 800 2030 fortasse
833 1990 882 2030 ut
914 1987 966 2029 de
999 1986 1088 2028 suis
1120 1987 1164 2028 in
1197 1986 1341 2041 patria
1373 1985 1502 2027 rebus
1534 1987 1753 2028 statueret
1784 1990 1882 2028 tan—

106 2052 228 2094 dem:
272 2066 385 2094 nunc
427 2066 532 2094 sane
565 2053 712 2106 quieto
746 2055 815 2095 est
847 2052 1005 2103 animo,
1048 2065 1181 2105 seque
1214 2054 1356 2094 totum
1388 2052 1517 2093 rebus
1549 2050 1634 2092 illis
1668 2051 1884 2104 expeditis

106 2117 162 2159 ad
183 2117 450 2160 Rectoratus
482 2132 638 2161 munus
671 2118 1021 2173 prosequendum
1054 2117 1232 2172 recepit,
1266 2130 1346 2159 1100
1379 2117 1492 2159 male
1525 2116 1664 2158 uicem
1691 2116 1885 2158 absentis

105 2183 326 2237 suppleuit
367 2184 418 2225 D.
452 2183 614 2226 Paulus
629 2185 657 2226 4.
723 2184 817 2238 Ego
867 2183 981 2237 quod
1028 2183 1113 2225 mei
1161 2186 1229 2225 est
1278 2182 1483 2231 muneris,
1532 2181 1576 2222 in
1618 2181 1884 2235 excipiendis

106 2248 310 2290 Fratrum
335 2248 688 2291 Confessionibus
711 2251 757 2292 et
788 2249 831 2291 in
865 2248 1128 2291 renouandis
1160 2262 1238 2302 per
1260 2248 1378 2290 Vota
1409 2248 1581 2289 illorum
1612 2247 1767 2289 animis
1789 2261 1884 2288 sum

105 2313 317 2355 hactenus
359 2317 618 2367 exequutus,
662 2317 707 2357 et
749 2328 863 2356 nunc
895 2328 1031 2368 pergo
1066 2327 1176 2367 quae
1210 2313 1266 2355 ad
1297 2313 1534 2367 pleniorem
1569 2311 1747 2366 Collegij
1781 2312 1884 2353 uisi—

105 2378 317 2421 tationem
350 2382 395 2421 et
427 2379 699 2434 disciplinam
732 2379 968 2434 pertinent,
1003 2379 1084 2421 Dei
1114 2379 1260 2433 gratia
1292 2392 1561 2432 promouere.
1626 2377 1882 2430 Catalogum

106 2444 309 2487 Fratrum
342 2447 387 2486 et
418 2444 772 2488 informationem
806 2445 1006 2487 Rectoris
1039 2445 1092 2486 de
1123 2443 1369 2498 praecipuis
1397 2443 1576 2497 Collegij
1610 2442 1808 2497 personis
1841 2446 1884 2485 et

106 2510 236 2551 rebus
266 2509 428 2551 Rector
460 2509 526 2552 his
559 2510 712 2561 literis,
747 2510 813 2552 ni⁰
847 2510 979 2552 fallor
1011 2510 1260 2563 adiunget-5.
1305 2509 1468 2550 Rector
1499 2508 1626 2557 idem,
1662 2510 1709 2550 ut
1741 2522 1883 2562 spero,

106 2574 148 2616 in
191 2574 446 2627 quibusdam
483 2589 530 2617 se
563 2579 853 2628 naturamque
886 2589 1009 2617 suam
1042 2589 1155 2616 nunc
1188 2574 1378 2616 monitus
1411 2573 1557 2615 uincet
1589 2573 1801 2627 paulatim
1834 2587 1885 2615 ac

214 2655 242 2687 a)
266 2655 337 2680 Tria
358 2663 400 2680 vv.
417 2663 476 2687 sqq.
493 2656 521 2680 C.
535 2656 598 2687 ipse
612 2664 706 2688 supra
728 2664 844 2681 versum
863 2656 993 2687 scripsit,
1013 2659 1044 2680 ut
1065 2655 1233 2687 corriyeret,
1254 2662 1326 2686 quae
1347 2655 1493 2679 librarius
1512 2654 1690 2686 scripserat:
1710 2654 1740 2679 et
1753 2653 1883 2686 Anglus,

107 2695 138 2721 ni
157 2694 257 2723 fallor.
330 2695 361 2729 b)
383 2698 522 2729 Sequitur
542 2697 654 2723 fuisset
674 2699 718 2723 vel
737 2698 833 2722 simile
854 2705 889 2729 v„
910 2698 1000 2722 oblitt.
1075 2699 1101 2728 c)
1123 2698 1157 2721 In
1179 2697 1258 2721 arch.
1280 2705 1354 2722 corr.
1375 2704 1410 2721 eoe
1430 2702 1500 2721 11011.

230 2795 239 2814 ¹
267 2793 459 2835 Rochfort;
487 2795 530 2828 de
557 2805 626 2837 quo
653 2793 757 2838 plura
784 2793 888 2827 infra.

227 2846 240 2866 ‘³
266 2847 475 2891 Menginum
502 2849 678 2882 rectorem
707 2846 849 2890 collegii
875 2845 1112 2880 monacensis.

228 2901 240 2920 ³
266 2900 370 2934 Anna
396 2913 507 2935 uxore
534 2900 674 2934 Alberti
692 2900 736 2934 V.
883 2900 895 2919 4
923 2899 1106 2933 Hoffaeus.

227 2954 240 2973 ⁵
268 2953 399 2987 Exstat
433 2954 551 2988 adhuc
586 2954 644 2987 hic
671 2952 908 2995 *Catalogus‚
944 2952 989 2986 ab
1025 2952 1103 2997 ipso
1130 2953 1298 2996 Menyino
1333 2952 1492 2997 scriptus
1522 2950 1625 2995 (GSC
1652 2950 1698 2984 66
1724 2950 1749 2984 f.
1777 2950 1882 2992 385);

108 3017 152 3040 ex
180 3017 249 3050 quo
276 3006 500 3050 intellegitur
526 3007 562 3041 in
588 3006 740 3050 collegio
766 3005 971 3040 monacensi
998 3008 1084 3040 tunc
1111 3006 1223 3040 fuisse
1244 3006 1264 3040 6
1283 3005 1510 3045 sacerdotes;
1539 3006 1559 3038 6
1586 3005 1718 3038 fratres
1745 3003 1882 3037 schola-

108 3060 229 3100 sticos,
257 3071 302 3093 ex
320 3060 450 3104 quibus
476 3061 498 3094 4
523 3060 559 3093 in
584 3059 717 3094 scholis
736 3059 930 3094 docebant:
959 3059 980 3093 2
1007 3059 1140 3093 fratres
1166 3059 1298 3099 laicos3
1331 3059 1372 3094 10
1391 3058 1449 3092 vel
1471 3058 1511 3092 11
1532 3057 1704 3100 novicios,
1732 3068 1881 3101 quorum

108 3112 175 3146 duo
202 3112 395 3156 magistros
422 3113 589 3156 agebant.
