2044 3335
165 122 251 163 482
355 120 456 154 1752.
484 120 648 155 Canisius
676 119 714 154 P.
734 119 952 164 Hieronymo
977 119 1108 155 Natali.
1153 120 1352 165 Oeniponte
1381 121 1433 156 10.
1455 121 1621 156 Octobris
1649 122 1751 156 1571.

165 235 238 277 ille
264 236 333 277 uel
367 236 476 277 alius
498 235 665 288 reliqua
697 236 878 278 istarum
902 236 1060 279 artium
1093 241 1329 292 praecepta
1361 241 1452 280 tam
1476 239 1697 281 commode
1728 239 1925 282 tradere:

166 315 326 354 magna
369 300 467 341 hinc
511 300 692 343 accedet
735 301 894 343 scholis
938 302 1234 353 commoditas,
1281 303 1503 357 maiorque
1544 304 1706 346 nostris
1748 308 1931 358 paratur

165 365 409 407 authoritas
441 365 599 419 passim
635 366 689 407 ad
722 366 928 408 maiorem
962 366 1119 409 Christi
1154 367 1348 420 gloriam.

285 430 446 471 Gratus
488 443 676 483 agnosco
720 431 986 484 diligentiam
1021 432 1071 476 R.
1106 433 1153 474 T.
1189 433 1302 486 quod
1343 447 1598 486 promouere
1635 433 1812 476 studeat
1853 448 1930 476 ne—

164 495 328 548 gotium
378 495 636 549 scriptorum
685 496 917 549 aliquando
962 497 1412 547 constituendorum1,
1461 501 1509 540 ut
1556 501 1709 540 contra
1752 499 1930 552 spiritus

163 559 400 601 haereseon
436 563 590 602 exerat
621 574 668 602 se
701 561 879 615 spiritus
911 561 1135 604 societatis
1162 563 1216 604 ad
1239 562 1462 604 Ecclesiae
1485 563 1720 605 utilitatem
1745 564 1930 606 collatus

163 624 243 666 hoc
275 628 485 678 ternpore,
520 625 595 667 sed
628 626 816 667 nondum
851 626 1157 669 manifestatus
1189 627 1328 669 medio
1362 627 1621 681 scriptionis,
1658 628 1770 681 quod
1803 643 1930 683 spero

162 690 310 743 magni
342 690 435 732 fore
467 691 687 733 momenti.

283 755 595 797 Obseruabitur
627 770 652 797 a
685 770 752 797 me
785 755 1027 810 diligenter,
1063 759 1111 798 ut
1143 757 1256 799 sicut
1286 757 1406 799 iubet
1438 757 1488 799 R.
1523 757 1570 800 T.
1605 757 1777 799 mittam
1809 760 1928 811 post-

163 819 246 861 hac
279 822 526 862 menstruas
542 821 570 862 2.
626 820 923 874 Expectamus
954 821 1022 863 hic
1054 821 1100 864 P.
1135 821 1444 864 Prouintialis3
1477 822 1725 873 aduentum,
1769 822 1841 874 qui
1873 822 1929 864 ad

161 898 232 926 res
256 884 424 938 collegij
448 885 573 926 huius
595 885 756 927 rectius
779 887 1096 940 componendas
1119 887 1325 940 proderit,
1350 887 1413 929 uti
1435 901 1575 940 spero.
1624 887 1732 940 Agit
1760 887 1928 940 gratias

163 949 332 1003 Regina
364 950 640 1003 Magdalena‚
675 950 787 1003 quod
821 950 878 992 sit
910 951 1100 993 monitus
1133 952 1178 994 P.
1204 951 1497 1001 Prouintialis,
1532 954 1579 993 ut
1611 951 1703 993 sine
1735 951 1928 994 iumento

162 1029 247 1056 non
269 1014 569 1069 proficiscatur
582 1016 609 1058 4.
664 1015 711 1058 P.
737 1016 1003 1058 Guilhelmus
1026 1017 1264 1068 Eldrensis,
1298 1017 1369 1071 qui
1396 1016 1643 1059 Florentiae
1667 1017 1799 1070 degit,
1825 1031 1927 1058 ean-

163 1080 257 1121 dem
283 1080 493 1133 Reginam
517 1083 628 1131 orat,
662 1084 710 1123 ut
732 1082 925 1123 reuocari
950 1082 1089 1135 possit
1110 1082 1151 1123 in
1178 1082 1467 1132 Germaniam,
1503 1082 1615 1135 quod
1639 1095 1685 1123 se
1707 1081 1926 1134 ingratum

163 1158 257 1186 esse
290 1147 414 1198 putet
447 1145 634 1199 Principi
667 1146 947 1188 Florentino5
980 1149 1024 1189 et
1056 1147 1200 1189 nescio
1234 1151 1414 1201 propter
1446 1161 1555 1200 quae
1589 1146 1686 1189 alia.
1742 1146 1928 1189 Nouerit

162 1212 307 1251 autem
326 1210 375 1251 R.
393 1209 440 1252 T.
461 1210 559 1263 quid
586 1212 782 1253 consulte
803 1212 892 1254 fiat.
933 1211 1102 1265 Regina
1125 1215 1302 1266 cuperet
1323 1211 1443 1253 illum
1461 1211 1638 1261 remitti,
1662 1211 1698 1252 si
1716 1211 1925 1253 Ducissae

162 1288 396 1316 consensus
419 1276 658 1326 accederet,
682 1276 861 1330 ipsaque
885 1276 1204 1318 Confessarium
1228 1291 1251 1318 e
1273 1277 1432 1319 nostris
1456 1276 1600 1326 alium,
1623 1276 1725 1318 licet
1744 1276 1926 1326 Jtalum,

161 1340 274 1381 ferre
317 1340 463 1382 uellet.
527 1341 647 1382 Haec
690 1341 891 1394 quoniam
934 1356 1101 1384 mecum
1143 1356 1264 1384 soror
1296 1342 1506 1383 Ducissae
1546 1340 1742 1390 contulit,
1786 1341 1927 1382 obiter

161 1405 276 1446 uolui
310 1419 662 1456 commemorare,
697 1409 744 1448 ut
776 1420 847 1448 res
878 1410 973 1449 tota
1006 1407 1063 1450 sit
1096 1407 1258 1449 Romae
1291 1407 1496 1461 apertior.

280 1470 511 1521 Timemus,
554 1485 608 1512 ne
640 1472 754 1513 male
795 1472 957 1514 habeat
990 1472 1034 1514 P.
1069 1472 1314 1514 Martinus6
1346 1471 1575 1524 Monachij,
1619 1470 1689 1512 ubi
1723 1470 1926 1512 Bauarici

160 1535 384 1588 postulant
416 1536 534 1577 illum
569 1536 738 1578 restitui
774 1537 1029 1580 cathedrae:
1064 1538 1224 1580 rectius
1257 1537 1444 1579 fortasse
1477 1550 1572 1577 cum
1606 1536 1680 1577 illo
1704 1538 1748 1578 et
1780 1536 1924 1577 nobis—

160 1613 255 1641 cum
288 1604 432 1643 actum
466 1600 632 1652 fuisset,
668 1602 701 1642 si
735 1602 859 1644 iuxta
892 1602 1153 1645 sententiam
1177 1603 1227 1645 R.
1252 1603 1299 1645 T.
1324 1602 1527 1644 Treuiros
1556 1603 1678 1642 recta
1709 1601 1922 1655 petijsset.

160 1665 321 1707 Verum
354 1665 461 1708 haec
493 1667 787 1721 superioribus
819 1668 1004 1710 fidenter
1036 1682 1116 1721 ego
1151 1668 1386 1718 committo,
1430 1680 1583 1720 meque
1615 1668 1756 1708 totum
1790 1666 1840 1709 R.
1875 1666 1923 1708 T.

159 1730 381 1784 sacrificijs
404 1733 448 1772 et
479 1731 678 1785 precibus
702 1734 952 1775 commendo
975 1733 1024 1774 in
1057 1733 1264 1775 Christo
1287 1732 1444 1775 JESV
1468 1731 1666 1773 domino
1699 1734 1878 1773 nostro
1895 1731 1923 1774 7.

279 1795 510 1851 Oeniponti
546 1799 598 1839 10
634 1797 786 1841 Octob.
815 1800 940 1841 1571.
1004 1798 1276 1841 Reuerenter
1307 1798 1449 1840 saluto
1484 1797 1650 1838 Patres.

1367 1863 1527 1905 Seruus
1559 1861 1602 1902 in
1635 1860 1805 1903 Christo

1414 1928 1506 1970 Pet.
1532 1925 1741 1968 Canisius.

279 2003 305 2053 †
338 2002 580 2044 Admodum
623 2004 878 2046 Reuerendo
920 2005 962 2046 in
996 2005 1165 2047 Christo
1200 2005 1334 2055 Patri,
1381 2005 1424 2047 P.
1461 2004 1726 2056 Hieronymo
1760 2001 1924 2051 Natali,

159 2066 333 2109 Vicario
366 2068 561 2120 generali
594 2068 825 2112 Societatis
857 2070 1010 2114 JESV.
1134 2070 1311 2112 Romae.

278 2141 375 2183 Quae
403 2142 568 2178 Canisius
602 2144 636 2178 in
672 2145 728 2179 his
763 2145 894 2179 litteris
929 2146 972 2179 de
999 2146 1037 2179 P.
1066 2145 1256 2179 Guilielmo
1284 2145 1436 2179 Elderen
1472 2144 1664 2188 significat,
1696 2142 1925 2178 illustrantur

158 2195 342 2240 *epistula
375 2207 395 2229 a
423 2197 457 2230 S.
485 2197 682 2231 Francfseo
710 2199 843 2242 Boryia
882 2200 1084 2243 praeposito
1124 2198 1283 2242 generali
1316 2198 1428 2231 Roma
1467 2198 1522 2231 29.
1562 2198 1714 2232 Ianuarii
1753 2197 1838 2231 1571
1880 2196 1924 2230 ad

159 2248 198 2283 P.
226 2249 413 2283 Nicolaum
441 2249 611 2284 Lanoiuni
641 2250 675 2285 S.
695 2252 727 2285 J.
755 2252 857 2289 data:
885 2251 936 2285 sic
963 2252 1055 2285 enim
1083 2251 1143 2285 ille
1170 2252 1315 2286 scribit:
1346 2250 1507 2294 „Quanto
1534 2250 1567 2284 al
1594 2251 1633 2285 P.
1654 2252 1810 2286 Loreuzo
1837 2250 1923 2284 Con-

158 2302 274 2336 fessor
300 2302 393 2336 della
418 2302 604 2337 Duchessa
631 2304 665 2338 di
692 2304 868 2338 Ferrara⁸
893 2305 1003 2339 molto
1030 2305 1137 2339 charo
1169 2305 1387 2346 haueriamo,
1424 2305 1488 2338 che
1514 2307 1657 2349 potesse
1692 2307 1924 2339 suauemente

157 2355 319 2389 retirarsi
346 2356 390 2389 da
417 2355 499 2399 quel
534 2357 653 2391 ufficio
681 2360 715 2391 et
741 2357 866 2399 Paese,
902 2360 938 2392 et
972 2358 997 2392 il
1023 2358 1216 2392 medesinio
1252 2359 1282 2392 si
1310 2358 1473 2392 desidera
1508 2357 1565 2391 del
1591 2358 1630 2392 P.
1658 2357 1862 2400 Guglielmo
1889 2356 1922 2389 di

157 2467 235 2501 sula
261 2468 414 2502 Materia
442 2469 633 2512 (Madeira)
662 2472 773 2510 ortus,
801 2470 1014 2504 Societatem
1050 2483 1080 2505 a.
1111 2471 1202 2505 1546
1228 2471 1423 2514 ingressus,
1459 2473 1584 2514 postea
1621 2470 1664 2503 ad
1695 2469 1917 2514 „syntaxiiii“

157 2521 255 2555 illam
281 2521 370 2556 alios
396 2522 505 2557 libros
524 2524 777 2566 grammaticos
796 2523 974 2564 adiunxit3
1004 2535 1095 2568 quae
1113 2524 1349 2567 grammatica
1375 2524 1487 2557 latina
1505 2523 1717 2567 saepissime
1744 2523 1779 2556 in
1799 2522 1922 2556 multis

157 2575 263 2608 terris
290 2586 433 2615 excusa,
461 2576 495 2609 in
522 2576 656 2610 multas
682 2588 823 2621 quoque
858 2576 1001 2620 linguas
1041 2577 1164 2619 (etiam
1199 2578 1233 2610 in
1261 2577 1476 2621 iaponicam)
1507 2587 1613 2610 versa
1648 2579 1703 2610 est
1733 2576 1923 2619 (Sommer-

158 2629 259 2671 rossel,
286 2628 377 2662 Bibl.
404 2629 420 2662 Ι
446 2629 654 2670 224—245;
682 2629 767 2663 VIII
798 2630 1060 2674 1615—1620).

281 2682 289 2700 ¹
315 2680 404 2715 Vide
431 2693 539 2726 supra
566 2695 599 2727 p.
626 2683 705 2717 417.
853 2684 865 2703 ‘²
893 2683 982 2717 Vide
1008 2695 1117 2728 supra
1143 2695 1174 2728 p.
1202 2683 1284 2717 469.
1431 2683 1443 2702 3
1468 2682 1570 2716 Pauli
1600 2682 1748 2716 Hoffaei.

277 2736 288 2752 ⁴
315 2734 405 2767 Vide
432 2746 540 2780 supra
566 2748 597 2780 p.
626 2737 705 2776 459,
732 2737 812 2771 470.

277 2788 290 2805 ⁵
317 2786 457 2821 Cosimo
484 2789 526 2822 de
550 2789 699 2823 Medicis
725 2801 856 2832 magno
883 2789 963 2823 duci
991 2789 1165 2831 Etruriae,
1193 2789 1251 2823 vel
1279 2789 1328 2833 (id
1357 2789 1449 2832 quod
1477 2789 1562 2822 mihi
1589 2789 1706 2832 magis
1733 2788 1918 2833 probatur)

156 2837 345 2872 Francisco
371 2839 443 2873 filio
471 2842 546 2875 eius
570 2845 655 2875 natu
679 2843 851 2883 maximo;
880 2843 981 2876 cuius
999 2843 1102 2876 uxori
1123 2843 1274 2876 Ioannae
1292 2841 1504 2876 Austriacae
1523 2842 1560 2875 P.
1581 2842 1734 2875 Elderen
1761 2853 1781 2875 a
1807 2840 1920 2875 sacris

158 2892 439 2926 confessionibus
467 2897 561 2934 erat:
591 2895 671 2928 vide
698 2907 790 2939 quae
816 2896 881 2930 sub
908 2896 1021 2940 ipsam
1049 2896 1140 2929 hanc
1168 2894 1357 2940 epistulam
1386 2895 1558 2928 dicentur.

277 2945 289 2963 ⁰
315 2944 590 2982 Stevordianus:
619 2960 653 2981 v,
680 2960 788 2993 supra
814 2961 846 2993 p.
875 2949 954 2983 389.
1101 2949 1112 2968 ⁷
1138 2949 1227 2982 Rom
1255 2949 1288 2986 6.
1318 2948 1355 2982 11
1387 2948 1431 2981 23
1458 2950 1546 2988 etc.;
1574 2960 1607 2981 v.
1634 2958 1743 2992 supra
1770 2959 1802 2992 p.
1822 2947 1917 2981 290⁹.

277 2998 290 3015 ⁸
316 2997 474 3031 Barbara
500 2999 712 3034 Ferdinandi
740 3001 764 3034 Ι.
793 3002 1018 3046 imperatoris
1053 3001 1128 3035 filia
1163 3013 1193 3035 a.
1221 3002 1312 3036 1565
1339 3000 1522 3045 Alphonso
1550 3001 1591 3035 11.
1620 3000 1803 3034 Ferrariae
1838 3000 1918 3033 duci

160 3051 345 3092 nupserat:
375 3050 429 3083 cui
458 3051 579 3085 eodem
607 3064 698 3086 anno
725 3053 763 3088 P.
783 3053 997 3089 Laurentius
1024 3054 1284 3088 Hermanutius
1311 3053 1344 3087 S.
1364 3054 1396 3088 J.
1425 3054 1529 3088 datus
1555 3056 1632 3088 erat
1658 3053 1917 3093 confessarius:

158 3112 191 3135 v.
222 3102 307 3135 Can.
336 3102 367 3135 V
397 3103 473 3137 118.
