2044 3335
177 132 231 172 96
474 129 574 164 1519.
603 129 687 164 Can.
716 130 755 163 P.
784 130 905 164 Ioanni
932 129 1097 165 Polanco.
1148 130 1337 166 Monachio
1365 131 1421 166 24.
1441 131 1518 167 Oct.
1541 133 1641 167 1567.

176 248 308 290 etiam
338 262 646 301 nonnunquam
677 248 819 301 sigillo
850 251 988 300 vtens,
1024 252 1068 292 et
1100 250 1237 292 ueluti
1258 250 1478 293 Martha
1510 252 1776 294 turbatur
1808 266 1939 304 erga

174 313 457 366 plurima1.
523 313 674 355 Nostri
716 313 866 355 sedulo
909 314 1147 365 cauebunt,
1194 328 1247 356 ne
1289 315 1359 357 uel
1399 316 1592 359 scribant
1636 317 1701 358 uel
1734 319 1940 359 moueant

175 380 328 420 contra
359 378 478 419 illum
513 378 698 430 aliquid:
731 378 844 420 idem
878 382 926 421 ut
958 378 1094 421 faciat
1126 379 1218 433 ipse
1250 379 1458 422 maiorem
1488 381 1531 422 in
1554 381 1727 423 modum
1751 395 1938 424 oramus.

174 442 267 484 Nec
309 443 498 485 arbitror
539 457 644 484 uera
677 457 772 485 esse
806 443 962 495 omnia,
1007 458 1118 497 quae
1151 447 1302 487 narrat
1334 445 1377 486 in
1410 446 1490 487 hoc
1522 446 1711 500 scripto:
1757 447 1939 488 affectus

173 508 420 561 perturbati
454 510 502 550 ut
528 509 670 558 credO,
704 508 909 550 iudicium
932 508 1184 563 impediunt,
1220 524 1298 551 nec
1320 510 1467 553 sinunt
1489 525 1594 553 uera
1617 510 1758 564 eloqui
1781 510 1937 553 omnia.

173 572 351 615 Moneat
382 587 460 614 nos
493 575 665 615 tantum
694 573 745 616 R.
770 574 818 616 T.
844 588 927 626 quo
960 577 1089 628 pacto
1113 588 1191 616 1105
1214 589 1365 627 gerere
1389 576 1634 626 debeamus,
1668 579 1716 618 ut
1738 577 1783 618 et
1803 575 1937 625 illum,

173 638 209 678 si
241 638 426 689 uidetur,
460 637 583 679 nobis
617 638 906 688 conciliemus,
941 641 985 681 et
1017 641 1197 693 propter
1228 640 1349 682 illum
1372 641 1487 694 apud
1510 640 1672 682 aulicos
1695 643 1740 683 et
1762 643 1938 683 exteros

173 717 258 744 non
303 704 417 745 male
462 703 611 745 audire
657 717 877 757 cogamur.
942 704 1201 746 Commendo
1243 719 1312 747 me
1354 709 1398 748 et
1439 705 1702 760 prouintiam
1745 708 1935 748 nostram

171 767 393 822 sacrificijs
441 768 726 822 precibusque
775 769 825 812 R.
865 769 911 812 T.
950 769 994 810 in
1042 769 1213 812 Christo
1262 770 1433 812 domino
1481 773 1643 814 nostro.
1721 770 1935 824 Monachij

175 834 229 873 24
265 832 416 875 Octob.
455 834 581 877 1567.

1126 894 1286 936 Seruus
1318 894 1361 936 in
1394 895 1563 937 Christo
1596 896 1642 938 P.
1667 894 1876 937 Canisius.

292 1003 320 1055 †
352 1003 608 1046 Reuerendo
641 1004 684 1046 in
717 1005 887 1047 Christo
920 1005 1048 1059 patri,
1089 1006 1146 1049 M.
1170 1006 1329 1049 Joanni
1361 1007 1549 1049 Polanco
1582 1005 1826 1049 Secretario
1860 1005 1936 1047 So-

172 1067 343 1111 cietatis
375 1069 495 1120 ι10511,
529 1069 645 1123 patri
677 1084 786 1114 meo.
900 1070 1050 1114 Roma.

292 1171 458 1206 Canisius
483 1184 554 1206 una
581 1185 661 1207 cum
688 1174 754 1208 hac
782 1174 938 1218 epistula
956 1173 1113 1208 Polanco
1140 1174 1236 1209 misit
1259 1175 1506 1220 apographum
1532 1175 1609 1209 sive
1631 1174 1935 1210 commentarium,

172 1225 265 1268 quod
292 1226 327 1258 in
355 1226 432 1270 ipsa
459 1226 615 1270 epistula
640 1230 825 1267 memorat,
852 1239 918 1261 sua
944 1239 1051 1261 manu
1078 1228 1251 1272 scriptum
1281 1231 1316 1262 et
1342 1229 1393 1262 ita
1419 1229 1651 1273 inscriptum:
1683 1228 1759 1270 „Ex
1786 1227 1936 1272 epistola

172 1278 211 1312 P.
240 1278 383 1324 Georgij
411 1279 609 1325 Schorichij
639 1281 770 1314 Romae
796 1281 932 1325 scripta
957 1281 979 1314 4
998 1280 1164 1315 Octobris
1185 1282 1286 1316 1567.
1314 1282 1357 1316 ad
1384 1282 1426 1316 D.
1446 1282 1598 1315 Paulum
1617 1281 1817 1322 Hoffawm,
1843 1280 1936 1314 sicut

171 1331 280 1366 habet
305 1332 526 1377 inscriptio“.
569 1333 623 1367 Ex
651 1345 720 1378 quo
747 1335 1003 1368 commentario
1030 1334 1118 1368 haec
1145 1334 1422 1378 intelleguntur:
1456 1335 1684 1369 Schorichius
1709 1336 1742 1369 4.
1770 1333 1936 1368 Octobris

173 1385 262 1419 1567
282 1384 450 1420 *litteras
477 1387 701 1431 conscripsit,
728 1398 817 1431 quas
846 1387 884 1421 P.
904 1387 1072 1421 Michaeli
1097 1388 1210 1422 Mario
1236 1388 1458 1428 destinabat;
1486 1389 1521 1422 in
1549 1388 1677 1432 quibus
1704 1388 1747 1421 de
1765 1387 1804 1422 P.
1824 1386 1936 1420 Paulo

174 1438 322 1472 Hoffaeo
350 1439 399 1473 ita
426 1440 624 1474 scribebat:
665 1441 901 1482 „Misereatur
927 1441 1034 1481 Deus,
1074 1441 1168 1485 quod
1195 1441 1330 1476 Sathan
1358 1442 1409 1475 ita
1434 1453 1472 1475 se
1499 1442 1671 1486 praebeat
1696 1440 1934 1485 uersipellem.

172 1491 225 1525 Ex
253 1492 377 1526 intimo
404 1493 521 1527 cordis
547 1494 615 1527 mei
643 1494 773 1528 affectu
799 1493 952 1528 libenter
977 1506 1043 1537 ego
1068 1494 1337 1539 rescripsissem
1365 1495 1407 1529 D.
1435 1495 1548 1529 Paulo
1574 1494 1618 1528 ad
1645 1493 1833 1539 epistolam
1860 1494 1936 1527 eius

170 1545 367 1586 ridiculam,
407 1546 710 1591 contemptibilem
750 1549 785 1581 et
823 1547 1041 1582 iracundam.
1107 1547 1175 1582 Sed
1213 1550 1334 1593 patres
1372 1548 1660 1593 prohibuerunt.“
1722 1547 1762 1582 P.
1800 1546 1936 1581 Paulus

174 1601 317 1640 „contra
343 1611 483 1633 omnem
510 1601 729 1644 aequitatem
754 1604 903 1634 conatur
921 1612 977 1634 me
1001 1601 1222 1646 perturbare,
1250 1604 1286 1635 et
1309 1613 1454 1646 prorsus
1481 1614 1499 1635 e
1527 1601 1705 1635 Societate
1732 1601 1934 1634 extrudere.

171 1651 239 1685 Sed
265 1663 368 1697 spero
395 1653 496 1686 illum
523 1654 629 1688 citius
655 1665 761 1697 quam
788 1665 844 1687 me
869 1656 1056 1688 extrusum
1083 1654 1136 1688 iri.
1232 1655 1318 1688 Heri
1345 1655 1499 1699 primum
1524 1655 1594 1688 11110
1620 1654 1793 1699 scriptum
1820 1653 1932 1687 fuit2:

168 1704 304 1740 Dicetis
324 1705 472 1740 Domino
491 1707 655 1750 Georgio,
683 1707 775 1751 quod
794 1707 976 1750 gratiosus
994 1707 1168 1742 Dominus
1194 1710 1230 1741 et
1255 1708 1428 1752 Princeps
1453 1720 1547 1742 nunc
1574 1708 1727 1753 primum
1754 1706 1933 1740 desideret

169 1758 297 1802 ipsum,
331 1771 410 1793 cum
440 1759 515 1794 eius
541 1760 744 1805 superiores
771 1761 950 1805 Monachij
978 1772 1046 1795 non
1073 1761 1213 1805 possint
1238 1773 1317 1795 eum
1346 1761 1450 1795 ferre.
1479 1789 1485 1795 .
1514 1789 1521 1796 .
1550 1788 1557 1796 .
1608 1761 1832 1794 Mentiuntur
1858 1759 1932 1803 qui-

170 1823 310 1856 cunque
338 1813 515 1854 dixerunt,
543 1816 606 1847 aut
632 1813 864 1858 scripserunt,
891 1826 946 1847 me
965 1814 1135 1848 Patribus
1153 1814 1468 1848 Monachiensibus
1494 1814 1583 1849 meis
1608 1814 1739 1848 litteris
1763 1813 1821 1847 uel
1840 1812 1931 1857 apud

173 1864 468 1899 ,Jllustrissimum
498 1866 710 1911 Principem,
738 1867 795 1900 uel
823 1866 995 1901 Ducissas
1022 1869 1084 1901 aut
1109 1867 1200 1902 alias
1226 1879 1399 1912 personas
1425 1868 1616 1911 quicquain
1644 1867 1856 1901 detraxisse.

172 1918 316 1953 Gratias
351 1920 494 1953 interim
529 1931 596 1963 ago
622 1920 664 1954 D.
692 1920 814 1957 Paulo.
852 1920 913 1964 qui
948 1921 1023 1954 suis
1050 1920 1169 1955 effecit
1194 1921 1336 1962 litteris,
1372 1924 1412 1955 vt
1438 1933 1569 1954 annum
1596 1921 1712 1955 adhuc
1738 1931 1847 1954 vnum
1875 1919 1932 1952 hic

172 1984 346 2007 maneam.
489 1973 589 2015 Rogo
625 1973 723 2007 dicas
750 1973 788 2008 P.
816 1973 939 2014 Paulo,
976 1974 1113 2008 scribas
1141 1974 1294 2015 canisio,
1329 1974 1494 2017 significa
1520 1974 1559 2008 P.
1586 1974 1719 2015 Natali,
1754 1976 1794 2007 ut
1825 1972 1932 2006 finem

170 2025 275 2059 huius
301 2026 465 2059 miseriae
500 2026 704 2071 imponant“
735 2029 801 2060 etc.
854 2027 930 2061 Has
963 2027 1076 2070 igitur
1110 2027 1250 2061 litteras
1286 2039 1366 2061 cum
1393 2027 1622 2061 Schorichius
1649 2026 1931 2071 conscripsisset,

171 2078 349 2113 Polancus
378 2079 453 2123 (qui
491 2091 552 2113 eas
586 2079 720 2122 legisse
754 2079 914 2122 videtur)
955 2080 986 2113 ei
1021 2080 1212 2124 persuasit,
1248 2083 1288 2114 ut
1323 2081 1440 2114 animo
1475 2083 1613 2114 mutato
1648 2091 1793 2114 causam
1828 2091 1931 2114 suam

172 2132 318 2166 arbitrio
345 2132 540 2177 praepositi
567 2132 747 2175 generalis
772 2134 1010 2177 permitteret.
1061 2133 1290 2167 Schorichius
1317 2134 1442 2168 deinde
1469 2134 1611 2168 litteras
1636 2133 1750 2167 Mario
1777 2133 1930 2178 primum

169 2185 369 2219 destinatas
387 2185 426 2219 P.
446 2186 594 2220 Hoffaeo
621 2186 719 2220 misit
744 2186 859 2230 iisque
886 2186 1021 2221 alteras
1046 2187 1211 2220 adiunxit
1236 2187 1378 2220 litteras
1405 2187 1448 2220 ad
1475 2188 1591 2232 ipsum
1610 2187 1797 2221 Hoffaeum
1817 2186 1930 2228 datas,

170 2238 206 2272 in
233 2239 362 2282 quibus
388 2239 581 2280 fatebatur,
608 2250 647 2273 se
677 2240 815 2281 „animo
834 2240 997 2274 turbato“
1021 2241 1064 2274 ad
1082 2240 1236 2274 Marium
1263 2240 1314 2274 ita
1332 2240 1521 2285 scripsisse
1547 2240 1724 2284 simulque
1747 2239 1929 2273 Hoffaeum

168 2292 336 2335 rogabat:
368 2291 508 2334 „Simus
534 2293 569 2326 in
596 2295 779 2337 posterum
806 2293 921 2334 amici,
948 2293 978 2327 si
1005 2293 1081 2327 fieri
1109 2296 1306 2338 potest.
1347 2295 1377 2326 A
1403 2305 1467 2327 sex
1493 2294 1563 2327 iam
1591 2294 1772 2327 mensibus
1797 2293 1929 2326 nemini

169 2346 202 2378 in
230 2345 385 2379 Bauaria
411 2346 550 2390 scripsi,
577 2358 693 2390 neque
719 2347 754 2380 in
782 2349 965 2391 posterum
992 2346 1158 2380 scribam.
1187 2374 1192 2380 .
1214 2374 1220 2380 .
1243 2375 1249 2380 .
1297 2347 1394 2380 Bene
1421 2349 1573 2391 quatuor
1599 2347 1791 2381 Jilustriss.
1819 2346 1929 2380 Ducis

170 2399 311 2443 propria
346 2410 453 2432 manu
481 2399 704 2443 subscriptas
739 2400 860 2444 accepi
896 2399 1031 2440 literas,
1068 2412 1193 2434 rursus
1220 2402 1275 2434 ter
1301 2411 1322 2433 a
1349 2400 1570 2434 Cancellario
1583 2401 1605 2441 ³,
1642 2402 1769 2443 quater
1804 2411 1824 2433 a
1859 2400 1928 2433 Du-

169 2452 297 2485 cissis⁴
330 2455 365 2486 et
395 2464 416 2486 a
442 2452 593 2486 Domina
619 2452 940 2495 Schwartzenberg
953 2454 975 2493 ⁵,
1010 2455 1129 2487 tamen
1157 2465 1337 2497 nunquam
1365 2454 1562 2498 1·espondi.“
1615 2453 1778 2487 Canisius
1809 2453 1928 2487 verbis

177 2506 225 2546 „A
252 2517 316 2539 sex
343 2506 412 2539 iam
439 2506 641 2539 mensibus“
673 2508 738 2539 etc.
766 2506 801 2539 in
828 2506 991 2548 margine
1009 2506 1216 2541 adnotavit:
1248 2507 1494 2548 „Contrarium
1521 2507 1661 2551 probari
1688 2508 1807 2551 potest
1835 2506 1927 2550 quod

168 2568 275 2602 saepe
301 2558 442 2592 scilicet
467 2559 673 2602 scripse1·it“
707 2559 765 2602 (G.
792 2559 855 2604 Ep.
877 2560 963 2593 Vin
989 2559 1013 2593 f.
1037 2561 1282 2603 1172—1182).

285 2634 339 2667 Ad
366 2634 458 2668 hanc
484 2635 675 2679 epistulam
707 2635 783 2680 ipse
810 2635 844 2670 S.
872 2635 1084 2670 Franciscus
1111 2636 1262 2680 Borgias
1289 2636 1515 2681 praepositus
1541 2636 1719 2680 generalis
1744 2636 1927 2681 respondit

170 2687 223 2721 15.
250 2687 463 2721 Novembris
493 2689 579 2723 1567
611 2688 758 2732 (litteris
784 2689 937 2733 alteris).

289 2805 299 2824 ¹
325 2804 373 2838 Lc
403 2805 455 2845 10,
481 2806 537 2839 41.

286 2857 299 2877 ²
326 2857 513 2891 Monachio
543 2859 604 2901 (ex
631 2859 713 2893 aula
738 2859 879 2893 Alberti
898 2860 940 2894 V.
969 2860 1144 2894 Bavariae
1172 2861 1271 2894 ducis
1282 2860 1316 2903 Ῥ)
1346 2862 1516 2894 externus
1542 2860 1672 2904 aliquis
1698 2861 1749 2894 ita
1775 2860 1923 2895 Romam

166 2910 209 2943 ad
237 2910 388 2943 amicum
417 2911 474 2944 vel
502 2912 633 2945 amicos
661 2913 703 2945 de
730 2912 937 2947 Schorichio
962 2913 1153 2958 scripsisse
1180 2914 1333 2948 videtur.

287 2964 300 2982 ³
326 2963 467 2997 Simone
494 2964 685 2998 Thaddaeo
713 2965 799 2999 Eck.

286 3017 297 3035 ‘¹
325 3017 427 3049 Anna
456 3017 594 3050 Alberti
614 3018 655 3051 V.
684 3031 795 3052 uxore
823 3022 858 3053 et
884 3020 1012 3053 Iacoba
1039 3020 1196 3054 eiusdem
1223 3022 1347 3053 matre.

285 3070 297 3088 ⁵
324 3069 443 3103 Uxore
471 3069 613 3104 Ottonis
649 3071 790 3105 Heni-ici
828 3084 847 3105 a
884 3072 1214 3115 Schwartzenberg,
1250 3073 1355 3107 unius
1390 3084 1435 3106 ex
1470 3073 1671 3117 praecipuis
1707 3073 1806 3107 ducis
1842 3084 1921 3107 con-

166 3121 321 3155 siliariis.
