2044 3335
164 90 249 131 210
341 86 443 122 1587.
470 86 509 122 P.
529 86 665 121 Paulus
682 86 855 121 Hoffaeus
873 85 959 121 Can.
1002 86 1170 129 Augusta
1188 86 1294 121 Vind.
1313 98 1358 121 m.
1378 87 1472 131 Aug.
1494 87 1566 130 (14.
1579 88 1597 122 ‘?
1624 88 1680 122 21.
1693 88 1726 131 ‘?)
1750 88 1852 123 1568.

163 202 203 237 P.
224 202 409 237 Gerardo¹
435 203 599 237 ministro
625 203 668 237 de
695 202 842 246 dilinga,
877 203 908 237 si
937 203 1059 237 mandi
1085 214 1150 248 per
1172 203 1376 237 Vicerettor
1401 203 1437 237 in
1465 203 1633 249 Jspruoh,
1659 204 1823 239 hauendo
1848 208 1934 250 pero

163 257 319 290 autorita
345 256 450 301 piena
476 256 510 289 di
537 255 673 296 Restm,
710 267 728 289 e
755 268 794 290 se
823 255 903 300 [si]a
923 255 969 300 [2³]
997 256 1127 290 uedera
1152 256 1224 290 bon
1250 267 1417 291 successo
1443 256 1503 290 nel
1529 268 1698 300 gouerno,
1732 269 1771 292 se
1796 258 1823 292 li
1848 258 1935 292 dara

162 320 294 343 ancora
319 320 423 343 nome
450 308 553 353 pieno
573 308 608 342 di
626 308 765 343 Rettor.
805 309 842 343 Jl
869 310 908 343 P.
929 308 970 344 D.
989 309 1140 353 Lanoy²
1166 320 1339 343 conuerra
1365 309 1454 343 resti
1480 321 1544 354 per
1570 310 1697 345 adesso
1723 311 1759 345 in
1777 311 1935 356 Jspruoh

164 362 294 407 perche
321 362 355 395 la
381 373 446 395 sua
472 361 679 396 uenerabile
705 361 866 402 00011010,
893 373 976 396 sara
1002 362 1208 396 necessaria
1233 374 1303 396 non
1329 362 1529 396 solamente
1554 375 1619 407 per
1644 365 1852 398 ornamento
1878 364 1936 398 del

165 415 328 458 collegio,
356 416 391 448 et
417 426 480 459 per
506 414 597 448 darli
624 415 781 449 autorita
809 426 873 449 con
893 415 1004 459 quelli
1031 415 1065 449 di
1084 415 1198 455 suom,
1224 427 1283 449 ma
1301 415 1415 449 anche
1441 427 1506 460 per
1524 416 1643 450 aiutar
1669 428 1734 451 con
1752 417 1935 461 conseglio

163 467 187 502 il
212 480 305 502 nouo
331 467 545 509 Vicerettor‚
573 467 717 512 alquale
744 479 827 502 sara
853 468 1037 502 consultor
1063 471 1099 502 et
1125 468 1326 502 admonitor
1351 469 1511 511 insieme,
1549 481 1567 503 e
1593 480 1633 503 se
1658 469 1684 503 li
1710 470 1850 515 pai-essi
1876 482 1934 504 ne·

163 521 320 555 cessario
347 522 367 554 0
382 520 424 555 V.
444 520 487 555 R.
514 521 578 554 dar
604 521 733 555 auisob
760 522 802 555 de
830 521 959 556 alcuna
985 533 1080 562 cosa,
1106 521 1140 555 lo
1166 524 1271 566 potra
1297 521 1385 563 fare,
1412 533 1476 566 per
1494 533 1594 556 esser
1612 523 1775 567 professo
1802 525 1838 557 et
1862 534 1934 557 non

163 574 298 608 esserlo
326 573 351 607 il
377 573 594 615 Vicerettor‚
625 586 696 608 non
722 576 821 608 stara
848 577 869 609 a
895 574 1098 609 obedientia
1124 574 1160 608 di
1187 586 1266 609 esso
1292 586 1337 608 ne
1364 574 1478 609 anche
1505 586 1588 609 sara
1613 575 1664 609 lui
1690 576 1874 620 superiore
1900 576 1935 610 di

163 638 242 661 esso
268 626 405 661 benche
431 627 627 661 conuienec
662 627 716 662 sia
742 630 893 662 tratatto
930 630 966 662 et
1001 628 1177 672 riputatto
1213 639 1312 662 come
1348 628 1459 673 padre
1494 628 1537 662 de
1563 629 1650 663 tutti
1685 628 1744 663 nel
1771 629 1934 672 collegio.

163 679 231 715 Gia
258 680 324 714 che
349 691 436 725 pare
462 680 667 715 necessario
694 682 749 715 far
776 681 861 722 cosi,
888 693 952 726 per
977 681 1013 715 la
1040 681 1222 715 charestia
1248 681 1291 715 de
1317 681 1504 726 suggietti,
1531 681 1556 715 il
1574 682 1614 716 P.
1633 681 1817 716 Martin0³
1841 682 1936 716 uada

162 733 199 766 in
225 733 393 776 Augusta
428 745 492 778 per
516 733 538 767 l’
555 734 673 768 officio
700 734 766 768 che
793 734 922 768 sacena
947 734 973 768 il
999 734 1116 768 Padre
1142 734 1344 769 Vandelino
1356 737 1379 776 ⁴,
1416 737 1452 768 et
1478 734 1576 769 detto
1602 735 1719 769 Padre
1736 735 1936 770 Vandelino

165 786 196 820 01
222 786 339 820 faccia
356 786 485 820 Rettor
511 787 553 820 de
571 787 811 830 Jngolstadio,
839 789 874 821 et
901 790 1031 831 questa
1056 799 1139 822 sara
1163 787 1349 822 occasione
1367 799 1430 832 per
1447 788 1574 822 leuard
1595 787 1642 833 [5³]
1669 788 1704 822 in
1722 788 1792 822 bon
1809 788 1936 822 modo*³

164 839 263 873 00010
282 839 422 873 cessino
448 839 473 873 li
493 840 697 874 essorcismi
716 841 920 875 cominciati
945 841 981 874 in
1001 841 1179 885 Augusta,
1207 843 1243 875 et
1261 840 1319 875 un'
1335 841 1428 875 altro
1454 853 1524 875 non
1542 841 1621 875 usif
1637 841 1683 886 [5³]
1711 841 1802 875 farlo
1828 852 1936 875 senza

165 892 228 926 dar
263 892 364 927 auiso
400 895 421 927 a
446 892 489 927 N.
517 892 633 927 Padre
669 893 812 937 alquale
848 897 932 939 pero
959 894 1001 928 V.
1029 893 1070 927 R.
1098 894 1212 928 darag
1242 895 1342 928 auiso
1368 905 1408 928 se
1433 894 1639 928 altrimente
1673 894 1709 929 10
1743 895 1936 929 intendono

163 945 198 979 la
211 946 234 979 ⁵.
263 973 270 979 .
292 974 298 979 .
320 973 326 979 .
366 945 550 980 Restando
576 946 602 980 il
628 946 668 980 P.
695 947 878 982 Scorichio
904 947 940 981 in
966 947 1168 987 Μο0001110,
1195 950 1231 981 et
1256 947 1283 981 il
1308 947 1348 982 P.
1376 947 1532 981 Martino
1560 947 1795 982 Steuordiano
1807 948 1830 989 ⁶,
1865 960 1935 982 non

164 998 337 1033 accadera
363 999 451 1033 resti
477 999 503 1033 il
528 999 567 1033 P.
588 999 767 1034 Thomaso
794 1000 902 1044 gallo,
937 1012 1001 1045 per
1033 1012 1103 1034 non
1135 1000 1302 1034 assuefar
1328 1000 1440 1044 quelli
1467 1000 1609 1044 Signori
1635 1001 1679 1034 ad
1705 1000 1818 1035 hauer
1842 1001 1935 1035 tanti

163 1051 389 1096 predicatori,
417 1052 608 1086 essendoui
634 1053 790 1087 carestia
816 1054 851 1087 in
879 1054 962 1087 altri
989 1053 1124 1097 luoghi.
1145 1081 1152 1088 .
1169 1082 1176 1088 .
1192 1081 1199 1088 .
1227 1053 1270 1088 N.
1289 1054 1406 1088 Padre
1424 1056 1481 1088 sta
1506 1053 1659 1088 infermo
1678 1054 1720 1088 de
1739 1055 1903 1088 terzana“
1923 1055 1936 1075 ⁷

168 1105 228 1148 (ex
255 1116 378 1150 apogr.
405 1106 517 1140 eiusd.
543 1108 672 1151 temp.;
702 1106 822 1141 Germ.
851 1107 894 1141 67
921 1107 946 1142 f.
969 1107 1065 1150 176).

284 1164 353 1198 Hic
380 1164 449 1198 duo
474 1165 633 1199 notanda
660 1177 740 1200 esse
767 1178 914 1201 censeo:

286 1218 316 1253 1.
343 1218 514 1263 Apparet,
550 1219 639 1253 11000
674 1230 695 1253 0
730 1219 765 1254 S.
792 1219 985 1254 Francisco
1011 1219 1144 1263 Borgia
1179 1231 1346 1263 magnam
1383 1222 1523 1264 partem
1556 1219 1599 1253 de
1627 1218 1760 1254 Canisii
1787 1219 1935 1254 consilio

165 1271 310 1305 decreta
345 1283 435 1306 esse.
487 1271 541 1306 Ad
577 1273 612 1306 id
648 1273 867 1307 accedebant
903 1285 1029 1318 preces
1065 1275 1101 1307 et
1135 1273 1328 1318 petitiones
1363 1274 1503 1307 Albertz·
1538 1274 1574 1307 V.
1611 1273 1788 1307 Bavariae
1823 1272 1935 1307 ducis.

165 1325 200 1358 Is
233 1325 264 1359 6.
292 1324 373 1358 Iulii
402 1325 492 1360 1568
526 1337 571 1359 ex
602 1326 749 1368 „Castro
775 1338 840 1360 suo
866 1326 1111 1369 Aiblingensi“
1143 1327 1297 1369 Borgiae
1323 1326 1492 1371 scripsit:
1530 1327 1703 1368 „Fructus
1728 1326 1819 1367 illos,
1847 1337 1936 1370 quos

165 1377 363 1412 uberrimos
398 1378 548 1413 subinde
584 1379 679 1424 apud
713 1391 778 1413 nos
812 1379 952 1414 faciunt
986 1380 1220 1414 Reverendae
1255 1382 1339 1413 tuae
1376 1379 1615 1413 Paternitatis
1649 1379 1830 1420 homines,
1866 1379 1936 1412 viri

165 1442 252 1466 0000
287 1433 323 1465 et
357 1431 520 1465 doctrina
557 1434 593 1466 et
627 1433 705 1466 vita
742 1433 841 1473 clari,
878 1433 1072 1477 plurimum
1107 1433 1209 1467 nobis
1244 1433 1483 1476 gratulamur.
1534 1432 1669 1466 Horum
1698 1432 1792 1466 enim
1818 1443 1935 1477 opera,

164 1488 241 1519 tum
268 1485 362 1528 quod
388 1484 572 1519 haeretica
598 1486 812 1529 contagione
838 1487 1013 1521 infectum
1040 1489 1128 1528 erat,
1164 1497 1296 1529 magna
1322 1498 1368 1520 ex
1394 1487 1496 1530 parte
1522 1486 1731 1520 restitutum
1758 1492 1823 1526 est,
1857 1487 1935 1519 tum

166 1538 259 1582 quod
284 1539 321 1572 in
347 1538 465 1572 officio
491 1541 687 1583 utcumque
718 1543 911 1579 manserat.
949 1541 1001 1574 ita
1026 1539 1287 1581 confirmatum,
1323 1542 1363 1574 ut
1388 1540 1431 1573 de
1457 1539 1518 1573 illo
1545 1538 1681 1573 nullum
1708 1538 1862 1584 amplius
1888 1538 1937 1573 sit

165 1591 375 1636 periculum.
509 1591 722 1626 Reverendo
748 1593 837 1634 viro,
874 1593 976 1627 nobis
1012 1593 1248 1627 dilectissimo
1284 1593 1460 1636 Magistro
1489 1592 1643 1636 Georgio
1672 1591 1848 1626 Schoritio
1885 1591 1935 1625 in-

167 1645 337 1679 visendae
363 1645 473 1679 Urbis
498 1646 712 1680 facultatem
739 1646 809 1680 alia
834 1647 974 1680 ratione
1001 1646 1078 1680 dari
1102 1646 1323 1687 nolebamus,
1350 1658 1457 1690 quam
1483 1649 1523 1680 ut
1550 1648 1647 1680 certo
1673 1651 1833 1690 tempore
1858 1645 1935 1679 red-

165 1699 235 1732 iret
261 1700 298 1732 et
315 1698 561 1733 Monachiensi
588 1702 710 1733 nostro
737 1699 879 1744 populo,
906 1711 927 1734 a
945 1711 1014 1744 quo
1037 1702 1184 1745 propter
1201 1699 1436 1734 eruditionem
1464 1701 1499 1733 et
1524 1699 1769 1743 integritatem
1788 1698 1936 1733 mirifice

168 1752 429 1796 complectitur,
465 1752 600 1787 diutius
634 1755 821 1797 praeesset
846 1753 1037 1787 Sacrorum
1069 1753 1304 1798 dispensator.
1356 1752 1470 1794 Quem
1496 1753 1639 1797 quidem
1675 1751 1752 1797 ejus
1781 1752 1935 1786 reditum

167 1805 261 1839 datis
287 1805 424 1849 aliquot
450 1805 567 1840 literis
593 1806 738 1848 nostris,
775 1818 817 1840 ac
843 1806 985 1840 Viatico
1010 1806 1133 1848 misso,
1158 1818 1288 1850 urgere
1314 1806 1507 1847 voluimus,
1543 1808 1579 1840 et
1601 1805 1674 1851 jam
1702 1805 1936 1839 Reverendae

167 1861 250 1892 tuae
277 1859 317 1893 P.
345 1858 564 1893 authoritate
590 1860 792 1904 promotum
819 1859 983 1904 cupimus
1009 1859 1254 1894 vehementer.
1305 1859 1397 1901 Quin
1433 1862 1470 1893 et
1494 1859 1712 1902 Magistrum
1738 1858 1935 1893 Martinuni

169 1911 454 1953 Steuordianum,
490 1912 592 1957 cujus
627 1913 662 1946 in
690 1913 921 1947 concionibus
957 1915 993 1947 et
1019 1913 1100 1947 aliis
1126 1913 1240 1947 sacris
1266 1913 1510 1947 functionibus
1545 1924 1685 1947 summa
1711 1923 1852 1956 quoque
1877 1912 1936 1946 hic

288 1994 315 2015 a)
337 1989 397 2013 Hoc
419 1996 440 2013 ι’.
456 1989 500 2013 vel
519 1994 552 2013 se
573 1993 603 2014 ut
623 1989 809 2020 suppleatur,
829 1997 876 2014 res
897 1989 962 2020 ipsa
982 1989 1098 2020 emissem
1119 1989 1243 2014 ridetur.
1309 1987 1339 2020 b)
1360 1990 1406 2013 Ita
1430 1989 1459 2013 in
1480 1997 1527 2020 ap.
1542 1992 1699 2014 coi-rectum
1714 1992 1755 2014 est
1769 1996 1805 2013 ez·
1818 1987 1935 2020 pai-essi

167 2029 340 2054 necessario
361 2028 415 2054 dar
434 2029 519 2054 auiso
541 2027 557 2053 Ξι
578 2029 611 2056 V.
626 2029 660 2054 R.
734 2032 758 2055 c)
780 2031 815 2054 In
836 2038 883 2061 ap.
903 2033 1067 2061 sequuntur
1089 2038 1129 2055 rr.
1149 2036 1181 2055 se
1209 2029 1229 2054 li
1250 2029 1352 2056 faccia.
1426 2029 1454 2060 d)
1477 2030 1702 2055 Scribendnmne
1721 2031 1780 2060 fuit
1798 2027 1938 2054 leuarlo?

168 2071 196 2102 0)
218 2072 356 2102 Sequitur
375 2069 406 2102 il,
426 2071 515 2095 oblitt.
589 2071 619 2102 f)
642 2071 851 2102 Corrlyemlnm
873 2079 934 2097 esse
950 2075 1040 2103 pecto:
1060 2071 1114 2096 osi.
1187 2072 1217 2102 g)
1239 2069 1294 2096 dar
1313 2080 1360 2103 (Q)-

291 2173 301 2192 ¹
326 2172 525 2213 Pastelius;
554 2184 588 2206 v.
616 2184 724 2217 supra
751 2184 784 2217 p.
806 2172 900 2206 136¹.

289 2226 302 2246 ²
329 2225 369 2260 P.
394 2225 565 2260 Nicolaus
591 2225 747 2259 Lanoius
774 2226 889 2259 denuo
916 2226 1081 2270 petierat,
1114 2227 1155 2259 ut
1180 2225 1331 2259 rectoris
1358 2225 1584 2269 oenipontani
1611 2225 1727 2259 officio
1753 2225 1937 2259 levaretur

173 2279 369 2322 (Polemon-5
395 2279 566 2320 ÷³Lanoio,
593 2278 706 2312 Roma
735 2279 789 2313 18.
820 2278 1042 2324 Septembris
1071 2277 1180 2318 15683
1209 2289 1331 2323 apogr.
1360 2278 1396 2312 in
1422 2278 1542 2312 Germ.
1570 2279 1613 2312 67
1640 2279 1664 2313 f.
1687 2277 1799 2322 17711).

289 2333 301 2352 3
325 2332 567 2366 Leubenstain
593 2335 711 2366 rector
738 2332 880 2374 collegii
907 2331 1221 2375 ingolstadiensis;
1249 2344 1283 2365 v.
1311 2343 1419 2376 supra
1446 2343 1478 2376 p.
1501 2331 1567 2366 106
1596 2331 1673 2366 113.

289 2388 300 2406 4
326 2385 366 2420 P.
385 2385 623 2419 Wendelinus
643 2385 817 2419 Volckius
847 2384 1025 2427 (Volkius,
1053 2384 1185 2428 Volck)
1215 2385 1360 2419 ineunte
1386 2396 1418 2419 a.
1439 2385 1528 2418 1567
1554 2385 1592 2418 in
1618 2384 1807 2419 Societatis
1833 2384 1936 2418 domo

168 2440 372 2482 augustana
401 2439 645 2481 ⁷‚ministrum“
676 2440 712 2472 et
742 2438 1041 2480 „confessariuni“
1073 2438 1206 2481 agebat
1233 2438 1340 2481 (Gan.
1360 2438 1391 2471 V
1410 2438 1524 2481 377²).

289 2492 301 2510 ⁵
328 2492 528 2534 Margarita
554 2491 675 2536 puella
703 2491 762 2535 (de
789 2502 861 2535 qua
886 2491 990 2536 plura
1016 2491 1126 2533 infra)
1155 2503 1219 2536 per
1234 2491 1425 2525 Volckium
1443 2502 1464 2525 a
1483 2491 1664 2531 daemone,
1692 2491 1752 2534 qui
1779 2502 1856 2524 eam
1875 2490 1935 2525 ob-

170 2544 322 2585 sederat,
359 2545 570 2579 exorcismis
605 2545 641 2578 in
677 2544 764 2579 aede
791 2544 852 2578 SS.
881 2544 1040 2578 Udalrici
1077 2547 1111 2578 et
1138 2545 1248 2578 Afrae
1274 2544 1382 2578 factis
1408 2556 1439 2578 a.
1461 2544 1550 2578 1568
1575 2543 1728 2577 liberata
1755 2546 1822 2578 est.
1872 2543 1936 2578 Su-

169 2597 319 2631 sannam
346 2609 487 2642 quoque
515 2597 725 2641 (Rosmann,
751 2597 980 2632 Roschmann
993 2597 1042 2641 22),
1079 2609 1170 2641 quae
1206 2598 1300 2642 apud
1327 2597 1496 2631 Ursulam
1522 2597 1725 2640 Fuggeram
1758 2599 1837 2631 erat
1873 2597 1934 2640 (cf.

175 2651 260 2683 Can.
288 2650 338 2684 IV
365 2651 553 2686 806—807
582 2651 703 2693 1043),
739 2662 760 2684 a
786 2650 939 2684 Volckio
966 2651 1207 2685 exorcizatam
1244 2661 1324 2684 esse
1350 2649 1532 2693 colligitur
1568 2661 1613 2682 ex
1638 2649 1776 2684 Hoffaei
1803 2650 1935 2684 litteris

170 2703 203 2736 4.
231 2701 452 2747 Septembris
480 2703 570 2738 1568
606 2704 650 2737 ad
678 2703 862 2738 Canisium
898 2703 1002 2737 datis.
1054 2704 1245 2747 Philippus
1269 2704 1469 2737 Edam-dus
1493 2703 1637 2746 Fuygler
1670 2702 1706 2736 in
1733 2702 1935 2747 &Epheme-

170 2755 307 2789 ridibus
335 2755 581 2800 (augustanis)
621 2768 651 2790 a.
681 2756 771 2791 1568
806 2756 921 2790 mensi
946 2756 1036 2790 Iulio
1072 2757 1161 2790 haec
1195 2756 1404 2790 adnotavit:
1443 2756 1509 2798 „Jn
1536 2758 1662 2799 questo
1688 2759 1807 2800 tempo
1843 2766 1934 2790 com-

170 2808 300 2841 mincio
325 2808 360 2841 la
386 2809 536 2843 facenda
562 2821 626 2843 con
652 2810 687 2843 la
714 2809 896 2844 Susanna“
929 2809 1029 2852 (cod.
1056 2809 1200 2844 vindob.
1228 2810 1319 2844 7447
1346 2809 1371 2843 f.
1398 2808 1492 2852 36¹³).

293 2862 305 2880 ‘³
331 2863 502 2895 Attamen
531 2863 682 2905 Borgias
708 2863 941 2896 vehementer
976 2863 1135 2907 optabat,
1169 2865 1209 2896 ut
1242 2873 1307 2907 per
1342 2862 1467 2896 ducem
1502 2861 1629 2895 liceret
1660 2860 1933 2896 Stevordianum

172 2913 362 2947 Monachio
388 2915 551 2951 avocari:
579 2927 614 2948 v.
640 2916 745 2956 infra,
773 2927 827 2959 ep.
854 2927 888 2949 n.
911 2916 1012 2950 1596.

294 2967 305 2986 ⁷
333 2967 510 3000 Polaneus
535 2967 647 3001 Roma
676 2969 729 3002 19.
757 2967 924 3002 Octobris
953 2968 1043 3002 1568
1078 2968 1208 3002 rectori
1235 2967 1377 3010 collegii
1403 2967 1624 3001 lovaniensis
1650 2966 1841 3012 *scripsitz
1871 2965 1935 3008 „N.

173 3019 213 3053 P.
233 3019 409 3054 Generale
435 3020 477 3053 de
503 3032 550 3053 un
577 3031 673 3054 mese
701 3023 719 3053 e
745 3032 844 3054 mezo
871 3021 906 3054 in
934 3022 1003 3063 qua
1030 3021 1164 3054 incirca
1190 3020 1220 3054 si
1248 3023 1266 3054 0
1292 3020 1449 3054 amalato
1476 3023 1512 3054 et
1537 3020 1640 3065 quasi
1658 3021 1742 3064 ogni
1768 3020 1802 3053 di
1828 3019 1874 3053 ha
1899 3019 1936 3053 la

174 3072 293 3106 febre“
325 3072 387 3115 (ex
414 3083 536 3117 apogr.
565 3073 675 3107 eiusd.
703 3075 832 3118 temp.;
862 3073 982 3107 Germ.
1011 3074 1054 3108 67
1081 3074 1105 3107 f.
1127 3074 1245 3117 1842).
