2044 3335
151 141 235 182 746
594 137 688 170 Mon.
718 136 809 171 1084
835 135 913 169 sive
940 145 1015 168 var.
1038 133 1127 177 (20).
1170 133 1274 168 Initio
1301 145 1331 168 a.
1354 134 1455 168 1571.

148 256 333 309 quiesco,
378 267 504 307 quam
547 266 652 307 puer
682 251 818 301 hauri,
863 251 1115 293 adolescens
1147 249 1434 299 confirmatur,
1477 248 1544 290 uir
1575 249 1735 300 docuib,
1779 252 1910 303 atque

147 321 356 363 hactenus
388 332 466 372 pro
489 330 586 360 mea
608 316 850 370 exiguitate
883 315 1067 358 defendi.
1116 314 1345 356 Caeterum
1370 314 1422 356 ob
1454 314 1619 355 nullum
1641 315 1909 356 commodum

147 383 469 438 temporarium,
503 396 582 424 nec
613 381 656 423 in
687 381 871 423 hominis
904 380 1217 432 cuiuscunque⁰
1239 379 1440 433 gratiam,
1475 379 1545 420 vel
1578 379 1788 421 aduersus
1810 393 1912 421 con-

148 449 373 492 scientiam
406 447 485 499 (sic
516 449 562 489 te
592 446 696 488 mihi
728 447 845 488 Deus
877 445 1141 500 propitium1
1173 458 1345 498 semper
1377 442 1497 498 opto)
1532 443 1721 486 doctoris
1753 443 1912 486 Catho-

148 514 219 556 lici
250 516 399 567 partes
431 513 650 565 hucusque
683 511 888 560 sustineo,
923 513 998 552 aut
1029 509 1073 551 in
1105 512 1326 563 posterum
1360 508 1593 551 sustinebo.
1642 507 1779 557 Quam
1812 523 1913 550 con-

148 578 379 621 fessionem
411 591 496 619 non
528 576 644 619 aliud
684 589 789 618 sane
822 589 847 617 a
879 589 947 616 me
981 574 1119 627 exigit
1160 577 1204 617 et
1246 576 1491 627 extorquet,
1534 573 1616 615 nisi
1653 573 1837 614 nominis
1870 576 1914 616 et

148 643 324 686 honoris
356 642 417 685 tui
451 642 577 692 ratio,
620 641 701 683 nisi
733 640 910 694 agnitae
942 639 1143 682 veritatis
1175 639 1253 689 vis,
1292 638 1376 680 nisi
1408 637 1639 680 canonicae
1672 638 1913 692 scripturae

150 708 389 762 disciplina,
423 707 505 749 nisi
527 707 706 749 Patrum
730 719 882 748 sensus
905 707 1037 758 atque
1059 718 1305 754 consensus,
1340 703 1422 744 nisi
1455 703 1646 745 debitum
1678 703 1775 745 fidei
1799 703 1914 757 apud

153 774 314 816 fratres
347 772 654 822 testimonium,
698 785 724 813 a
757 771 927 812 demum
960 769 1042 811 nisi
1075 771 1309 823 expectata
1341 768 1384 809 in
1417 768 1536 809 caelo
1569 767 1699 816 salus,
1739 770 1784 810 et
1815 782 1915 822 pro-

150 839 295 893 posita
326 837 507 879 sinceris
539 835 859 879 confessoribus
893 834 1116 877 beatitudo
1133 835 1162 876 2.
1225 833 1345 883 Quod
1379 833 1414 875 si
1447 835 1626 887 propter
1657 832 1916 875 eiuscemodi

150 903 464 946 confessionem
487 905 751 952 contemnor,
786 900 822 942 si
845 913 1082 954 oppugnor,
1116 899 1153 941 si
1177 899 1396 949 traducor,
1430 898 1694 951 singularem
1727 911 1915 951 agnosco

151 971 196 1012 et
226 968 428 1023 praedico
462 967 647 1021 gratiam
680 969 801 1009 tuam
846 966 976 1013 Deus,
1012 964 1082 1018 qui
1114 963 1274 1018 partim
1306 963 1415 1005 velis
1447 977 1515 1005 me
1547 966 1781 1017 propter
1811 962 1915 1004 ius-

151 1033 336 1077 titiam
377 1032 517 1087 pati,
552 1031 666 1086 quod
698 1034 816 1073 certe
848 1030 1168 1073 beatorum3
1201 1031 1281 1079 est,
1314 1028 1473 1083 partim
1505 1028 1616 1070 nolis
1648 1027 1752 1070 mihi
1784 1028 1916 1070 bene-

151 1099 273 1141 uolos
305 1112 399 1140 esse
440 1097 549 1148 illos,
593 1097 705 1150 quod
746 1096 789 1137 in
822 1095 968 1149 magni
1009 1094 1117 1137 lucri
1158 1096 1285 1148 parte
1324 1093 1567 1148 ponendum
1601 1096 1681 1143 est,
1726 1092 1798 1146 qui
1838 1092 1917 1134 tibi

151 1163 277 1206 amici
300 1177 395 1206 esse
418 1177 502 1205 non
530 1164 724 1216 possunt,
749 1175 845 1203 cum
867 1159 1090 1203 Ecclesiae
1111 1162 1214 1202 tuae
1237 1161 1282 1201 et
1303 1158 1481 1201 veritati
1503 1158 1750 1201 Catholicae
1771 1158 1917 1212 palam

152 1229 450 1271 aduersentur.
515 1227 599 1270 Sed
630 1228 807 1280 ignosce
838 1226 923 1267 illis
955 1226 1101 1275 Pater,
1135 1225 1332 1277 ignosce:
1367 1223 1468 1277 quia
1500 1224 1570 1265 vel
1601 1222 1813 1273 nesciunt,
1847 1223 1916 1264 vel

151 1294 262 1336 scire
283 1293 448 1344 nolunt,
468 1307 579 1346 quae
600 1291 767 1334 faciant
778 1293 807 1341 4,
832 1291 990 1345 partim
1014 1289 1117 1332 tetri
1141 1290 1331 1332 Satanae
1353 1288 1532 1343 imperio
1544 1288 1572 1338 ²³,
1596 1287 1756 1343 partim
1777 1287 1917 1329 falsae

153 1359 375 1402 doctrinae
396 1357 647 1412 praestigijs
668 1356 877 1411 impediti.
925 1356 1050 1397 Hanc
1073 1369 1177 1397 vero
1200 1354 1388 1408 gratiam
1411 1353 1515 1395 mihi
1538 1355 1746 1407 perpetuo
1769 1366 1919 1394 serues

154 1439 240 1475 oro,
266 1426 316 1466 vt
337 1438 467 1477 quam
489 1423 580 1473 tibi,
611 1436 740 1476 quam
762 1421 997 1471 Ecclesiae,
1022 1434 1151 1474 quam
1174 1419 1365 1470 veritati,
1390 1419 1604 1461 sinceram
1627 1417 1918 1460 constantiam

154 1492 198 1532 et
230 1491 502 1532 constantem
535 1487 832 1530 sinceritatem
864 1487 1012 1536 debeo,
1047 1499 1142 1528 eam
1174 1488 1267 1527 tum
1289 1485 1455 1535 viuens,
1488 1487 1581 1527 tum
1610 1483 1797 1525 moriens
1828 1484 1918 1524 tes-

153 1558 293 1597 tatam
326 1554 471 1596 facere
503 1567 589 1595 non
621 1553 841 1601 desistam,
876 1566 1014 1605 neque
1047 1565 1072 1594 a
1096 1550 1310 1593 charitate
1342 1552 1419 1592 tua
1451 1562 1641 1602 vnquam
1674 1547 1872 1590 excidam
1888 1548 1917 1597 5,

153 1620 442 1675 particeps
473 1619 674 1661 nimirum
702 1617 935 1660 omnium
967 1616 1283 1659 timentium
1314 1618 1390 1666 te,
1426 1618 1476 1657 et
1508 1612 1919 1656 custodientium

153 1685 413 1728 mandata
453 1684 580 1726 tua6
617 1683 660 1725 in
701 1685 855 1725 sancta
897 1682 1094 1724 Romana
1135 1680 1345 1731 Ecclesia,
1389 1679 1509 1722 cuius
1551 1679 1721 1720 demum
1762 1677 1917 1720 iudicio

153 1764 221 1792 me
253 1749 500 1804 scriptaque
531 1748 675 1790 omnia
706 1761 803 1789 mea
835 1761 920 1789 non
952 1747 1093 1788 minus
1131 1746 1317 1787 libenter
1350 1758 1477 1798 quam
1509 1745 1785 1785 reuerentere
1816 1743 1918 1784 sub-

152 1815 264 1870 ijcio.
327 1815 465 1857 Tuam
505 1827 635 1868 porro
675 1813 931 1855 immensam
973 1811 1214 1853 bonitatem
1254 1824 1332 1864 pro
1374 1823 1442 1851 me
1484 1808 1744 1858 collaudent,
1787 1810 1918 1860 atque

154 1881 440 1934 deprecentur
471 1878 612 1921 sancti
652 1892 814 1929 omnes,
856 1877 949 1919 siue
983 1890 1089 1929 quos
1120 1876 1164 1917 in
1197 1875 1316 1917 caelo
1357 1873 1643 1928 triumphans,
1687 1873 1779 1914 siue
1811 1886 1918 1925 quos

153 1945 346 1988 militans
377 1944 421 1986 in
453 1943 582 1987 terris
614 1943 812 1986 Ecclesia
844 1956 929 1984 vno
963 1945 1008 1984 et
1038 1940 1323 1983 indissolubili
1353 1938 1602 1982 Catholicae
1634 1938 1779 1992 pacis
1811 1937 1919 1978 vin-

155 2011 308 2052 culo7
338 2009 583 2051 firmissime
617 2008 839 2061 coniungit
871 2011 1002 2060 atque
1035 2005 1372 2060 comprehendit.
1435 2004 1501 2045 Tu
1533 2006 1578 2046 et
1609 2002 1917 2057 principium

155 2078 208 2117 et
239 2075 409 2116 finis&
441 2088 488 2117 es
519 2073 621 2116 mihi
654 2073 863 2115 bonorum
897 2071 1108 2114 omnium:
1149 2070 1228 2113 tibi
1261 2084 1316 2112 ex
1348 2083 1428 2119 me,
1464 2082 1542 2123 per
1573 2082 1654 2117 me,
1688 2070 1733 2110 et
1765 2067 1818 2109 de
1849 2081 1918 2108 me

155 2141 213 2183 sit
244 2141 353 2190 laus,
386 2140 559 2181 honor
597 2140 650 2181 et
687 2137 902 2192 gloria9
934 2136 1213 2190 sempiterna.

273 2216 499 2260 Quantopere
524 2215 614 2249 haec
633 2214 766 2249 Canisii
786 2213 971 2248 Confessio
990 2212 1023 2246 S.
1044 2212 1107 2245 Pio
1125 2211 1169 2246 V.
1188 2210 1347 2256 pontifici
1375 2208 1561 2254 placuerit,
1588 2219 1622 2243 v.
1648 2219 1758 2252 supra
1784 2219 1816 2252 p.
1838 2207 1917 2242 711.

154 2270 247 2304 Mira
273 2271 357 2304 sunt
375 2281 472 2311 sane,
499 2279 590 2313 quae
617 2268 660 2302 de
685 2267 791 2301 huius
811 2265 1054 2301 Confessionis
1076 2265 1197 2309 (saepe
1216 2264 1314 2309 'typis
1333 2262 1553 2307 exscriptae)
1576 2263 1722 2296 auctore
1739 2260 1918 2295 affirmare

154 2323 261 2358 audet
286 2323 336 2357 Dr
362 2324 491 2356 Rc'elcs:
519 2321 643 2365 „Auch
669 2321 705 2354 in
731 2321 793 2354 der
819 2319 933 2354 Lehre
959 2330 1043 2353 vom
1069 2318 1204 2362 Papste
1230 2317 1336 2351 stand
1364 2316 1529 2350 Canisius
1563 2315 1612 2349 im
1637 2313 1919 2358 Widerspruche

153 2377 219 2411 mit
260 2376 383 2411 seinen
422 2374 671 2410 Ordensobern
709 2374 780 2407 und
819 2373 887 2407 den
925 2371 1152 2407 Curialisten.
1211 2370 1258 2404 Er
1299 2370 1400 2404 hatte
1441 2369 1476 2403 in
1514 2367 1760 2403 Deutschland
1801 2366 1919 2401 zuviel

273 2441 300 2472 a)
321 2439 432 2466 retinui
453 2441 478 2465 B
500 2440 535 2464 D.
614 2437 644 2469 b)
666 2439 775 2463 Haec?
789 2445 838 2462 vv.
859 2445 915 2461 non.
940 2439 1007 2461 sunt
1028 2436 1058 2460 in
1079 2436 1113 2460 D.
1193 2436 1219 2466 c)
1239 2433 1417 2466 cuiusquam
1437 2434 1463 2458 B
1484 2433 1518 2457 D.
1594 2430 1623 2463 d)
1645 2431 1782 2463 Sequitur
1801 2428 1919 2456 incitati

155 2483 185 2507 in
206 2484 232 2507 Β
252 2483 287 2507 D.
379 2486 406 2509 el
429 2488 504 2511 mea,
524 2479 559 2505 vt
577 2479 717 2508 libenter,
737 2479 779 2504 ita
798 2477 977 2504 reuerenter
997 2476 1089 2502 ctiam
1109 2477 1135 2502 B
1155 2477 1190 2501 D.

158 2593 274 2638 [Corp.
301 2592 430 2638 Script.
458 2592 554 2627 Eccl.
585 2592 662 2626 Lat.
681 2590 899 2635 Vind.1112]‚
926 2589 1157 2624 Vindobonae
1185 2588 1287 2630 1871,
1315 2587 1394 2622 607.
1431 2588 1562 2629 Mimo,
1588 2585 1627 2619 P.
1654 2585 1717 2619 lat.
1744 2584 1795 2618 ΠΙ
1821 2583 1920 2626 733).

156 2647 196 2680 In
227 2646 508 2688 „Confessionis“
539 2645 757 2686 recensione,
784 2655 875 2688 quae
902 2643 1036 2678 Canisii
1071 2642 1160 2676 libro
1191 2641 1263 2683 „De
1289 2640 1405 2674 Maria
1430 2639 1580 2682 Virgine
1616 2636 1920 2682 incomparabili“,

156 2699 367 2742 Ingolstadii
387 2699 476 2733 1577
495 2699 647 2743 primum
674 2697 779 2738 edito,
808 2696 931 2731 addita
957 2698 1023 2738 est,
1050 2695 1215 2729 Canisius
1242 2696 1323 2739 post
1350 2693 1559 2736 „agnosco“,
1586 2691 1767 2725 kommate
1793 2688 1919 2734 posito,

156 2751 245 2786 haec
273 2752 434 2786 addidit:
459 2752 513 2794 „in
532 2763 603 2796 qua
627 2762 778 2796 semper,
805 2753 846 2784 vt
863 2749 1086 2792 Augustinus
1114 2747 1308 2793 praedicat,
1335 2745 1564 2790 Apostolicae
1592 2743 1784 2778 cathedrae
1802 2742 1921 2786 viguit

157 2805 397 2849 principatus“
414 2818 420 2845 ;
449 2816 541 2848 quae
566 2805 611 2838 ad
629 2803 778 2838 verbum
805 2814 977 2848 expressa
1004 2804 1089 2836 sunt
1115 2813 1160 2835 ex
1179 2802 1215 2835 S.
1235 2801 1430 2843 Auyustmz·
1448 2796 1609 2842 Epistola
1626 2796 1672 2831 43
1698 2796 1802 2840 (alias
1823 2795 1920 2837 162),

156 2868 186 2890 c.
214 2857 245 2897 3,
271 2870 305 2891 11.
334 2859 352 2891 7
383 2857 433 2900 (S.
461 2857 584 2892 Aureli
610 2857 804 2900 Augustini
831 2855 1028 2901 Epistulae,
1055 2866 1127 2889 rec.
1153 2855 1211 2888 Al.
1234 2853 1454 2887 Golclbaeher
1480 2852 1495 2885 I
1522 2850 1640 2894 [Corp.
1668 2849 1795 2894 Script.
1823 2847 1919 2882 Eccl.

160 2909 238 2944 Lat.
264 2910 369 2945 Vind.
397 2910 575 2953 XXXIVL
600 2909 822 2944 Vindolonae
851 2910 952 2951 1895,
979 2909 1035 2943 90.
1072 2909 1203 2951 Migme,
1229 2906 1268 2940 P.
1295 2906 1356 2939 lat.
1383 2904 1538 2939 XXXIII
1566 2903 1660 2946 163).

282 2963 291 2981 ¹
318 2962 371 2996 Cf.
401 2964 418 2996 1
446 2964 503 3005 Rg
529 2963 585 3004 24,
612 2964 652 3003 7;
679 2963 734 3004 26,
763 2963 825 3002 11;
853 2962 874 2996 2
900 2962 957 3004 Rg
983 2962 1039 3002 23,
1069 2961 1109 2995 17
1137 2962 1204 2994 etc.
1356 2959 1369 2979 2
1395 2957 1448 2992 Cf.
1475 2957 1530 2991 Mt
1558 2957 1610 2998 10,
1638 2955 1702 2995 323
1728 2955 1777 2989 Lc
1805 2954 1858 2996 12,
1886 2953 1919 2989 8.

277 3016 289 3034 ³
315 3015 369 3048 Mt
395 3016 426 3055 5,
455 3016 509 3050 10.
561 3017 578 3050 1
607 3016 692 3050 Petr
718 3016 749 3055 3,
778 3016 840 3055 14;
868 3016 912 3050 cf.
943 3016 959 3049 1
988 3014 1075 3048 Petr
1099 3015 1132 3053 4,
1161 3014 1216 3047 14.
1361 3013 1373 3032 4
1400 3010 1454 3046 Cf.
1481 3010 1529 3044 Lc
1558 3010 1611 3049 13,
1638 3009 1693 3043 34.

278 3068 290 3086 ⁵
317 3067 370 3101 Cf.
399 3067 467 3101 Gal
494 3068 525 3107 5,
551 3069 593 3107 4;
621 3069 698 3112 Apc
724 3069 756 3107 2,
784 3068 816 3101 5.
960 3068 972 3088 ⁰
998 3067 1047 3100 Ps
1076 3067 1153 3107 118,
1180 3066 1236 3100 63.
1383 3065 1395 3084 ⁷
1422 3062 1501 3108 Eph
1526 3064 1560 3103 4,
1587 3062 1618 3096 3.

278 3120 291 3140 ⁸
318 3120 392 3164 Ape
419 3120 475 3159 22,
506 3120 565 3160 133
593 3120 638 3153 cf.
665 3120 701 3154 Io
730 3121 760 3161 8,
788 3120 843 3153 25.
989 3120 1001 3139 ⁰
1029 3119 1118 3153 Rom
1147 3118 1189 3153 16
1216 3118 1271 3151 27.
1325 3118 1340 3151 1
1370 3116 1449 3150 Tim
1478 3116 1507 3156 1,
1537 3115 1590 3149 17.
1641 3113 1718 3158 Apc
1744 3113 1776 3153 5,
1805 3112 1859 3147 13.
