2044 3335
636 123 858 167 Ingolstadio
886 125 917 159 7.
936 124 1158 169 Septembris
1186 124 1288 159 1567.
1792 128 1848 169 35

76 257 128 285 ac
169 242 285 285 forte
326 241 441 283 domi
483 241 615 284 etiam
655 242 790 285 habes
821 242 1088 286 latitantia¹.
1152 243 1277 296 Rogo
1310 245 1354 284 te
1387 242 1634 286 Clarissime
1666 245 1849 287 Domine

76 308 292 358 Cromere,
325 307 407 349 hoc
438 306 509 361 pio
541 307 691 348 labore
722 310 844 350 tuam
871 308 1164 350 uenerandam
1189 310 1409 350 senectam
1433 308 1639 359 illustres,
1673 312 1848 352 sancto-

76 387 159 426 que
190 372 334 415 studio
367 372 624 422 huiusmodi,
659 372 997 416 deuinctiorem²
1027 372 1105 416 tibi
1139 372 1296 414 reddas
1329 373 1647 427 posteritatem.
1696 374 1848 416 Multis

76 441 121 480 et
151 436 390 492 praeclaris
423 437 595 490 quidem
628 437 863 480 honoribus
894 438 939 480 in
970 441 1156 491 utraque
1179 438 1294 492 Rep:
1328 440 1397 481 tot
1428 438 1553 480 annis
1579 438 1753 481 functus
1786 453 1847 490 es,

75 516 215 556 neque
247 502 475 556 uulgarem
507 502 783 556 prudentiam
816 503 860 544 in
893 503 1029 545 sacris
1062 507 1107 546 et
1138 503 1373 557 prophanis
1405 503 1537 556 longa
1568 503 1648 545 tibi
1679 504 1849 558 peperit

76 567 360 622 experientia.
425 567 516 617 Quo
564 566 706 608 minus
753 568 1122 621 tibi‚molestum‚
1169 568 1415 622 plaerisque
1462 582 1565 610 uero
1612 568 1849 611 lectoribus

74 633 343 675 fructuosum
378 632 474 683 erit,
508 633 586 674 tua
618 632 794 686 scripta,
829 636 877 676 ut
910 633 1013 683 dixi,
1047 633 1277 675 coniuncta
1310 635 1355 675 et
1387 633 1615 676 elaborata
1645 633 1688 675 in
1715 648 1847 676 unum

74 698 276 740 uolumen
318 697 514 740 coniecta
555 698 678 739 nobis
719 699 764 740 et
796 698 1021 740 Ecclesiae
1059 699 1180 740 uelut
1212 713 1367 740 munus
1400 699 1671 741 extremumb
1702 700 1847 753 palam

75 766 263 806 extare0.
308 762 406 805 Erit
437 763 518 804 hoc
551 762 683 805 etiam
716 763 1012 805 testimonium
1045 767 1149 806 tuae
1181 764 1280 806 fidei
1308 766 1352 806 et
1375 764 1624 806 Catholicae
1646 765 1847 818 pietatis:

75 831 125 871 ut
155 828 406 882 intelligant
438 828 591 870 Poloni
623 831 668 870 et
701 829 841 871 exteri
874 832 996 871 tuum
1030 830 1082 871 de
1106 829 1333 882 Religione
1365 829 1582 879 iudicium,
1617 830 1729 882 quod
1763 844 1848 871 non

75 896 221 948 potest
253 893 367 948 apud
399 893 560 935 multos
592 907 678 935 non
710 894 893 937 multum
926 895 1086 937 ualere.
1151 894 1381 937 Miraberis
1413 894 1615 945 fortasse,
1658 909 1726 936 me
1768 896 1848 937 hoc

73 959 210 1001 libere
253 958 490 1013 postulare,
538 958 651 1011 quod
695 973 773 1013 per
816 959 1123 1014 occupationes
1166 963 1397 1014 praestare
1439 974 1526 1002 non
1570 960 1723 1014 possis,
1769 974 1848 1002 nec

75 1024 226 1067 deesse
258 1024 385 1066 hodie
416 1023 505 1065 scio
539 1024 890 1074 calumniatores,
933 1025 1112 1075 emulos,
1156 1026 1490 1075 obtrectatores,
1533 1039 1714 1078 quorum
1748 1039 1849 1067 cen-

75 1104 200 1132 suras
233 1090 308 1132 uix
339 1089 471 1131 liceat
503 1089 706 1143 effugere.
752 1090 836 1132 Sed
868 1104 949 1143 ego
979 1104 1121 1132 meam
1145 1090 1234 1132 dixi
1257 1090 1534 1140 sententiam,
1568 1090 1667 1132 boni
1689 1090 1848 1144 publici

75 1159 119 1198 et
141 1155 364 1198 Ecclesiae
396 1155 612 1196 iuuandae
644 1154 788 1197 studio
822 1156 1055 1206 excitatus,
1089 1170 1304 1210 speroque
1337 1156 1444 1207 fore,
1478 1160 1527 1198 ut
1558 1156 1696 1198 amori
1727 1156 1771 1197 in
1802 1160 1848 1199 te

74 1235 170 1263 meo
204 1220 366 1274 aliquid
398 1219 601 1273 largiaris
634 1220 688 1262 ad
722 1221 957 1262 multorum
989 1221 1226 1264 utilitatem
1253 1221 1498 1274 Christique
1531 1221 1715 1274 gloriam
1749 1235 1849 1276 pro—

74 1286 345 1328 mouendam.
410 1285 582 1327 Nollem
617 1299 721 1327 sane
753 1285 795 1327 id
829 1286 926 1340 alijs
960 1286 1170 1337 accidere,
1205 1287 1319 1340 quod
1345 1286 1645 1328 Illustrissimo
1668 1288 1720 1330 D.
1745 1287 1849 1329 Car-

75 1351 208 1394 dinali
229 1352 407 1394 nostro2
429 1351 661 1393 usuuenire
683 1351 894 1405 intelligo,
929 1366 1024 1393 cum
1048 1352 1385 1406 reprehendunt,
1418 1352 1539 1394 illum
1563 1366 1589 1394 a
1610 1352 1849 1394 scribendis

75 1417 339 1470 edendisque
380 1416 502 1458 libris
543 1417 838 1471 supersedere,
882 1420 1114 1471 postquam
1157 1418 1348 1470 dignitas
1385 1417 1448 1459 illi
1480 1418 1618 1459 maior
1650 1417 1846 1461 accessit.

75 1483 331 1536 Quanquam
363 1482 475 1524 hanc
508 1496 588 1535 ego
622 1496 848 1524 censuram
883 1482 987 1524 mihi
1010 1497 1094 1525 non
1117 1497 1239 1525 sumo
1263 1483 1591 1532 defendendam,
1626 1483 1697 1536 qui
1720 1483 1848 1537 plane

74 1548 277 1599 arbitror,
319 1547 633 1602 amplissimum
667 1548 898 1590 Dominum
934 1548 1250 1590 Warmiensem
1283 1548 1436 1603 serijsd
1467 1548 1736 1603 publicisque
1773 1562 1848 1590 ne-

74 1613 205 1668 gotijs
239 1615 496 1667 occupatum
530 1613 634 1655 nihil
667 1613 972 1665 intermittere,
1006 1615 1119 1667 quod
1153 1615 1207 1656 ad
1240 1614 1481 1668 Religionis
1513 1628 1688 1655 causam
1722 1617 1848 1656 tuen-

75 1680 174 1721 dam
220 1681 265 1722 et
307 1679 612 1721 illustrandam
658 1682 859 1733 spectare
905 1680 1141 1734 cognoscit.
1205 1680 1344 1722 Deum
1390 1682 1478 1734 opt.
1524 1693 1638 1723 max.
1681 1693 1847 1734 precor,

74 1744 264 1799 gratiam
306 1747 355 1787 ut
396 1759 518 1786 suam
559 1744 684 1786 nobis
726 1745 780 1787 ad
820 1745 1087 1787 Ecclesiame
1128 1745 1391 1787 fulciendam
1433 1748 1478 1787 et
1509 1745 1847 1798 promouendam

74 1812 250 1864 augeat,
284 1824 448 1863 nosque
480 1810 525 1851 in
555 1813 739 1864 utroque
761 1811 934 1853 homine
957 1811 1104 1853 saluos
1127 1811 1180 1853 ad
1204 1810 1270 1852 sui
1293 1810 1434 1853 sancti
1456 1810 1640 1852 nominis
1663 1810 1847 1864 gloriam

73 1879 264 1920 tueatur.
328 1876 593 1930 Jngolstadij
630 1877 667 1919 7.
703 1876 972 1931 Septembris
1010 1878 1134 1918 1567.

964 1943 1124 1985 Seruus
1157 1942 1200 1983 in
1234 1941 1403 1984 Christo
1438 1942 1483 1985 P.
1518 1941 1726 1983 Canisius.

193 2018 387 2061 Adiunxi
410 2018 676 2061 anatomiam
693 2019 872 2061 Lutheri
895 2019 1022 2061 docto
1041 2019 1232 2061 carmine
1253 2019 1533 2069 illustratam,
1558 2021 1602 2060 et
1624 2018 1848 2072 ingeniose

75 2085 325 2126 confictam:
369 2084 451 2126 etsi
489 2099 573 2126 non
607 2099 756 2126 omnes
789 2085 869 2127 hoc
901 2085 1140 2139 spectaculi
1172 2099 1333 2139 genere
1367 2085 1651 2126 delectentur.
1716 2083 1847 2138 Cupio

73 2150 185 2192 idem
220 2150 447 2204 exemplar
478 2150 532 2192 ad
565 2150 912 2193 Illustrissimum
947 2151 1165 2193 dominum
1200 2150 1472 2192 Cardinalem
1513 2152 1710 2192 nostrum
1748 2164 1847 2204 per-

73 2215 191 2266 ferri,
224 2229 379 2268 meque
410 2215 526 2258 illius
559 2216 834 2270 amplitudini
867 2219 1122 2258 reuerenter
1153 2216 1459 2258 commendari.

193 2292 442 2334 Clarissimo
475 2292 581 2334 Viro
615 2293 799 2335 Domino
833 2293 1022 2335 Martino
1056 2293 1272 2344 Cromero,
1309 2291 1580 2335 Serenissimi
1609 2291 1742 2344 Regis
1765 2291 1847 2333 Po-

73 2358 215 2400 ]oniae
249 2358 517 2408 Consiliario,
551 2359 766 2401 Canonico
800 2359 1090 2410 Cracouiensi,
1126 2361 1323 2413 patrono.
1384 2357 1632 2400 Cracouiae.

194 2439 221 2469 a)
243 2437 449 2464 deuinciorem
470 2440 549 2464 arch.
634 2438 664 2471 b)
686 2440 856 2471 Sequuntur
876 2447 918 2464 vv.
940 2438 1013 2464 dare
1033 2438 1126 2471 atque
1147 2437 1331 2470 relinquere,
1351 2439 1440 2463 oblitt.
1521 2440 1547 2467 c)
1568 2438 1615 2462 Ita
1636 2438 1665 2461 in
1686 2439 1765 2462 arch.
1786 2446 1846 2462 cm·-

75 2484 182 2506 rectum
204 2484 245 2506 est
265 2489 301 2506 ez*
321 2480 520 2506 circumferri.
586 2480 615 2511 (l)
637 2481 733 2506 saeris
748 2482 927 2506 Pastorulbl.
992 2483 1019 2512 Θ)
1042 2481 1192 2512 ,δί-νῐμίιιηι
1206 2484 1270 2505 erat
1283 2479 1449 2505 Ecclesiam
1463 2479 1538 2509 Dei,·
1559 2487 1594 2504 elz*
1613 2488 1667 2510 qno
1687 2483 1847 2504 correctam

74 2526 115 2548 est
136 2522 300 2548 Ecclesiam
320 2529 424 2553 suam;
445 2523 562 2548 tandem
583 2530 669 2548 suani
689 2531 797 2555 quoqne
818 2524 1014 2548 oblitteratam
1037 2527 1086 2548 est.

196 2603 204 2622 ¹
231 2602 334 2636 Anno
365 2602 455 2636 1566
483 2601 650 2636 Coloniae
685 2604 760 2636 tres
791 2601 1022 2644 „Sei-1n0nes“
1062 2600 1255 2646 synodales
1283 2600 1439 2634 Cromeri
1477 2611 1557 2633 cum
1593 2599 1732 2643 aliquot
1766 2611 1846 2634 con-

74 2655 230 2689 tionibus
257 2655 301 2689 ab
329 2667 368 2689 eo
395 2655 530 2689 habitis
556 2656 655 2700 typis
683 2655 857 2699 exscripti
884 2657 988 2688 erant
1017 2655 1079 2696 (A.
1098 2655 1296 2697 Eichslcorn,
1323 2653 1395 2687 Der
1418 2653 1680 2687 ermlandische
1698 2653 1850 2687 Bischof

72 2709 205 2743 Martin
221 2708 382 2749 Kromer,
403 2708 439 2742 in
459 2709 685 2751 „Zeitschrift
704 2709 763 2743 f'ur
782 2709 838 2743 die
858 2708 1076 2742 Geschichte
1096 2708 1168 2742 und
1183 2707 1533 2741 Alterthumskunde
1553 2706 1762 2741 Ermlands“
1784 2706 1845 2747 IV,

72 2762 304 2806 Braunsberg
341 2763 441 2804 1869,
482 2763 698 2805 116—117).
750 2762 802 2796 De
830 2761 989 2796 Cromeri
1029 2761 1232 2804 „Dialogis“
1271 2764 1381 2805 atque
1421 2759 1652 2803 „Orechovio‚
1689 2760 1767 2794 sive
1803 2760 1847 2794 de

73 2815 238 2861 conjugio
265 2818 301 2849 et
327 2815 506 2850 coelibatu
531 2816 759 2850 sacerdotum
787 2816 1109 2850 commentatione“
1140 2815 1222 2849 vide
1252 2816 1338 2848 Can.
1366 2814 1399 2848 ΙΙ
1426 2815 1530 2855 277⁶;
1566 2814 1617 2847 ΙΠ
1653 2814 1715 2848 24¹
1749 2814 1845 2848 3171.

73 2869 231 2903 Cromeri
262 2868 399 2913 „Opera
427 2870 564 2903 omnia⁴⁴
595 2870 673 2904 sive
710 2881 839 2914 corpus
875 2869 963 2903 illud
995 2869 1167 2903 librorum
1195 2868 1352 2902 omnium
1379 2880 1399 2902 a
1427 2867 1594 2902 Cromero
1621 2868 1846 2912 scriptorum,

72 2923 165 2966 quod
198 2922 365 2957 Canisius
400 2923 545 2966 vulgari
581 2924 769 2968 cupiebat,
804 2934 1008 2967 nunquam,
1048 2923 1142 2967 quod
1179 2921 1344 2965 equidem
1379 2923 1514 2962 norim,
1553 2921 1744 2964 vulgatum
1781 2923 1846 2955 est.

73 2976 230 3010 Cromeri
265 2976 425 3010 humeris
460 2977 567 3022 paulo
602 2979 684 3022 post
719 2977 926 3022 impositum
954 2979 1010 3010 est
1036 2976 1290 3010 difficillimum
1318 2987 1448 3010 munus
1475 2975 1778 3009 administratoris
1811 2976 1847 3008 et

72 3030 287 3064 coadiutoris
317 3030 587 3075 (1569—1579)
616 3042 658 3065 ac
684 3033 810 3076 postea
837 3030 994 3075 episcopi
1023 3029 1292 3073 (1579—1589)
1322 3030 1548 3063 varmiensis.

192 3083 204 3103 ²
231 3082 411 3118 Stanislao
438 3084 549 3118 Hosio
585 3084 753 3129 episcopo
788 3083 939 3129 principi
976 3083 1183 3125 varmiensi,
1219 3095 1299 3117 cum
1327 3082 1495 3117 Cromero
1530 3085 1567 3116 et
1601 3082 1743 3117 Canisio
1774 3082 1845 3115 iam

71 3135 153 3170 inde
179 3149 199 3171 a
226 3137 349 3171 multis
376 3138 480 3172 annis
506 3137 665 3172 amicitia
691 3138 832 3179 iuncto;
870 3137 913 3171 de
940 3138 1042 3171 cuius
1069 3136 1215 3182 scriptis
1242 3148 1275 3171 v.
1308 3137 1393 3171 Can.
1422 3136 1453 3170 V
1481 3136 1633 3170 94——95.

1511 3196 1560 3230 3*
