2044 3335
151 106 236 147 556
787 103 882 136 Mon.
910 104 978 137 944
1005 104 1082 137 sive
1108 103 1180 146 ing.
1203 103 1269 147 (1).

268 221 456 255 Caeterum
476 220 526 253 Dr
544 220 763 253 Francz‘scus
785 221 962 254 Xarerius
980 221 1223 254 Htmmelstein
1245 221 1321 265 (qui
1346 223 1470 266 postea
1497 220 1712 255 cathedralis
1739 221 1911 256 ecclesiae

147 274 406 318 herbipolensis
442 272 667 317 praepositus
702 273 784 316 fuit)
815 273 851 307 in
885 273 975 307 libro
1005 273 1261 317 „Reilienfolge
1297 274 1359 308 der
1385 274 1552 309 Bischbfe
1587 286 1657 308 von
1683 274 1908 318 VVttrzburg‘

150 327 372 371 (Wi'u-zburg
394 325 515 367 1843),
541 326 596 359 cui
624 325 701 370 ipse
720 325 896 370 Georgius
915 326 1092 360 Antonius
1110 326 1212 361 Stahl
1238 327 1426 372 episcopus
1443 327 1702 372 herbipolensis
1727 328 1913 372 praefatus

147 382 212 421 est,
240 380 281 412 ‹le
308 378 450 413 Canisio
477 378 601 412 scribit
631 380 679 423 (p.
703 379 804 422 139):
836 379 958 421 „Auch
985 380 1048 414 das
1075 379 1326 414 Frankenland
1354 383 1481 423 segnet
1512 381 1589 415 sein
1615 381 1815 415 Andenken
1840 381 1911 415 und

147 434 247 467 ehret
274 432 333 466 ihn
360 431 424 465 mit
451 431 669 466 dankbarem
697 432 837 466 Herzen
864 432 919 467 als
945 433 1048 467 einen
1074 433 1192 467 seiner
1217 433 1397 478 Apostel.“

149 546 226 583 10¹9
253 494 338 583 1333
351 495 585 583 111187113nn1enta
620 494 756 531 canisii
791 494 1066 542 herbipolensia
1101 494 1290 543 pertinent
1326 495 1439 532 etiam
1474 496 1600 543 aliqua
1635 496 1780 533 ratione
1818 507 1910 534 mon.

1009 609 1041 652 E

278 685 734 729 MONUMENTA
766 686 1449 730 INGOLSTADIENSIA
1483 687 1778 731 CANISII.

146 759 253 797 944
279 762 356 796 sive
382 759 494 805 ing.
515 761 606 806 (l).
682 762 711 797 7.
731 763 768 797 et
795 762 827 798 9.
848 761 1073 809 Septembris
1100 761 1193 798 1567.

263 821 319 855 Ex
346 820 473 855 Codice
505 821 553 863 „O
587 821 603 855 I
629 821 714 856 Nro.
741 823 783 856 4“
818 822 894 866 (qui
922 822 1012 856 Acta
1045 822 1233 856 facultatis
1266 822 1534 867 philosophicae
1569 822 1647 856 sive
1686 821 1908 865 „artisticae‘

144 874 394 909 universitatis
436 874 729 918 ingolstadiensis
766 875 810 909 ad
846 887 877 909 a.
907 875 1141 909 1567—1690
1177 875 1394 920 pertinentia
1426 875 1688 920 complectitur)
1726 887 1758 920 p.
1786 876 1912 910 8—13.

147 928 279 962 Exstat
305 927 485 962 Monachii
512 928 546 961 in
573 928 721 962 archivo
748 928 1009 963 universitatis.
1053 928 1180 962 Codice
1207 928 1242 962 in
1268 928 1337 963 hac
1363 929 1607 963 controversia
1634 929 1832 963 enarranda
1857 929 1914 963 usi

145 984 230 1015 sunt
247 982 378 1015 Pruna
402 981 424 1015 l.
444 993 474 1015 c.
493 982 507 1015 I
527 981 594 1015 ‘232
621 984 729 1026 atque
752 982 986 1025 (accuratius)
1009 982 1172 1015 Mederer
1189 982 1211 1016 l.
1231 993 1260 1016 c.
1282 982 1295 1015 I
1315 982 1382 1016 306
1402 985 1437 1015 et
1454 983 1601 1026 Pfleyer,
1629 982 1838 1025 Eisengrein
1856 982 1913 1017 86.

265 1042 310 1074 1η
329 1042 588 1074 controversias
606 1042 820 1084 Inyolstadie'
847 1044 883 1074 in
908 1042 1080 1084 facultate
1098 1042 1230 1075 artium
1251 1047 1393 1075 exortas
1413 1042 1581 1075 Canisius
1598 1045 1627 1075 et
1645 1043 1914 1085 Eisenyreinius

147 1106 169 1128 a
196 1095 282 1128 (lace
307 1096 573 1128 constituuntur
598 1096 740 1128 arbitri.
796 1096 926 1129 Coram
953 1096 1080 1138 quibus
1106 1096 1203 1129 Socii
1228 1096 1266 1128 in
1293 1095 1507 1138 colleyarzcm
1529 1096 1688 1138 ⁸qratiam
1713 1096 1860 1128 redeant
1885 1099 1915 1128 et

150 1148 310 1181 omnibus
334 1148 517 1189 facultatis
543 1148 737 1181 honoribus
763 1152 792 1181 et
827 1149 992 1182 oneribus
1026 1159 1060 1181 se
1095 1149 1271 1192 abdicant,
1305 1149 1378 1181 solo
1413 1149 1560 1181 docenda·
1595 1160 1738 1182 manere
1763 1149 1915 1182 contenti

147 1202 278 1242 futuri».
333 1202 429 1242 Quae
465 1205 494 1234 et
529 1212 551 1234 a
577 1202 663 1234 duee
698 1206 726 1234 et
762 1213 782 1234 a
817 1202 990 1243 facultate
1024 1202 1285 1245 approbantur,
1320 1202 1559 1235 moderatione
1592 1206 1709 1235 tamen
1744 1202 1913 1236 adhibita.

153 1254 319 1287 Cantsius
340 1255 561 1297 professores
586 1266 689 1288 cenae
714 1255 864 1288 adhibet.

267 1313 295 1346 P
307 1325 354 1346 ro
366 1325 384 1346 o
397 1324 461 1346 em
473 1313 482 1346 i
494 1325 573 1347 um.
609 1313 684 1355 Quo
703 1313 846 1347 facilius
865 1313 953 1347 haec
971 1313 1218 1347 universitatis
1236 1313 1529 1356 ingolstadiensis
1547 1316 1629 1347 acta
1646 1312 1913 1357 intellegantur,

147 1365 206 1400 hic
232 1378 322 1411 pono
349 1367 673 1400 *commentarium
699 1368 777 1400 sive
803 1365 1013 1400 relationem
1039 1366 1082 1400 de
1108 1367 1214 1401 rebus
1241 1366 1425 1401 facultatis
1461 1367 1589 1400 artium
1620 1366 1914 1410 ingolstadiensis

146 1419 212 1453 sub
245 1430 291 1453 in.
319 1418 511 1453 Octobrem
544 1420 603 1454 vel
629 1420 869 1454 Novembrem
899 1421 990 1454 1564
1025 1420 1266 1465 conscriptum
1293 1431 1314 1454 a
1341 1420 1380 1455 Ρ.
1409 1421 1591 1463 Alphonso
1621 1422 1803 1454 Guttz'erez
1837 1420 1914 1454 sive

147 1473 331 1506 Pinedano
359 1472 393 1506 S.
413 1473 445 1507 J.
472 1472 615 1507 homine
641 1473 745 1507 docto
772 1476 806 1507 et
833 1473 1067 1516 singulariter
1092 1473 1160 1518 pio,
1187 1473 1248 1518 qui
1283 1473 1348 1507 sub
1374 1485 1421 1508 m.
1448 1474 1581 1507 Maium
1610 1485 1640 1508 a.
1662 1474 1752 1508 1562
1783 1473 1913 1507 ibidem

146 1525 301 1569 logicam
327 1525 469 1559 tradere
496 1526 615 1571 coepit
636 1526 741 1569 (Can.
760 1527 810 1560 Ill
828 1527 913 1567 435)
943 1528 979 1560 et
1004 1526 1039 1560 in
1067 1538 1106 1560 eo
1124 1538 1271 1560 munere
1289 1526 1474 1560 minimum
1494 1527 1581 1561 duos
1599 1538 1711 1562 annos
1737 1526 1915 1571 perstitit;

145 1590 192 1613 m.
218 1578 350 1613 Martio
377 1591 407 1613 a.
430 1580 520 1614 1565
548 1580 590 1613 ob
616 1579 794 1613 infirmam
821 1579 1065 1613 valetudinem
1093 1592 1139 1614 ex
1158 1580 1394 1614 universitate
1421 1580 1509 1614 abiit
1536 1581 1642 1620 (Can.
1661 1580 1693 1615 V
1711 1580 1790 1624 89);
1818 1579 1913 1614 haud

145 1632 259 1666 multo
285 1634 366 1677 post
393 1644 410 1666 e
436 1633 514 1667 vita
540 1633 650 1667 cessit
679 1632 717 1677 (l.
745 1644 773 1667 c.
793 1633 891 1676 221).
943 1633 999 1667 Ex
1024 1632 1091 1667 hoc
1117 1634 1210 1667 enim
1247 1634 1502 1668 commentario
1536 1633 1770 1677 intellegitur,
1805 1644 1911 1677 quam

145 1686 274 1719 misere
300 1686 419 1720 studia
445 1685 692 1731 philosophica
719 1697 759 1720 eo
784 1689 945 1731 tempore
970 1686 1182 1730 lngolstadii
1208 1687 1395 1728 iacuerint,
1427 1689 1463 1720 et
1489 1689 1641 1731 quantas
1676 1686 1912 1721 difficultates

145 1738 249 1780 Socii,
285 1739 346 1783 qui
381 1739 416 1773 in
443 1739 681 1774 universitate
713 1740 935 1784 professores
962 1740 1128 1783 agebant,
1156 1740 1253 1785 passi
1278 1740 1362 1774 sint.
1413 1740 1717 1774 Commentarium
1749 1752 1839 1784 pono
1866 1752 1911 1774 ex

144 1792 378 1837 autographo,
405 1793 461 1826 cui
481 1793 519 1827 P.
539 1794 677 1826 Paulus
694 1794 869 1836 Hoffaeus
894 1793 929 1827 S.
949 1793 982 1827 J.
1001 1792 1198 1834 adnotavit,
1224 1793 1264 1828 P.
1282 1793 1507 1838 Alphonsum
1525 1793 1748 1828 Pinedanum
1773 1793 1911 1836 logicae

143 1846 382 1890 professorem
408 1846 521 1890 ipsius
547 1849 730 1880 auctorem
757 1857 836 1881 esse
866 1845 1001 1890 (Germ.
1028 1846 1113 1892 Sup.
1131 1847 1243 1881 Fund.
1263 1847 1295 1881 ΙΙ
1322 1847 1346 1881 f.
1375 1846 1629 1891 1842—185b);
1657 1858 1726 1891 quo
1751 1849 1911 1890 tempore

144 1899 363 1943 compositus
390 1898 446 1941 sit,
483 1910 527 1933 ex
562 1899 650 1944 ipsis
684 1899 800 1940 rebus,
839 1911 932 1943 quae
967 1899 1003 1933 in
1039 1911 1079 1934 eo
1113 1900 1354 1945 proferuntur,
1390 1900 1502 1934 conici
1537 1902 1669 1944 potest.
1719 1899 1775 1934 Ita
1802 1899 1912 1943 igitur

143 1951 348 1986 Pinedanus
375 1952 417 1985 de
443 1952 617 1987 facultate
644 1952 775 1987 artium
801 1952 879 1987 sive
905 1952 1024 1998 potius
1052 1954 1095 1987 de
1122 1953 1268 1987 consilio
1297 1953 1455 1997 (senatu)
1483 1953 1589 1987 huius
1614 1953 1800 1988 facultatis
1827 1953 1909 1998 (hoc

144 2005 238 2039 enim
265 2005 308 2039 ab
336 2017 376 2039 eo
402 2005 599 2049 significari
624 2006 732 2041 facile
759 2006 892 2051 patet):

266 2058 455 2101 „Facultas
472 2060 733 2104 promouendos
751 2060 944 2101 examinat,
972 2071 1103 2103 eosque
1121 2060 1156 2094 in
1174 2059 1429 2094 baccalaureos
1447 2062 1483 2094 et
1500 2060 1695 2104 Magistros
1712 2061 1908 2105 promouet,

142 2112 179 2145 in
206 2112 355 2146 statutis
382 2111 452 2146 huc
477 2113 726 2157 spectantibus
752 2116 816 2147 aut
841 2113 1004 2147 omnibus
1030 2115 1093 2147 aut
1118 2113 1321 2158 plaerisque
1348 2113 1557 2158 dispensare
1575 2115 1704 2158 potest,
1729 2113 1909 2158 stipendia

141 2164 389 2210 philosophiae
424 2165 595 2200 studiosis
631 2166 820 2207 destinata,
860 2166 967 2210 (quae
1001 2169 1086 2200 sunt
1120 2167 1208 2200 bene
1234 2167 1280 2201 24
1306 2168 1341 2201 et
1369 2166 1478 2210 vltra)
1507 2167 1691 2201 distribuit
1715 2166 1907 2211 stipendia·

140 2220 329 2262 torumque
366 2229 488 2252 curam
523 2218 642 2260 habet,
678 2219 733 2253 Ab
768 2219 840 2253 illis
868 2219 976 2253 etiam
1003 2230 1044 2253 ea
1071 2219 1213 2253 auferre
1238 2221 1358 2264 potest
1383 2220 1414 2253 si
1440 2232 1509 2254 non
1535 2222 1632 2254 recte
1658 2231 1697 2254 se
1717 2219 1906 2263 gesserint.

140 2271 231 2305 Jnde
257 2271 410 2314 singulis
436 2272 671 2307 semestribus
689 2272 820 2307 artium
839 2272 995 2307 decanus
1014 2272 1169 2316 eligitur,
1196 2273 1277 2306 inde
1295 2275 1434 2307 statuta
1452 2273 1593 2318 prodire
1611 2273 1742 2307 debent
1759 2272 1907 2307 eandem

138 2325 396 2368 professionem
423 2326 686 2367 concernentia,
713 2328 749 2359 et
775 2338 895 2360 eorum
922 2326 1085 2360 custodia
1110 2328 1219 2370 atque
1246 2326 1459 2361 obseruatio.
1480 2352 1487 2360 .
1508 2353 1515 2360 .
1535 2352 1542 2360 .
1569 2326 1625 2360 Ad
1643 2326 1732 2360 haec
1750 2337 1834 2371 pars
1853 2328 1908 2359 est

138 2389 210 2411 vna
245 2389 290 2412 ex
325 2380 488 2422 quatuor,
525 2378 654 2423 quibus
688 2382 837 2413 senatus
863 2379 1089 2414 academicus
1115 2381 1268 2420 constat,
1303 2379 1364 2413 vbi
1390 2379 1508 2413 omnia
1533 2380 1689 2423 negotia,
1716 2381 1752 2414 et
1777 2391 1907 2413 causae

139 2431 247 2464 etiam
267 2431 392 2465 ciuiles
418 2431 463 2465 ad
490 2432 638 2466 eandem
665 2432 895 2466 Academiam
923 2432 1140 2478 pertinentia
1166 2433 1416 2467 decernuntur.
1436 2459 1443 2467 .
1464 2460 1470 2465 .
1491 2459 1498 2467 .
1550 2432 1640 2467 Sunt
1665 2434 1787 2467 autem
1811 2444 1906 2467 nunc

139 2485 175 2517 in
200 2484 384 2529 praedicta
410 2484 585 2519 facultate
611 2488 750 2520 tantum
777 2488 868 2527 tres,
896 2489 977 2531 post
1002 2485 1146 2530 aliquod
1172 2488 1293 2520 tamen
1318 2487 1461 2530 tempus
1487 2485 1589 2520 nobis
1615 2485 1723 2520 etiam
1749 2485 1905 2520 exclusis

141 2537 298 2582 quinque
324 2537 437 2583 futurj
451 2539 474 2572 ¹.
516 2538 607 2573 Nam
635 2539 703 2573 duo
730 2539 790 2584 alij
817 2551 887 2573 non
913 2540 965 2573 ita
990 2539 1125 2584 pridem
1152 2539 1197 2573 ad
1223 2538 1399 2582 gremium
1426 2541 1511 2572 sunt
1536 2538 1714 2573 admissi.“
1738 2566 1746 2573 .
1766 2566 1772 2573 .
1793 2566 1800 2573 .

261 2591 398 2632 „Antea
417 2602 522 2634 quam
542 2592 621 2635 quis
640 2604 681 2626 eo
699 2591 734 2635 [i.
756 2604 784 2626 e.
802 2592 838 2626 in
856 2592 1081 2636 facultatem]
1100 2592 1304 2637 recipiatur,
1330 2592 1366 2625 in
1384 2591 1518 2635 gremio
1537 2591 1757 2636 aliquamdiu
1775 2591 1904 2637 morarj

138 2642 244 2683 solet,
286 2643 485 2685 (Gremium
524 2648 656 2679 vocant
700 2646 879 2689 quoddam
917 2645 1030 2680 veluti
1076 2645 1346 2690 praeambulum
1386 2644 1430 2678 ad
1477 2644 1689 2679 facultatem
1726 2644 1786 2690 vbj
1832 2656 1903 2678 non

139 2699 353 2730 exercentur
378 2697 497 2731 omnia
531 2697 594 2732 illa
628 2698 814 2732 facultatis
849 2710 997 2732 munera
1032 2698 1095 2732 sed
1131 2710 1173 2732 ea
1206 2700 1358 2738 tantum,
1394 2709 1486 2742 quae
1512 2698 1557 2732 ad
1582 2698 1903 2743 promouendorum

139 2759 289 2782 examen
315 2752 491 2794 spectant,
522 2753 558 2785 et
583 2751 650 2786 hoc
675 2763 744 2785 non
779 2754 882 2786 tanta
917 2751 1136 2786 authoritate
1172 2754 1307 2795 quanta
1342 2751 1385 2785 ab
1421 2751 1466 2796 ijs
1492 2751 1552 2795 qui
1586 2754 1671 2785 sunt
1705 2751 1902 2793 facultatis,

137 2801 206 2834 imo
232 2813 298 2835 nec
324 2803 417 2836 omni
445 2815 487 2837 ex
515 2806 626 2848 parte,
654 2808 694 2838 vt
721 2816 766 2838 ex
802 2805 1026 2839 examinibus
1062 2805 1190 2849 quibus
1224 2804 1454 2838 interfuimus
1488 2804 1796 2850 deprehendimus.
1846 2804 1902 2839 Ad

138 2853 204 2887 hoc
231 2855 475 2890 admittendus
499 2868 687 2891 necessum
723 2860 779 2891 est
804 2860 845 2891 vt
878 2858 927 2892 sit
961 2858 1091 2892 artium
1118 2857 1302 2901 magister,
1339 2860 1379 2891 vt
1411 2857 1523 2891 semel
1557 2857 1710 2902 publicis
1744 2857 1901 2902 disputa-

262 2978 270 2996 ¹
297 2976 389 3018 Quot
416 2980 451 3011 et
477 2980 537 3022 qui
573 2980 609 3013 in
643 2982 807 3015 senatum
843 2981 1085 3015 academicum
1122 2984 1157 3015 et
1190 2982 1225 3015 in
1260 2981 1447 3016 consilium
1481 2980 1667 3016 facultatis
1697 2981 1829 3015 artium
1855 2992 1900 3014 ex

138 3028 399 3116 ξςυΠιΙνείὸνὸθῼ
428 3033 683 3071 „statutoruw
725 3035 946 3079 praescripto
988 3034 1099 3079 recipi
1137 3034 1195 3068 vel
1238 3035 1426 3069 debuerint
1466 3035 1525 3068 vel
1567 3035 1766 3079 potuerint,
1817 3034 1899 3068 vide

171 3093 229 3116 an.
405 3110 410 3115 .
