2044 3335
158 119 241 159 722
284 116 377 150 Mon.
407 113 639 150 1069—1070
666 112 743 146 sive
770 123 847 145 var.
870 109 1042 154 (5)—-(6).
1087 109 1142 143 21.
1162 108 1375 143 Novembris
1396 128 1439 132 —
1460 109 1514 143 15.
1534 108 1742 143 Decembris
1770 108 1871 142 1567.

157 230 295 267 1069
322 232 399 266 sive
426 239 539 265 var.
561 228 659 273 (5).
734 226 781 262 21.
801 224 1012 262 Novembris
1038 224 1131 260 1567.

277 290 331 324 Ex
357 288 591 333 autographo.
644 286 685 321 Gr.
706 286 768 331 Ep.
787 286 873 321 VIII
900 286 923 319 f.
944 285 1040 319 14512.

280 350 514 382 sl'lzeodoricus
536 347 703 381 Canc'sius
728 347 775 379 ad
796 346 1040 389 praepositum
1065 345 1259 388 (seneralem
1282 344 1414 385 refert:
1439 343 1583 375 Petrum
1606 343 1759 385 fratrem
1778 342 1919 385 colleyia

158 404 238 436 bene
266 404 439 442 risitasse;
465 401 609 434 eundem
638 401 786 432 nimium
814 399 970 441 riyt'larcg
1001 398 1172 440 c'eimzare,
1199 397 1377 429 laborare.

273 463 322 504 P.
360 461 641 503 Theodoricus
667 460 880 512 Canisius,
915 459 1072 512 colleyic’
1105 463 1141 499 et
1173 457 1463 498 mziversitatz's
1496 456 1744 510 dilinycmae
1775 460 1920 507 rector,

157 527 335 581 Dilingtcc
368 528 438 567 21.
463 525 709 567 Novembris
732 527 848 566 1567
881 525 939 565 ad
962 524 1003 565 S.
1030 523 1305 564 Franciseum
1331 522 1535 575 Boryz'am
1558 522 1775 562 Societatis
1795 535 1921 575 prae-

156 593 335 646 positam
366 592 602 646 yeneralem
635 591 748 642 haee,
782 593 951 643 praeter
973 590 1075 640 alia,
1114 592 1341 640 „tanquam
1368 586 1589 627 Consultor
1617 584 1917 639 provincialis“

157 654 231 710 (cf.
265 670 399 710 supra
427 670 470 711 p.
507 655 619 707 116)
654 655 704 695 (le
736 654 862 695 Petro
901 653 1041 705 fratre
1074 653 1256 692 rettulit:
1298 651 1430 692 Pater
1461 650 1738 704 prouincialis
1771 649 1921 692 vtilem

157 720 238 762 hac
271 722 442 762 aestate
465 718 646 761 nauauit
678 732 853 772 operam
886 717 929 758 in
953 716 1204 758 visitatione
1227 715 1528 768 Collegiorum‚
1564 728 1674 767 quae
1705 713 1923 767 frequenti

158 784 248 826 eius
271 787 401 838 egent
433 783 693 838 praesentia.
716 817 723 824 .
746 818 753 826 .
776 818 782 825 .
819 782 942 824 Circa
974 795 1205 835 personam
1230 780 1369 834 patris
1393 779 1671 834 prouincialis
1693 779 1773 820 1100
1797 792 1922 832 prae-

158 850 280 904 cipue
303 849 503 899 occurrit,
523 849 642 890 illum
662 862 766 889 suae
786 846 1059 897 valetudinis,
1085 860 1213 899 quam
1236 844 1396 897 alioqui
1419 847 1576 887 natura
1598 845 1753 886 bonam
1777 844 1920 894 habet,

158 929 252 957 esse
285 914 644 968 negligentiorem
670 948 678 956 .
702 913 1014 954 immoderatus
1047 914 1114 952 est
1146 910 1189 951 in
1214 910 1373 963 vigilijs
1396 911 1440 951 et
1471 909 1655 963 ieiunijs,
1690 923 1799 962 quae
1831 908 1923 950 fere

158 979 410 1033 quotidiana
432 979 575 1029 habet,
610 981 654 1020 et
677 977 1025 1020 extraordinaria
1047 989 1191 1029 saepe,
1223 975 1314 1016 sine
1339 975 1540 1016 carnibus
1563 978 1607 1017 et
1629 974 1818 1028 piscibus
1841 976 1921 1016 etc,

159 1045 327 1087 accedit
360 1044 512 1086 deinde
546 1042 750 1085 continua
772 1042 929 1084 mentis
953 1040 1193 1095 occupatio,
1227 1043 1275 1081 vt
1298 1040 1372 1081 vix
1396 1040 1537 1081 cibum
1570 1039 1742 1092 quietus
1765 1041 1919 1088 sumat,

158 1110 314 1151 nedum
346 1109 659 1150 recreationem
693 1111 865 1162 sumpto
895 1107 989 1148 cibo
1023 1106 1195 1148 habeat.
1246 1105 1459 1147 Videntur
1492 1106 1725 1158 plaeraque
1749 1117 1803 1145 ex
1835 1104 1921 1157 pri—

159 1177 263 1217 uata
304 1174 534 1216 deuotione
575 1173 802 1227 proficisci.
866 1173 1050 1213 Multum
1085 1173 1230 1213 autem
1271 1171 1390 1211 hisce
1423 1170 1550 1211 rebus
1583 1183 1677 1210 sese
1710 1168 1920 1217 debilitat,

158 1239 416 1294 praesertim
438 1252 602 1288 vocem⁷
633 1252 742 1291 quae
766 1238 865 1279 dum
889 1236 1170 1278 concionatur
1191 1239 1290 1289 post
1312 1234 1472 1276 ieiunia
1496 1237 1539 1276 et
1561 1234 1746 1287 vigilias,
1772 1247 1922 1286 parum

158 1307 287 1359 grata
320 1307 388 1346 est
419 1306 463 1346 et
495 1303 621 1345 valde
655 1303 794 1345 exilis.
844 1302 1035 1344 Monitus
1068 1301 1147 1343 hac
1182 1301 1232 1342 de
1265 1314 1312 1341 re
1344 1313 1487 1353 saepe,
1522 1300 1694 1341 videtur
1726 1312 1781 1340 ex
1804 1312 1922 1339 scru-

159 1370 258 1424 pulo
292 1383 376 1410 non
411 1368 643 1410 abstinere.

162 1495 303 1532 1070
332 1496 409 1530 sive
436 1504 550 1530 var.
573 1493 674 1539 (6).
749 1492 881 1529 Diebus
907 1491 956 1527 14.
977 1493 1013 1527 et
1040 1490 1087 1526 15.
1114 1489 1322 1526 Decembris
1347 1488 1438 1525 1567.

278 1555 332 1589 Ex
360 1553 604 1589 commentarii
630 1565 650 1587 a
677 1552 716 1587 P.
736 1554 931 1586 Francis-co
957 1553 1070 1585 Rocca
1098 1551 1131 1585 S.
1159 1551 1190 1584 J.
1219 1551 1312 1584 circa
1339 1550 1479 1583 initium
1506 1549 1640 1583 saeculi
1666 1548 1778 1582 XVII.
1806 1546 1925 1581 italice

159 1609 284 1653 scripti
323 1609 503 1651 (Raderus
528 1607 550 1642 1.
577 1618 606 1641 c.
635 1606 718 1649 247)
758 1606 921 1640 versione
957 1605 1070 1639 latina
1105 1615 1217 1648 eaque
1252 1603 1419 1637 Germani
1455 1602 1606 1636 alicuius
1641 1613 1748 1635 manu
1782 1600 1926 1635 saeculo

160 1662 273 1696 XVII.
303 1661 359 1706 (ut
385 1661 543 1704 videtur)
571 1660 707 1704 scripta
737 1659 811 1703 (A),
847 1670 917 1703 qua
952 1659 986 1692 in
1016 1657 1147 1691 Canisii
1175 1657 1250 1691 vita.
1284 1656 1472 1690 scribenda
1507 1658 1542 1689 et
1567 1667 1598 1689 3.
1628 1656 1718 1689 1614
1744 1654 1928 1697 vulganda

160 1727 246 1750 usus
274 1718 328 1748 est
354 1715 393 1748 P.
422 1715 624 1747 Matthaeus
650 1714 817 1746 Raderus
842 1712 875 1746 S.
897 1712 929 1746 J.
952 1711 1051 1755 (Cod.
1082 1710 1234 1754 ,Epistt.
1261 1710 1303 1743 ad
1332 1710 1370 1743 P.
1390 1709 1520 1743 Matth.
1548 1709 1727 1742 Raderum
1753 1708 1788 1741 Γ*
1820 1706 1926 1751 [sign.

164 1769 199 1811 „1
226 1767 308 1811 29“]
335 1768 359 1801 f.
378 1766 580 1810 47³²-48b),
617 1768 653 1800 et
688 1778 731 1800 ex
765 1766 924 1799 eiusdem
961 1763 1206 1798 commentarii
1243 1763 1355 1796 altera
1384 1763 1545 1796 versione
1571 1762 1693 1802 latina,
1730 1772 1851 1804 eaque,
1887 1763 1927 1793 ut

161 1821 302 1856 omnino
329 1820 482 1861 videtur,
518 1819 651 1854 Romae
687 1820 889 1863 conscripta
917 1818 978 1861 (B)
1008 1820 1043 1851 et
1068 1817 1197 1851 ibidem
1234 1828 1254 1850 3
1280 1817 1318 1850 P.
1347 1817 1543 1850 Francssco
1572 1816 1743 1849 Sacchino
1769 1814 1803 1848 S.
1831 1814 1864 1848 J.
1892 1813 1926 1846 in

162 1874 295 1908 Canisii
328 1875 404 1907 vita
439 1873 627 1907 scribenda
662 1872 727 1906 sub
763 1884 793 1906 a.
825 1872 913 1906 1615
951 1871 1111 1905 adhibita
1141 1869 1239 1913 (Cod.
1272 1869 1410 1911 „Germ
1441 1869 1526 1903 183*
1556 1881 1588 1902 n.
1617 1869 1714 1911 312).
1767 1867 1926 1901 Eundem

161 1928 457 1962 commentarium
493 1926 612 1960 italice
648 1926 768 1970 posuit
797 1925 854 1968 (C)
883 1926 998 1958 Boero
1028 1924 1129 1965 (Can.
1149 1923 1351 1966 323—326)
1370 1925 1389 1963 ¹,
1425 1923 1475 1956 ita
1510 1922 1713 1966 praefatus:
1756 1920 1825 1963 „Mi
1852 1920 1926 1954 faro

162 1993 181 2015 a
208 1981 424 2014 trascrivere
451 1991 470 2013 3
497 1980 606 2013 verbo
643 1991 663 2012 a
690 1979 798 2012 verbo
833 1979 867 2012 13
893 1978 1101 2011 narrazione
1137 1976 1193 2010 del
1228 1976 1330 2016 fatto,
1367 1976 1431 2009 che
1466 1975 1491 2009 il
1526 1975 1719 2009 medesimo
1746 1974 1785 2008 P.
1811 1973 1928 2007 Rocca

161 2034 420 2068 minutamente
447 2032 579 2066 distese
606 2033 640 2066 di
667 2044 731 2065 suo
758 2032 908 2076 pugno.“
964 2031 1115 2065 Videtur
1150 2030 1260 2072 igitur
1287 2029 1399 2063 Boero
1434 2029 1551 2074 ipsum
1577 2029 1716 2062 300030
1753 2038 1927 2061 commen-

162 2087 292 2121 tarium
320 2098 404 2131 prae
431 2086 595 2120 manibus
622 2085 802 2125 habuisse,
830 2084 906 2118 sive
943 2083 1188 2127 autographus
1214 2083 1244 2116 is
1276 2086 1362 2121 erat,
1397 2083 1475 2116 sive
1512 2083 1629 2115 Rocca
1664 2081 1821 2114 dictante
1848 2091 1927 2114 con-

162 2140 336 2185 scriptus;
364 2139 541 2173 interdum
561 2138 654 2172 enim
675 2138 800 2172 Boerio
826 2137 966 2178 accidit,
993 2139 1034 2170 ut
1059 2136 1193 2180 scripta
1219 2136 1262 2170 ab
1282 2135 1488 2169 auctoribus
1506 2135 1641 2169 dictata
1663 2133 1923 2178 „autog1·apha“

163 2196 286 2233 vocet3
313 2205 347 2226 v.
374 2204 483 2236 supra
509 2204 542 2236 p.
570 2192 613 2225 65
641 2192 697 2225 81.
740 2190 827 2233 Ego,
854 2191 883 2224 si
911 2190 1026 2234 ipsum
1055 2190 1348 2223 commentarium
1377 2189 1537 2222 italicum
1564 2190 1691 2221 nactus
1718 2199 1844 2227 essem,
1870 2186 1927 2220 hic

162 2247 381 2292 posuissem;
408 2248 535 2279 nactus
553 2256 623 2278 non
649 2256 748 2284 sum;
774 2255 889 2287 neque
917 2256 961 2277 ex
981 2243 1106 2276 Boerio
1133 2254 1212 2275 eum
1231 2242 1471 2275 transcribere
1497 2242 1650 2286 placuit;
1678 2252 1759 2274 nam
1787 2251 1831 2273 ex
1859 2250 1927 2273 una

162 2302 275 2344 parte,
310 2299 342 2333 si
376 2310 456 2332 eum
493 2309 572 2332 cum
607 2297 772 2331 versione
807 2296 995 2330 raderiana
1031 2295 1234 2336 contuleris,
1270 2294 1337 2328 1130
1364 2315 1407 2317 -
1436 2295 1469 2328 1(1
1505 2295 1597 2338 quod
1633 2294 1739 2328 etiam
1768 2293 1928 2327 Raderus

162 2353 278 2398 planis
305 2351 425 2385 verbis
451 2350 610 2384 affirmat
636 2369 679 2374 —
712 2361 840 2394 „prope
867 2349 910 2382 ad
937 2349 1104 2382 verbum⁴‘
1138 2348 1274 2381 Roccae
1302 2347 1542 2381 narrationem
1569 2347 1667 2380 reddi
1694 2346 1851 2387 videbis;
1880 2356 1925 2379 ex

162 2405 277 2439 altera
303 2407 404 2449 parte
432 2404 542 2437 Boero
568 2415 638 2436 non
665 2403 780 2436 solum
807 2414 868 2446 pro
895 2413 992 2435 more
1019 2413 1082 2435 suo
1110 2400 1268 2434 italicum
1296 2400 1434 2434 300030
1466 2411 1666 2434 sermonem
1692 2400 1735 2433 ad
1761 2398 1928 2443 loquendi

162 2458 411 2501 scribendique
437 2456 611 2490 rationem
637 2455 781 2489 saeculo
807 2454 901 2488 XIX.
929 2455 1101 2488 usitatam
1133 2454 1426 2494 accommodavit,
1463 2454 1525 2487 sed
1552 2453 1672 2493 etiam,
1707 2453 1775 2486 nisi
1812 2452 1927 2491 fallor,

164 2511 285 2555 aliqua
311 2511 449 2549 omisit;
486 2512 525 2543 ut
552 2512 751 2543 extremam
787 2508 1033 2542 commentarii
1069 2509 1207 2552 partem
1220 2508 1243 2541 2.
1296 2506 1557 2540 Commentario
1584 2506 1726 2550 copiose
1752 2506 1806 2539 usi
1832 2507 1926 2545 sunt,

164 2566 204 2598 ut
229 2575 336 2608 supra
363 2563 447 2603 dixi,
474 2564 509 2596 et
535 2562 704 2596 nonnulla
731 2561 774 2595 ad
800 2561 949 2594 verbum
977 2572 1022 2594 ex
1049 2573 1088 2594 eo
1114 2560 1345 2594 reddiderunt
1375 2561 1536 2593 Raderus
1563 2559 1584 2592 l.
1609 2570 1638 2592 0.
1666 2558 1865 2598 aio—247,
1893 2561 1929 2591 et

166 2618 371 2660 ›S'accleimw2
399 2616 483 2650 Can.
511 2615 717 2655 249—2533
746 2614 874 2658 gallice
901 2626 981 2648 eum
1009 2614 1119 2648 vertit
1138 2613 1269 2656 Se'ym'n
1296 2613 1319 2647 l.
1347 2625 1375 2647 0.
1404 2612 1601 2646 206—209.
1655 2611 1761 2645 Multi
1787 2622 1926 2654 quoque

288 2724 296 2743 ¹
323 2722 439 2756 Boerii
466 2722 555 2755 liber
581 2720 714 2754 Romae
741 2721 858 2754 editus
884 2722 938 2754 est
964 2719 1254 2765 permittentibus
1280 2730 1349 2752 non
1375 2718 1490 2752 solum
1522 2717 1574 2759 „S.
1603 2717 1642 2751 P.
1662 2717 1703 2750 A.
1731 2716 1925 2759 Magistro“

165 2777 200 2809 et
231 2775 526 2818 ..Vicesgerente⁴‘
556 2785 711 2815 romano,
749 2774 810 2808 sed
846 2773 953 2807 etiam
984 2774 1038 2815 ,S.
1066 2773 1102 2806 F.
1132 2772 1426 2817 Subpromotore⁸
1457 2772 1492 2804 in
1524 2771 1632 2804 Sacra
1668 2769 1813 2803 Rituum
1841 2769 1927 2802 Con-

166 2828 372 2870 gregatione
402 2828 439 2870 (l.
470 2840 499 2861 0.
527 2828 623 2871 510).

285 2880 297 2900 ²
325 2881 361 2913 In
388 2880 550 2914 versione
577 2880 764 2913 raderiana
782 2879 870 2912 nihil
896 2879 971 2913 fere
998 2890 1043 2912 ex
1068 2877 1187 2912 italico
1206 2877 1344 2911 300030
1371 2875 1625 2910 commentario
1653 2875 1823 2908 omissum
1851 2885 1929 2908 esse

167 2932 319 2973 videtur,
346 2933 413 2965 nisi
432 2933 519 2966 haec
540 2933 627 2966 duo:
657 2932 849 2972 Canisium,
877 2943 956 2965 cuni
983 2943 1028 2965 ex
1047 2932 1175 2965 itinere
1201 2931 1236 2964 in
1255 2930 1510 2964 monasterium
1529 2928 1745 2968 divertisset,
1773 2927 1930 2961 voluisse

167 2986 274 3019 etiam
301 2985 377 3018 cibo
404 2997 530 3029 corpus
557 2986 703 3019 reficere
731 2986 816 3026 (non
841 2987 980 3019 tantum
1023 2995 1167 3029 „parum
1202 2983 1483 3027 requiescere“);
1521 2985 1629 3025 atque
1665 2980 1815 3014 eundem
1848 2991 1927 3014 cum

166 3038 262 3072 socio
288 3038 459 3081 postridie
485 3049 587 3070 inane
614 3039 709 3072 facto
736 3050 847 3079 sacro,
875 3040 1066 3081 antequam
1095 3037 1303 3077 discederet,
1331 3035 1549 3069 ientaculum
1575 3034 1782 3078 sumpsisse.
1831 3032 1928 3074 Quae

167 3090 210 3132 ei,
246 3091 306 3134 qui
333 3090 623 3123 comment-arium
651 3091 769 3131 vertit,
803 3091 927 3135 pietati
954 3090 1166 3124 excitandae
1192 3089 1310 3123 minus
1335 3090 1429 3132 apta,
1465 3087 1535 3122 nisi
1564 3086 1677 3128 fallor,
1704 3085 1927 3120 videbantur.
