2044 3335
203 135 306 170 1520.
331 134 427 168 Frid.
446 145 466 168 a
481 133 670 176 Wirsberg
690 132 774 167 Can.
829 134 930 168 1521.
958 133 1043 168 Can.
1064 133 1147 166 Ant.
1162 131 1291 166 Vinck.
1339 130 1527 174 Oct.sN0v.
1549 131 1652 165 1567.
1772 132 1825 172 97

60 250 214 288 1520.
337 247 766 285 FRIDERIGUS
811 248 857 284 A
895 246 1277 284 WIRSBERG
1325 247 1515 292 episcopus
1557 247 1829 291 herbipolensis,

250 303 423 338 Franciae
449 302 635 337 orientalis
661 302 734 336 dux
761 301 965 337 CANISIO.

795 355 980 401 Herbipoli
1007 357 1162 390 exeunte
1188 366 1235 388 m.
1255 353 1334 389 Oct.
1354 353 1413 387 vel
1439 353 1541 387 initio
1568 353 1658 387 Nov.
1681 353 1782 387 1567.

180 422 236 456 Ex
262 421 418 467 epistula
445 421 489 455 ad
515 420 696 463 Borgiam,
723 420 766 454 de
793 432 864 464 qua
889 421 994 462 infra,
1022 432 1055 455 n.
1078 420 1178 454 1525.

185 494 352 527 Canisa'us
377 494 414 527 S.
433 492 631 525 Franctsco
649 492 805 534 Boryz'ae
825 494 1032 535 praeposito
1055 491 1217 534 yenerali
1243 491 1435 523 Monachio
1462 492 1493 523 S.
1513 489 1721 522 Novembris
1742 489 1833 521 1567

64 548 213 590 (litteris
234 547 441 591 prioribus)
469 546 510 578 de
536 546 726 579 Friderico
753 556 774 578 α
801 546 981 589 Wirsberg]
1007 546 1164 588 episcopo
1190 544 1428 587 herbipolensi
1451 544 1597 586 scripsit
1607 555 1618 575 .·
1656 542 1833 586 „Scripsit

62 602 110 635 ad
135 612 188 634 me
206 627 213 634 .
227 627 233 635 .
247 628 254 634 .
290 600 620 633 Renerendissimus
644 599 756 632 ueluti
778 610 850 632 non
869 602 1049 632 contentus
1063 602 1248 641 praesente
1269 597 1527 631 Concionatore
1544 597 1590 630 D.
1613 596 1832 638 Christiano,

64 659 94 688 et
118 654 298 688 meliorem
323 650 519 696 «camenusfl

183 719 353 760 Societas,
381 718 548 762 quoniam
575 717 610 750 in
630 716 784 751 ecclesia
803 716 1002 751 cathedrali
1021 727 1124 750 sacer
1142 718 1339 760 suggestus
1358 715 1522 756 vacabat,
1550 713 1716 757 episcopo
1734 723 1834 756 spem

63 773 200 807 fecerat
227 771 482 806 contionatoris
508 770 673 804 mittendi
704 771 754 813 (v.
780 782 890 815 supra
915 782 948 815 p.
968 770 1044 813 28).
1077 769 1290 803 Destinatus
1317 770 1372 802 est
1397 767 1480 801 huic
1506 766 1645 800 muneri
1672 766 1710 800 P.
1737 764 1835 800 Chri-

64 825 205 860 stianus
231 825 426 859 Halverius
455 823 629 868 (Rivius‘?
673 823 727 857 Cf.
750 824 836 858 Can.
857 823 889 857 II
917 823 1002 858 304⁶
1027 822 1150 866 473¹);
1179 822 1222 856 de
1249 833 1319 866 quo
1346 821 1386 855 Ρ.
1413 821 1595 855 Antonius
1622 820 1732 853 Vim-k
1758 830 1836 863 pro-

65 879 205 913 vinciae
223 878 405 913 rhenanae
422 876 651 922 praepositus
677 877 713 910 in
731 878 747 896 ³<
764 876 1060 919 „Informatione“
1084 876 1126 910 de
1144 875 1351 920 provinciae
1369 873 1552 909 sodalibus
1578 873 1679 906 initio
1698 883 1728 905 a.
1747 872 1836 906 1565

66 933 220 975 Borgiae
245 931 357 966 missa
382 932 513 965 refert:
542 930 632 964 Eum
660 932 785 964 natum
812 941 892 964 esse
923 929 1038 972 „nella
1056 929 1145 963 villa
1164 928 1345 963 chiamata
1371 927 1497 961 haluer
1515 926 1611 960 nella
1628 929 1726 960 terra
1744 924 1838 958 della

66 987 283 1028 montagna“
315 984 416 1019 ducis
448 983 620 1018 clivensis
655 983 804 1028 imperio
831 983 1013 1023 subiecta;
1049 994 1130 1016 eum
1167 982 1208 1016 31
1239 993 1351 1016 anuos
1386 983 1511 1015 natum
1549 991 1647 1020 esse3
1684 990 1764 1012 eum
1792 989 1837 1011 m.

68 1040 232 1082 Augusto
259 1039 406 1078 a.1558‚
433 1049 515 1072 cum
533 1037 668 1071 Romae
694 1037 731 1070 in
757 1036 910 1080 collegio
929 1037 1134 1080 germanico
1153 1035 1311 1078 degeret,
1338 1035 1374 1068 in
1394 1034 1613 1068 Societatem
1641 1031 1838 1066 admissum

69 1104 158 1134 esse,
197 1104 228 1127 a.
259 1093 346 1127 1561
382 1091 616 1126 Vindobonae
654 1092 740 1124 vota
777 1089 965 1124 sollemnia
1003 1089 1208 1134 professum
1246 1100 1326 1123 esse
1368 1086 1685 1131 („Informatione“
1722 1086 1746 1119 f.
1775 1085 1838 1128 1³).

68 1145 204 1180 Deinde
230 1146 440 1189 Moguntiae
467 1147 503 1178 et
528 1143 757 1178 Francofurti
784 1144 828 1177 ad
855 1144 1024 1178 Moenum
1049 1142 1269 1186 theologiam
1296 1141 1445 1176 tradidit
1474 1141 1608 1184 (Dnhr,
1636 1140 1710 1174 Jes.
1737 1139 1752 1172 I
1774 1139 1840 1173 106

68 1199 166 1244 412).
199 1198 404 1240 Halverius‚
433 1209 514 1233 cum
533 1198 671 1232 duobus
689 1197 874 1231 sodalibus
900 1197 966 1231 sub
987 1197 1042 1231 10.
1062 1195 1283 1241 Septembris
1304 1196 1394 1230 1567
1415 1193 1634 1239 Herbipolim
1656 1193 1840 1233 advectus,

70 1253 114 1287 ab
150 1253 316 1297 episcopo
350 1252 471 1286 iussus
507 1252 563 1285 est
601 1251 657 1293 „in
692 1251 781 1284 aede
816 1249 1056 1294 B.Virginis“
1088 1249 1297 1284 contionari.
1348 1249 1404 1282 Ita
1431 1248 1572 1292 quidem
1609 1245 1745 1287 scribit,
1781 1246 1841 1289 qui

71 1308 88 1326 *
105 1307 395 1350 „Herbipolensz's
422 1304 572 1349 Collegij
600 1304 778 1338 Exordia“
818 1303 948 1338 ibidem
984 1303 1051 1338 sub
1078 1302 1217 1337 exitum
1243 1302 1378 1337 saeculi
1404 1301 1501 1335 XVI.
1528 1300 1693 1335 narravit
1721 1300 1843 1343 („Ass.

73 1359 191 1457 fferm.
219 1359 331 1394 Fund.
358 1360 393 1393 1“
424 1360 449 1393 f.
477 1357 592 1401 336b).
643 1357 775 1392 Paucis
811 1358 913 1391 aunis
940 1360 1022 1402 post
1046 1356 1252 1391 Fridericus
1278 1355 1443 1390 Halverii
1470 1354 1654 1389 contiones
1679 1352 1843 1387 laudavit

91 1414 209 1458 Dnhr‚
237 1413 310 1448 Jes.
337 1413 487 1456 14506).

74 1529 216 1566 1521.
316 1529 534 1564 CANISIUS
576 1527 638 1564 P.
675 1525 982 1563 ANTONIO
1021 1524 1243 1562 VINCK
1286 1525 1493 1571 provinciae
1531 1525 1711 1559 rhenanae
1750 1523 1784 1558 S.
1812 1524 1845 1559 J.

265 1583 480 1629 praeposito.
735 1581 924 1616 Monachio
952 1583 1106 1615 exeunte
1132 1592 1179 1614 m.
1199 1579 1277 1615 Oct.
1305 1579 1364 1614 vel
1390 1579 1491 1613 initio
1518 1590 1563 1613 m.
1583 1578 1673 1612 Nov.
1695 1578 1796 1612 1567.

194 1655 252 1689 Ex
285 1653 431 1689 Vinekii
466 1653 691 1698 autographo
727 1652 785 1696 (G.
814 1653 878 1697 Ep.
912 1651 962 1685 IX
1000 1652 1024 1685 f.
1055 1650 1288 1694 1962—1972)
1329 1652 1364 1684 et
1400 1661 1445 1683 ex
1480 1648 1654 1694 epistula,
1700 1648 1742 1682 de
1777 1659 1847 1692 qua

76 1709 180 1750 infra,
207 1720 240 1743 n.
263 1708 365 1743 1525.

197 1780 334 1822 Repetit
359 1779 403 1812 ab
429 1790 466 1812 eo
491 1780 620 1812 viatica
647 1778 686 1812 P.
705 1778 891 1811 Edmmzdi
914 1776 1059 1810 Tanner
1077 1780 1148 1818 etc,
1176 1780 1206 1809 et
1232 1786 1322 1819 qnae
1340 1775 1437 1808 Socii
1455 1774 1605 1815 Dilinya
1624 1772 1845 1815 Herbe'polz'nz

77 1834 177 1867 missi
202 1834 388 1877 aliquanto
415 1836 497 1866 ante
528 1834 568 1865 ‘in
592 1832 810 1875 profectione
837 1841 989 1864 romana
1015 1830 1269 1873 expenderunt.
1321 1829 1374 1861 De
1399 1828 1635 1871 herbipolensi
1660 1827 1847 1859 dotatione.

198 1904 237 1938 P.
274 1905 456 1938 Antonius
496 1903 606 1936 Vincla
650 1902 888 1946 provincialis
929 1901 1115 1934 rhenanus
1160 1903 1213 1934 10.
1250 1899 1458 1933 Novembris
1497 1900 1589 1931 1567
1628 1908 1670 1931 eat
1708 1897 1849 1939 colleqio

79 1958 316 2001 herbipolensi
342 1958 456 2001 (qnod
480 1957 688 1998 provinciae
713 1957 897 1989 rhenanae
923 1955 1019 1995 erat)
1059 1955 1257 1988 Francz’sco
1284 1954 1442 1995 Borysae
1461 1952 1669 1995 praeposito
1692 1950 1852 1994 penei-ali

78 2012 243 2055 scripsit:
279 2012 348 2056 „Jo
381 2021 543 2054 pensana
578 2021 670 2043 come
700 2021 769 2053 per
795 2010 886 2042 altre
920 2009 965 2041 leo
991 2008 1137 2041 scrittol
1173 2008 1233 2040 elce
1268 2008 1296 2041 il
1321 2006 1529 2039 Reuerendo
1557 2006 1676 2049 padre
1705 2005 1851 2038 Canisio

80 2065 232 2098 haneria
266 2065 436 2098 mandato
463 2066 509 2098 40
543 2064 561 2097 ὁ
589 2066 657 2098 .50.
683 2064 774 2097 scuti.
809 2074 831 2096 (ι
866 2062 979 2095 Roma
1016 2067 1109 2095 nona
1125 2061 1187 2103 [ἓ]
1216 2061 1372 2104 serpendo
1408 2059 1467 2092 che
1505 2061 1671 2093 vet-riano
1706 2059 1853 2091 alchmn'

81 2120 119 2152 di
136 2119 251 2153 Roma
270 2130 341 2162 per
366 2119 392 2151 il
419 2119 562 2161 colleffl‘o
588 2118 831 2160 lurbfflolense
857 2121 885 2149 et
913 2116 1034 2149 adesso
1061 2116 1088 2148 il
1115 2116 1206 2149 bnon
1230 2115 1346 2158 pado-c
1373 2125 1443 2147 non
1468 2114 1656 2146 solamente
1681 2113 1732 2145 ‘nn'
1756 2115 1853 2145 mette

81 2174 120 2205 in
147 2176 246 2206 conto
272 2173 300 2206 il
324 2173 452 2205 viatico
479 2172 534 2204 del
552 2172 592 2206 P.
610 2170 803 2205 Ενηπηᾶο2
829 2174 859 2202 et
877 2171 975 2203 Jocm
994 2169 1159 2212 Baptista
1177 2169 1340 2202 Romano
1355 2168 1378 2211 3,
1406 2178 1463 2199 ma
1490 2166 1649 2200 anchora
1674 2167 1701 2198 il
1726 2167 1852 2199 viatico

82 2227 124 2259 de
148 2227 263 2259 Roma
289 2227 344 2259 del
369 2226 408 2259 P.
433 2227 576 2269 yeorye'o
603 2226 724 2259 Bader
763 2228 793 2257 et
818 2224 846 2256 ‘il
870 2234 934 2257 sno
962 2223 1180 2266 compayn04
1207 2233 1299 2255 come
1325 2221 1502 2254 venessino
1529 2221 1568 2253 di
1594 2220 1706 2253 Roma
1732 2220 1853 2252 adesso

79 2291 146 2323 per
171 2280 198 2313 il
224 2280 366 2323 collegio
384 2279 637 2322 Her-bipolense
663 2279 753 2312 done
778 2279 805 2311 il
823 2278 862 2312 P.
879 2278 1022 2320 yeov'yt'o
1038 2278 1104 2319 pin
1131 2276 1190 2309 che
1215 2287 1255 2308 vn
1286 2286 1381 2308 anno
1406 2275 1536 2307 intiero
1562 2274 1608 2306 lea
1634 2273 1854 2316 tranaylviato

191 2350 218 2381 a)
240 2351 343 2376 Nescio
362 2358 402 2375 an
421 2350 472 2374 hoc
491 2358 516 2374 v.
536 2349 726 2374 omittendum
745 2349 858 2379 fuerim·
878 2349 916 2379 cf.
936 2356 1029 2379 snpra
1046 2356 1078 2379 p.
1091 2348 1134 2371 33.

208 2449 216 2468 ¹
244 2447 334 2482 Vide
360 2459 470 2492 supra
523 2473 529 2479 .
557 2445 612 2480 33.

205 2502 218 2522 ²
249 2502 308 2544 „P.
328 2459 517 2536 Emunduls)
532 2503 681 2534 tanerus
707 2498 892 2543 hybernus
919 2496 1099 2531 admissus
1126 2497 1182 2529 est
1201 2495 1245 2529 ad
1265 2493 1457 2528 Societatis
1475 2492 1703 2538 probationes
1722 2491 1856 2525 Romae

87 2556 107 2590 9
126 2555 223 2601 Junij
244 2555 347 2590 1565.
375 2555 499 2589 eodem
525 2565 618 2588 anno
644 2552 776 2586 ibidem
804 2551 924 2585 emisit
942 2554 1028 2584 vota
1046 2549 1346 2583 scholasticorum
1373 2558 1465 2581 anno
1492 2546 1623 2580 aetatis
1641 2546 1697 2580 40.
1724 2545 1856 2578 missus

87 2611 144 2643 est
178 2610 223 2643 ad
256 2609 472 2654 principium
500 2607 606 2641 huius
633 2605 786 2650 collegii,
825 2604 951 2638 diebus
986 2603 1091 2637 festis
1127 2605 1163 2636 et
1198 2601 1386 2635 dominicis
1413 2599 1598 2644 discipulis
1633 2598 1856 2643 superiorum

88 2662 258 2697 classium
284 2662 463 2708 praelegit
481 2659 740 2704 Euangelium⁴⁴
757 2671 763 2692 :
791 2659 808 2678 *
821 2657 1019 2700 Catalogus
1046 2655 1190 2699 collegii
1208 2653 1469 2699 herbipolensis
1487 2654 1519 2687 9.
1539 2652 1747 2687 Decembris
1769 2652 1856 2686 1567

89 2728 109 2750 a
143 2716 182 2751 P.
210 2718 369 2751 Antonio
403 2717 516 2750 Vincla
550 2714 709 2759 scriptus
748 2711 824 2755 (GC
852 2712 895 2745 67
932 2710 956 2745 f.
984 2722 1054 2744 non
1089 2708 1213 2753 sign.).
1264 2708 1408 2742 Tanner
1443 2709 1567 2752 postea
1602 2706 1645 2740 ob
1680 2706 1859 2740 infirmam

88 2770 333 2804 valetudinem
360 2782 406 2804 ex
429 2769 608 2803 Societate
627 2766 798 2801 dimissus
818 2767 891 2805 est;
921 2764 1110 2809 episcopus
1130 2761 1372 2806 corcagiensis
1395 2760 1520 2805 (Cork)
1541 2771 1573 2795 a.
1588 2761 1678 2794 1574
1705 2762 1859 2799 creatus.

90 2824 172 2857 fidei
209 2823 407 2858 catholicae
446 2834 556 2857 causa
594 2821 729 2855 multas
768 2818 995 2853 calamitates
1034 2816 1226 2856 sustinuit;
1270 2815 1348 2849 vita
1390 2814 1501 2849 cessit
1542 2826 1573 2848 a.
1612 2814 1702 2848 1579
1740 2814 1859 2856 (Edm.

43 2889 47 2895 ·
92 2879 222 2922 Hoqan
249 2877 283 2911 S.
311 2877 355 2918 J.⁷
382 2876 525 2911 Ibernia
551 2874 752 2919 ignauam,
780 2871 941 2906 Dublinii
969 2870 1070 2911 1880,
1100 2871 1142 2904 16
1169 2870 1225 2904 25.
1265 2869 1372 2912 Alph.
1401 2868 1616 2911 Bellesheim,
1644 2866 1860 2902 Geschichte

91 2931 154 2965 der
178 2930 431 2965 katholischen
456 2929 590 2964 Kirche
617 2928 653 2962 in
680 2927 801 2961 Irland
828 2926 870 2967 II,
898 2924 1017 2958 Mainz
1046 2924 1147 2964 1890,
1177 2922 1362 2957 188—189
1389 2922 1486 2966 236).

212 2985 225 3004 ³
254 2984 323 3019 Hic
348 2984 464 3018 frater
489 2982 729 3018 scholasticus
757 2981 788 3014 2.
816 2979 1033 3014 Novembris
1062 2977 1162 3018 1556,
1199 2988 1280 3011 cum
1311 2977 1363 3010 14.
1400 2987 1533 3010 annum
1560 2977 1695 3019 ageret,
1727 2974 1861 3008 Romae

92 3038 129 3072 in
155 3037 371 3073 Societatem
399 3036 580 3071 admissus
605 3037 703 3076 erat3
730 3034 765 3068 in
792 3032 904 3068 variis
931 3031 1057 3066 Italiae
1084 3030 1247 3074 collegiis
1274 3029 1416 3064 litteras
1442 3031 1478 3063 et
1503 3028 1763 3063 humanitatem
1790 3029 1861 3061 tra-

92 3092 234 3126 diderat
261 3091 366 3136 (Epp.
393 3091 516 3125 Nadal
541 3090 593 3124 III
619 3087 835 3130 509—510).

213 3147 226 3166 4
252 3145 308 3179 Fr.
336 3144 455 3178 Iacobi
482 3143 688 3183 Ernfelder;
716 3154 750 3176 v.
778 3152 887 3185 supra
914 3152 946 3184 p.
974 3139 1030 3173 86.

166 3209 190 3235 Β
201 3209 343 3235 raunsb
353 3216 367 3234 e
377 3215 479 3240 rger.
500 3206 613 3233 Canisii
632 3205 788 3240 Epistulae
809 3205 839 3231 et
858 3204 945 3230 Acta.
976 3202 1024 3228 VI.
1558 3195 1576 3228 7
