2044 3335
128 100 212 141 650
678 96 773 131 Mon.
803 96 894 131 1004
919 96 996 130 sive
1023 98 1085 130 ott.
1108 96 1175 139 (3).
1219 96 1321 130 1571.

126 213 308 248 Canisium
341 214 491 247 liberata
526 214 609 246 est‘?
662 212 759 246 Haec
794 212 860 245 etsi
891 223 970 245 cum
998 210 1163 246 Sacchini
1189 211 1361 245 relatione
1390 211 1490 254 (Can.
1517 211 1600 255 270)
1630 213 1791 257 componi
1818 224 1886 246 non

124 269 284 311 possunt,
312 278 391 300 cum
419 265 550 300 Ganisii
578 265 710 298 litteris
737 265 768 298 8.
788 264 923 309 Aprilis
950 264 1043 298 datis
1069 276 1139 298 non
1165 267 1336 309 pugnant,
1363 265 1470 298 immo
1496 276 1559 309 per
1585 276 1646 299 eas
1677 265 1886 299 confirman-

123 322 199 359 tur;
226 319 350 353 scribit
376 319 469 352 enim
489 317 531 351 de
550 317 654 351 Anna
676 318 865 351 Caucasias:
893 317 1003 359 „Cum
1021 317 1192 351 daemone
1211 317 1398 352 conflictus
1417 317 1528 352 multo
1546 318 1700 352 sustinet
1716 320 1886 363 tempore,

124 374 160 406 et
195 371 384 405 uisibiliter
419 370 517 404 illam
546 398 581 405 ..
602 398 609 405 .
637 370 786 404 infestat
821 370 1000 404 Daemon⁴‘
1031 371 1098 404 etc.
1129 370 1178 411 (V.
1206 382 1315 415 supra
1341 382 1374 415 p.
1401 371 1507 413 400):
1545 373 1581 405 et
1606 372 1780 414 Hoffaeus
1811 383 1887 416 pro-

122 424 287 458 vincialis
314 423 512 468 Oeniponte
539 424 571 456 5.
591 422 811 468 Septembris
839 423 930 458 1570
949 423 1101 466 Borgiae
1128 423 1289 457 *refertz
1319 423 1385 465 „Jn
1412 423 1514 457 domo
1540 422 1581 457 D.
1601 423 1712 469 Marcj
1731 424 1887 468 Fuggeri

122 489 201 511 raro
229 477 449 511 exorcismus
475 476 538 510 sed
557 476 719 510 occultus
745 476 918 511 habetur“
943 476 1119 519 (autogr.;
1147 475 1189 510 G.
1210 476 1273 521 Ep.
1292 476 1342 510 XI
1368 476 1392 510 f.
1413 477 1526 518 251³).
1561 477 1614 510 Ibi
1641 479 1760 511 autem
1781 477 1887 511 Bern-

123 530 227 564 husia
254 530 418 572 degebat.

242 581 418 626 Quidquid
445 582 590 616 tandem
618 583 676 623 sit,
702 583 904 617 Matthaeus
922 583 1090 616 Badera-3
1115 582 1149 616 S.
1170 582 1203 616 J.
1223 593 1316 616 anno
1345 582 1435 616 1614
1461 584 1626 623 testatur,
1657 583 1817 626 „Annam
1844 582 1888 617 ab

122 636 263 679 ingrato
290 635 430 680 hospite
466 635 666 676 liberatam,
707 635 928 670 Catholicam
955 635 1127 679 pietatem
1160 646 1200 668 ac
1235 634 1442 679 religionem
1471 635 1506 669 in
1540 647 1678 670 omnem
1715 635 1889 680 reliquam

122 689 232 722 vitam
261 688 552 723 constantissime
579 689 752 723 coluisse“
787 688 889 731 (Can.
916 689 1012 731 167).
1063 688 1197 722 Eadem
1224 688 1349 722 iisdem
1377 700 1488 733 paene
1516 688 1636 722 verbis
1661 688 1889 724 affirmantur

121 743 157 776 in
183 743 374 776 ²*2Historia
403 742 545 785 collegii
573 742 767 786 augustani
795 742 895 785 (Cod.
923 741 1073 784 friburg.
1105 741 1218 783 „Hist.
1246 741 1325 776 coll.
1353 742 1465 785 Aug.“
1496 754 1529 786 p.
1553 742 1627 785 49).

241 795 294 828 De
320 795 520 829 exorcismo
555 794 621 829 hoc
659 795 846 838 ottingano
881 806 945 828 suo
981 806 1090 835 more,
1125 794 1246 828 odiose
1282 794 1451 829 videlicet
1486 798 1522 828 et
1556 806 1683 839 parum
1712 797 1888 835 accurate,

121 847 247 882 scribit
273 849 427 882 Achilles
452 849 656 882 Pau-manaim
695 850 877 882 Gassarus
910 847 1071 881 medicus
1109 850 1335 891 augustanus
1372 847 1471 881 illius
1508 848 1679 892 temporis
1717 848 1888 892 aequalis.

124 900 209 935 Eius
236 901 347 935 verba
373 913 463 946 pono
490 901 644 946 primum
671 913 716 936 ex
739 901 952 943 „Annalium
971 901 1346 943 Augstburgensium“
1369 900 1533 945 exemplo
1557 902 1779 936 monacensi:
1811 901 1890 944 „Jn-

126 956 225 988 terea
242 955 396 998 petierat
414 967 459 988 ex
479 957 562 989 voto
580 957 723 989 ueteres
743 955 961 999 oenipontes,
981 954 1040 988 ubi
1059 954 1102 988 ab
1121 954 1269 998 antiquo
1287 954 1488 987 Marianum
1506 954 1640 989 idolum
1658 954 1891 999 pertinaciter

124 1007 262 1048 colitur,
290 1008 433 1042 Marcus
462 1007 650 1051 Fuggerus
680 1035 687 1041 .
708 1035 742 1042 ..
772 1019 850 1041 cum
880 1006 1018 1052 Sybilla
1045 1007 1230 1041 comitissa
1261 1006 1540 1041 Eberstainense
1570 1007 1731 1052 conjuge,
1759 1007 1892 1041 oblato—

124 1071 192 1104 que
227 1072 334 1094 aureo
370 1060 490 1101 calice,
525 1062 666 1095 Annam
692 1060 1004 1095 Bernhausensem
1032 1059 1402 1103 wirtembergensem
1437 1060 1595 1104 ipsorum
1629 1061 1892 1105 pedissequam,

125 1125 145 1147 a
171 1114 323 1158 septimo
351 1117 387 1148 et
413 1117 574 1148 extremo
600 1114 783 1148 daemonio
805 1115 901 1157 (nam
930 1113 1022 1158 domj
1047 1113 1121 1158 jam
1149 1113 1314 1158 preculis,
1338 1113 1495 1158 jejunijs,
1522 1113 1646 1148 multis
1672 1114 1892 1151 verberibus,

125 1169 161 1201 et
187 1167 386 1202 exorcismo
413 1179 478 1202 sex
505 1168 639 1213 ejectos
666 1167 856 1212 putabant)
885 1179 954 1211 quo
980 1167 1016 1200 in
1043 1169 1211 1201 octauum
1239 1178 1370 1201 annum
1408 1169 1503 1201 torta
1539 1167 1731 1209 ferebatur,
1759 1167 1892 1212 Canisij

128 1220 378 1265 Lojolanorum
405 1220 637 1265 provincialis
664 1221 916 1264 gubernatoris
942 1220 1090 1265 imperio
1116 1220 1304 1254 liberatam
1331 1220 1477 1254 tandem
1504 1232 1583 1254 esse
1605 1221 1776 1265 jactant.“
1827 1221 1892 1256 Ita.

125 1275 165 1307 ut
191 1273 275 1314 dixi,
304 1274 426 1308 Codex
456 1274 537 1316 „lat
560 1275 597 1308 1“ι
628 1274 864 1308 bibliothecae
890 1275 1011 1316 regiae
1037 1273 1271 1314 monacensis,
1299 1285 1332 1318 p.
1352 1274 1440 1309 596:
1469 1285 1632 1317 quocum,
1659 1274 1726 1308 hoc
1749 1273 1893 1317 quidem

125 1326 212 1367 loco,
240 1326 380 1360 omnino
407 1327 573 1371 congruit
599 1326 791 1361 Annalium
818 1326 926 1360 editio
953 1338 997 1360 ex
1026 1326 1152 1360 Codice
1179 1326 1336 1368 gothano
1362 1338 1383 1360 a
1409 1327 1614 1360 BIenclcenio
1640 1326 1737 1360 facta
1765 1326 1804 1369 (l.
1829 1326 1893 1360 c.I

128 1380 248 1423 1928).
292 1380 505 1425 Exemplum
523 1383 643 1415 autem
662 1391 847 1414 romanum
869 1379 967 1423 (olim
986 1379 1308 1423 heidelbergense),
1336 1379 1429 1424 quod
1448 1391 1468 1413 a
1487 1379 1644 1414 Gassaro
1671 1379 1894 1422 recognitum

127 1445 206 1468 esse
234 1434 386 1475 videtur,
416 1434 506 1468 haec
542 1433 668 1468 habet:
709 1433 870 1475 „Interea
905 1433 1088 1477 profectus
1123 1433 1166 1466 ad
1194 1435 1336 1466 veteres
1363 1431 1453 1466 Oeni
1480 1435 1607 1477 pontes
1642 1433 1677 1466 in
1704 1432 1883 1467 Boiariam

127 1487 171 1520 ad
197 1487 399 1521 Marianum
425 1487 571 1528 idolum,
598 1498 644 1521 ex
670 1489 753 1520 voto
780 1486 849 1520 fuit
874 1487 1020 1520 Marcus
1045 1486 1243 1529 Fuggerus,
1271 1485 1431 1520 ciuitatis
1456 1487 1601 1520 nostrae
1637 1497 1789 1520 arcanus
1815 1497 1895 1520 con-

127 1540 295 1582 siliarius,
333 1552 413 1575 cum
441 1540 566 1574 Sibilla
600 1540 783 1574 comitissa
810 1540 1087 1574 Eberstainense
1123 1539 1292 1582 coniuge:
1328 1538 1399 1573 Vbi
1434 1539 1591 1583 peractis
1617 1539 1810 1584 Papisticis
1836 1551 1894 1573 ex-

127 1594 362 1638 piationibus,
408 1596 506 1636 XXIJ
543 1596 578 1627 et
616 1596 789 1637 sequente
828 1593 983 1637 Januarij
1024 1592 1164 1633 diebus,
1201 1595 1340 1626 Annam
1377 1604 1397 1626 a
1431 1592 1661 1634 Bernhausa,
1699 1592 1895 1626 Vuirttem-

128 1647 350 1690 bergensem,
378 1647 536 1691 ipsorum
563 1647 825 1691 pedissequam,
862 1658 882 1680 a
908 1646 1060 1691 septimo
1088 1649 1124 1680 et
1150 1648 1311 1680 extremo
1348 1645 1533 1679 daemonio
1562 1646 1659 1688 (nam
1695 1645 1789 1680 domi
1823 1646 1895 1680 iam

128 1700 294 1745 preculis,
321 1700 464 1745 ieiunijs
493 1703 528 1734 et
545 1700 708 1745 plurimis
727 1700 937 1734 verberibus
952 1701 962 1720 ¹
988 1711 1052 1734 sex
1071 1699 1277 1742 eiecerant.)
1307 1710 1376 1743 quo
1403 1699 1438 1732 in
1457 1702 1623 1733 octauum
1642 1710 1774 1733 annum
1800 1701 1896 1733 torta

128 1753 320 1795 ferebatur,
348 1753 481 1799 Canisij
511 1753 760 1788 Loiolanorum
789 1752 1018 1798 prouincialis
1045 1752 1307 1796 gubernatoris,
1334 1752 1543 1797 praestigijs
1569 1752 1792 1797 impijssimis
1817 1755 1893 1786 tan-

129 1807 208 1840 dem
235 1807 422 1841 liberatam
450 1819 529 1841 esse
556 1807 711 1841 iactant²
746 1807 846 1850 (God.
877 1806 974 1848 „PaL
1001 1806 1063 1840 lat.
1091 1805 1178 1840 913“
1211 1817 1242 1850 p.
1271 1805 1349 1846 582,
1376 1806 1413 1839 in
1448 1805 1665 1839 bibliotheca
1697 1805 1893 1849 vaticana).

128 1859 252 1904 Neque
278 1872 363 1893 vero
391 1860 556 1894 Canisius
583 1872 622 1894 eo
649 1863 810 1905 tempore
836 1859 1068 1905 provincialis
1095 1861 1172 1893 erat
1201 1859 1252 1903 (v,
1277 1870 1386 1903 supra
1412 1870 1444 1903 p.
1464 1858 1562 1902 309).

246 1914 383 1947 Paulus
408 1925 472 1947 von·
501 1915 629 1948 Scetten
662 1914 761 1948 urbis
793 1916 1018 1956 augustanae
1053 1912 1246 1946 historicus
1282 1912 1471 1956 posterior,
1507 1913 1543 1945 in
1578 1911 1673 1946 facto
1709 1912 1894 1955 ottingano

126 1966 302 2000 narrando
323 1967 579 2010 Eisengreinio,
607 1966 757 2006 Radero,
784 1966 968 2008 Sacchino,
995 1966 1148 2009 Irsingio
1174 1965 1350 2009 neglectis
1376 1977 1485 1999 unum
1511 1964 1707 1999 Gassarum
1733 1966 1896 2010 sequitur

128 2019 165 2063 (l.
193 2031 222 2054 c.
250 2031 281 2064 p.
309 2020 525 2062 590-591).
562 2020 693 2053 Mirum
720 2031 861 2064 quoque
887 2022 952 2060 est,
980 2030 1087 2063 quam
1114 2021 1249 2052 temere
1282 2030 1356 2052 rem
1383 2020 1504 2052 narret
1533 2020 1576 2052 A.
1605 2020 1780 2053 Stauber:
1811 2019 1894 2061 „Als

130 2074 220 2107 1570
247 2073 309 2107 der
335 2073 455 2107 Jesuit
480 2073 611 2107 Petrus
639 2072 805 2106 Canisius
841 2084 906 2106 aus
937 2073 1034 2106 einer
1061 2072 1170 2114 Magd
1206 2072 1268 2105 des
1294 2071 1454 2112 Markus,
1490 2072 1594 2106 Anna
1621 2071 1895 2109 Bernhauserin,

126 2126 246 2160 sieben
274 2126 401 2160 Teufel
428 2125 598 2167 austrieb,
626 2126 767 2159 machte
803 2125 878 2160 dies
913 2125 978 2159 auf
1008 2125 1075 2159 den
1102 2125 1277 2159 frommen
1304 2125 1411 2158 Mann
1447 2124 1666 2168 gewaltigen
1693 2124 1894 2163 Eindruck;

126 2191 206 2213 zum
242 2179 368 2213 Danke
403 2179 645 2213 wallfahrtete
682 2190 719 2212 er
753 2178 819 2212 mit
855 2178 972 2213 seiner
1007 2178 1196 2213 Gemahlin
1231 2177 1321 2212 nach
1357 2177 1555 2221 Altotting,
1591 2190 1654 2212 zur
1688 2178 1894 2212 schwarzen

126 2233 263 2267 Mutter
290 2232 429 2274 Gottes,
465 2233 527 2266 der
554 2244 592 2266 er
618 2233 721 2266 einen
747 2232 941 2266 kostbaren
969 2232 1143 2276 goldenen
1170 2232 1285 2266 Kelch
1311 2231 1460 2265 weihte‘
1492 2231 1610 2274 (Haus
1627 2232 1772 2275 Fugger
1800 2231 1896 2274 128).

127 2287 379 2320 Hartmannus
404 2298 489 2320 vero
516 2286 551 2319 in
583 2285 797 2328 „Chronico“
830 2288 1032 2330 augustano
1058 2297 1132 2320 rem
1160 2285 1303 2319 silentio
1329 2285 1423 2319 texit
1450 2284 1511 2327 (cf.
1538 2296 1647 2329 supra
1673 2296 1706 2330 p.
1734 2285 1830 2328 220).

131 2417 273 2454 1004
298 2420 374 2454 sive
403 2419 501 2455 ott.
523 2418 623 2464 (3).
666 2417 748 2454 1571.

247 2481 299 2513 De
327 2481 479 2522 imayt'ne
505 2480 547 2513 B.
575 2480 719 2513 Mariae
745 2480 781 2512 V.
811 2480 847 2512 in
876 2490 993 2522 parvo
1030 2480 1175 2523 „Altari
1213 2477 1430 2512 Canisiano“
1462 2479 1579 2521 posita
1615 2483 1645 2510 et
1678 2478 1719 2510 de
1756 2478 1896 2520 „calice

132 2531 362 2575 Canisiano‘ss
389 2544 477 2576 quae
507 2533 668 2575 Ottz'nycte
694 2533 825 2565 Veteris
852 2537 1091 2566 asservantur.

248 2592 278 2625 1.
306 2593 491 2625 Martinus
509 2593 719 2635 Eisenyrein
738 2591 964 2636 praepositus
984 2591 1193 2634 ottinganus
1211 2602 1242 2625 a.
1264 2591 1351 2625 1571
1373 2590 1600 2629 exorcismos,
1627 2589 1756 2633 quibus
1774 2601 1896 2623 mense

127 2643 292 2677 Ianuario
319 2656 349 2678 a.
381 2645 470 2679 1570
506 2645 541 2678 in
567 2645 700 2679 sacello
728 2645 861 2678 Beatae
888 2644 1024 2678 Mariae
1051 2644 1212 2687 Virginis
1238 2644 1424 2687 ottingano
1453 2644 1556 2677 Anna
1595 2643 1637 2676 de
1662 2642 1895 2676 Bernh‘ausen

128 2708 191 2740 per
219 2697 400 2731 Canisium
428 2709 448 2731 a
475 2698 646 2732 daemone
672 2699 788 2742 ipsam
815 2697 1000 2732 obsidente
1027 2697 1179 2731 liberata
1205 2699 1271 2739 est,
1299 2708 1470 2730 enarrans
1496 2696 1672 2730 affirmat:
1699 2696 1733 2730 S.
1760 2696 1895 2729 Mariae

128 2750 246 2793 imago
273 2751 419 2794 antiqua
447 2754 482 2784 et
508 2751 638 2794 lignea,
665 2762 755 2795 quae
782 2751 899 2785 adhuc
930 2751 965 2784 in
992 2750 1125 2785 sacello
1151 2750 1212 2784 illo
1249 2751 1369 2784 exstat
1398 2749 1591 2793 („hanget“
1608 2750 1649 2793 2),
1677 2761 1697 2782 a
1723 2751 1824 2792 tergo
1851 2749 1894 2782 ad

131 2802 268 2846 puellae
297 2807 404 2847 caput
431 2804 572 2838 admota
598 2803 633 2837 in
661 2815 772 2848 eoque
799 2806 1004 2838 sustentata
1031 2805 1085 2838 est
1114 2803 1228 2845 („auff
1251 2803 1317 2837 den
1337 2802 1445 2847 Kopff
1468 2801 1697 2846 gehalten“);
1726 2814 1759 2836 v.
1785 2813 1896 2846 supra

130 2866 164 2899 p.
193 2855 271 2889 644.
324 2855 545 2899 Quamquam
574 2859 705 2897 autem,
742 2857 821 2901 quis
856 2857 891 2891 id
927 2857 1064 2898 fecerit,
1100 2857 1143 2890 ab
1170 2856 1418 2899 Eisengreinio
1452 2867 1522 2889 non
1557 2855 1697 2895 dicitur,
1733 2867 1777 2888 ex
1807 2854 1895 2899 ipsis

253 2972 261 2991 ¹
289 2971 410 3006 Socios
438 2973 645 3008 verberibus
672 2986 756 3008 usos
782 2986 861 3009 esse
888 2975 983 3009 credi
1010 2987 1080 3008 non
1106 2977 1243 3019 potest;
1271 2986 1306 3009 v.
1333 2985 1442 3018 supra
1467 2985 1500 3018 p.
1520 2973 1604 3007 346⁵
1629 2972 1708 3007 403.

250 3025 263 3044 ‘2
289 3025 434 3067 Hanget
453 3040 495 3054 Ξ
515 3029 645 3067 manet,
682 3029 890 3062 asservatur
928 3029 1085 3070 (Grimm
1112 3027 1134 3061 l.
1162 3039 1190 3061 c.
1218 3027 1285 3061 1V2
1309 3027 1379 3061 446
1405 3027 1503 3069 447).
1540 3037 1584 3059 an
1618 3037 1793 3070 suspensa
1829 3027 1893 3065 est,

130 3077 262 3123 pendet
273 3078 291 3110 ἱ)
342 3077 487 3110 Poterat
514 3083 610 3112 certe
637 3079 697 3113 illa
723 3080 890 3114 lucernae
917 3081 1031 3114 instar
1058 3091 1137 3114 esse
1163 3091 1348 3124 suspensa.
