2044 3335
745 88 890 132 Dilinga
915 89 971 123 27.
991 88 1147 122 Ianuarii
1168 89 1268 122 1571.
1802 91 1885 131 427

121 204 323 259 perennis
355 205 562 247 bonorum
595 204 692 246 fons
727 208 793 247 est
815 207 1017 257 omnium,
1051 206 1131 248 hoc
1162 205 1335 247 nomine
1358 204 1525 258 gratias
1556 204 1758 258 ingentes
1790 219 1889 258 ago,

121 270 233 323 quod
266 269 477 324 superiori
500 269 678 312 editioni
711 271 835 312 simul
871 274 915 313 et
937 271 1221 324 recognitioni
1249 271 1456 312 maiorem
1481 269 1621 311 adhuc
1644 283 1891 312 successum

121 334 335 383 tribuerit,
379 348 508 388 quam
550 348 630 388 ego
672 336 741 376 uel
774 338 938 389 optare,
982 336 1050 377 uel
1089 337 1325 388 expectare
1358 349 1488 376 ausus
1520 334 1713 377 fuissem.
1777 334 1892 376 Nam

121 404 165 442 et
205 399 452 453 Principum
493 400 780 442 maximorum
822 400 984 451 edicta,
1030 404 1074 443 et
1117 399 1464 441 doctissimorum
1506 399 1724 441 hominum
1766 399 1893 442 testi-

120 464 264 506 monia
279 467 305 515 ¹,
340 468 385 508 et
415 464 719 519 primariorum
749 466 1083 518 Gymnasiorum
1116 464 1374 515 sententiae,
1409 467 1453 506 et
1485 465 1767 518 plurimorum
1799 466 1892 506 tum

121 530 467 580 domesticorum,
510 534 600 572 tum
644 533 923 572 externorum
966 529 1174 583 suffragia
1215 543 1346 583 saepe
1387 530 1657 582 multumque
1697 529 1894 572 declara-

120 597 291 646 uerunt,
334 595 414 636 sibi
447 595 688 637 doctrinam
721 595 847 636 huius
879 595 977 637 libri
1011 594 1268 637 catholicam
1308 596 1351 635 et
1384 593 1669 636 orthodoxam
1704 594 1893 649 probari,

119 661 340 713 talemque
380 660 517 702 uideri
550 660 882 710 Catechismum,
926 660 996 713 qui
1038 662 1129 701 tum
1173 659 1227 700 ad
1272 659 1532 708 docendum,
1575 662 1668 700 tum
1711 660 1764 701 ad
1809 659 1895 700 dis-

121 725 315 766 0010101οι
336 725 379 766 in
406 725 580 779 templis
613 727 657 767 et
679 725 839 767 scholis
862 727 978 767 esset
1001 723 1364 773 accommodatus,
1400 723 1675 776 omniumque
1697 725 1896 766 manibus

119 790 287 832 utiliter
328 791 616 840 euolueretur,
660 793 704 832 et
744 789 905 831 idcirco
946 790 990 831 in
1033 789 1177 831 uarias
1220 788 1352 831 etiam
1394 788 1566 841 linguas
1608 803 1692 830 non
1730 791 1896 831 temere

121 857 450 898 conuerteretur
463 857 491 897 2.
536 855 655 904 Quae
676 855 800 897 nobis
822 855 1045 909 praesenti
1066 855 1160 896 loco
1184 853 1398 904 dicuntur,
1433 867 1518 895 non
1551 857 1598 896 ut
1630 853 1712 907 ipsi
1745 857 1897 896 nostra

120 920 344 971 iactamus,
379 921 492 973 quod
525 923 593 962 est
624 920 668 961 in
701 920 850 974 primis
883 920 1091 970 odiosum,
1126 933 1266 972 neque
1299 921 1347 961 ut
1379 918 1599 960 hominum
1632 918 1828 961 fauorem
1853 922 1896 961 et

121 985 310 1039 gratiam
341 985 384 1027 in
417 986 497 1027 hoc
529 999 689 1038 genere
721 986 789 1026 uel
825 999 1102 1040 aucupemur,
1137 985 1207 1026 uel
1240 983 1616 1038 magnifaciamus,
1651 984 1694 1025 id
1727 984 1840 1037 quod
1871 998 1896 1026 a

122 1050 194 1105 pia
226 1050 505 1104 simplicitate
533 1050 726 1092 ducimus
751 1050 961 1092 alienum:
996 1050 1072 1092 sed
1105 1049 1218 1103 quod
1250 1052 1524 1103 praesentem
1559 1049 1760 1092 ueritatis
1794 1063 1896 1091 000-

121 1115 352 1157 fessionem
396 1130 422 1157 a
465 1116 588 1157 nobis
637 1115 855 1169 exprimat
898 1119 1030 1169 atque
1078 1115 1186 1157 adeo
1235 1117 1497 1168 extorqueat
1545 1114 1895 1157 aduersariorum

120 1181 439 1231 maledicentia,
474 1184 523 1223 ut
555 1181 598 1222 id
631 1181 743 1233 quod
777 1195 847 1222 res
880 1185 959 1230 est,
995 1181 1194 1234 quodque
1226 1179 1396 1234 publice
1430 1183 1617 1231 constat,
1651 1180 1694 1221 id
1727 1180 1780 1222 ad
1814 1180 1895 1222 Dei

121 1246 303 1299 gloriam
345 1260 429 1288 non
472 1246 687 1300 possimus
728 1260 813 1287 non
854 1246 1064 1300 proferre,
1108 1246 1339 1300 palamque
1380 1245 1587 1300 profiteri.
1651 1245 1744 1288 Nec
1778 1245 1893 1287 enim

119 1311 384 1364 ignoramus,
428 1325 555 1365 quam
597 1312 687 1354 late
724 1314 890 1365 pateat,
935 1313 1229 1364 quantamque
1263 1311 1459 1353 obtineat
1491 1311 1577 1352 uim
1611 1313 1894 1365 praeceptum

119 1376 225 1418 illud
259 1376 571 1431 Apostolicum,
617 1391 698 1430 quo
731 1377 851 1419 iubet
885 1377 1059 1427 Paulus,
1102 1376 1323 1418 doctorem
1357 1376 1713 1418 Ecclesiasticum
1755 1377 1894 1418 bono

120 1455 217 1483 esse
249 1442 608 1484 testimonio3
642 1443 1003 1492 commendatum,
1038 1456 1248 1495 suamque
1281 1442 1442 1483 famam
1476 1442 1528 1484 ob
1557 1442 1736 1484 docendi
1769 1441 1895 1483 mini-

119 1506 301 1549 sterium
335 1509 378 1549 et
411 1507 705 1549 Ecclesiae
739 1507 1247 1558 aedificationem4,
1282 1521 1365 1560 quo
1400 1507 1454 1548 ad
1486 1507 1578 1549 eius
1610 1507 1703 1549 fieri
1734 1510 1894 1561 potest,

119 1571 335 1625 integram
379 1586 651 1615 conseruare.
716 1572 803 1614 Vix
845 1575 991 1614 autem
1032 1573 1103 1614 uel
1144 1586 1224 1626 ego
1270 1572 1416 1614 uerbis
1460 1572 1664 1626 consequi
1708 1586 1894 1627 possem,

121 1637 190 1679 uel
223 1637 333 1679 alius
366 1638 592 1691 quisquam
620 1638 810 1689 credere,
846 1651 973 1690 qnam
1008 1638 1222 1680 uirolento
1255 1637 1399 1680 studio
1433 1652 1575 1679 meum
1607 1638 1688 1680 hoc
1721 1638 1896 1681 institu-

120 1705 212 1745 tum
246 1703 540 1757 oppugnarint
579 1703 655 1754 illi,
699 1703 768 1757 qui
808 1704 889 1745 hac
921 1705 1069 1745 aetate
1111 1703 1280 1756 quiduis
1322 1703 1479 1757 potius,
1523 1717 1652 1756 quam
1685 1703 1897 1745 Catholici

120 1771 164 1810 et
205 1767 288 1810 dici
330 1772 373 1811 et
415 1782 510 1811 esse
551 1769 831 1811 contendunt.
901 1768 1063 1818 Quibus
1104 1768 1217 1810 enim
1259 1768 1486 1823 calumnijs
1528 1772 1572 1811 et
1613 1772 1808 1812 autorem
1853 1771 1897 1811 et

121 1847 228 1888 opus
260 1848 345 1875 non
368 1838 635 1877 onerarunt?
668 1836 774 1888 quot
806 1833 926 1875 libris
952 1834 1068 1877 ultro
1102 1834 1296 1888 citroque
1329 1834 1586 1889 conscriptis
1618 1834 1731 1876 hunc
1763 1848 1895 1876 unum

120 1899 439 1941 Catechismum
481 1914 565 1942 non
607 1904 708 1942 sunt
749 1899 1098 1954 petulantissime
1130 1899 1394 1942 insectati?5
1426 1899 1531 1941 nihil
1564 1903 1612 1942 ut
1644 1899 1729 1941 illis
1762 1899 1897 1941 mole-

120 1964 231 2007 stius
264 1964 459 2007 accidere
491 1965 705 2016 uideatur,
749 1979 877 2018 quam
921 1965 1034 2018 quod
1074 1968 1258 2007 cernant
1289 1966 1360 2007 uel
1401 1965 1539 2014 inuiti,
1584 1979 1638 2007 ex
1680 1965 1762 2007 hac
1802 1964 1898 2019 ipsa

121 2029 394 2073 institutione
427 2045 550 2073 suum
583 2031 651 2073 lac
684 2030 884 2085 praeberi
916 2030 1110 2085 paruulis
1143 2031 1368 2073 Ecclesiae
1381 2031 1409 2081 ss,
1444 2034 1490 2073 et
1522 2031 1602 2072 hoc
1635 2030 1899 2072 1101015011Γὶ-

122 2095 292 2138 stianae
326 2096 550 2138 doctrinae
581 2096 834 2151 compendio
868 2098 913 2138 et
946 2098 1254 2150 praeceptores
1286 2097 1545 2150 plaerosque
1576 2096 1702 2138 simul
1737 2098 1781 2138 et
1813 2096 1900 2137 dis-

246 2233 254 2251 ¹
281 2230 373 2264 Vide
403 2232 490 2265 Can.
521 2231 535 2264 l
563 2231 769 2271 753—754;
807 2231 857 2265 111
886 2232 952 2266 ’787
982 2231 1049 2265 789
1077 2232 1164 2271 79ος
1200 2232 1250 2266 IV
1278 2231 1345 2266 727
1376 2231 1485 2271 1006;
1514 2231 1547 2265 V
1567 2232 1634 2267 799
1662 2231 1726 2266 801
1759 2231 1838 2271 825,
1867 2234 1902 2264 et

123 2295 234 2329 supra
260 2296 294 2329 p.
315 2284 393 2325 323,
421 2286 458 2318 et
483 2284 588 2325 infra,
615 2297 705 2319 mon.
733 2285 803 2320 litt.
830 2285 881 2329 (6)
914 2286 966 2328 (9)
998 2285 1074 2328 (10)
1108 2286 1184 2329 (29)
1217 2285 1294 2329 (35)
1324 2285 1416 2329 (49).

244 2339 257 2358 ‘²
283 2337 421 2372 Versus
440 2340 518 2372 erat
536 2350 580 2372 ex
599 2349 762 2372 sermone
781 2338 893 2373 latino
912 2339 946 2372 in
967 2339 1160 2382 anglicum,
1179 2338 1361 2381 gallicum,
1386 2338 1642 2382 germanicum,
1660 2337 1899 2382 hispanicum.

125 2391 375 2434 hungaricam,
402 2391 574 2432 italicum,
601 2392 815 2436 polonicum,
842 2392 1058 2432 vlamicum5
1087 2393 1131 2426 cf.
1163 2393 1249 2427 Can.
1272 2393 1284 2426 1
1313 2393 1416 2432 64Ο3;
1445 2392 1478 2425 11
1505 2392 1608 2427 606⁴:
1638 2391 1688 2424 111
1716 2391 1784 2426 788
1812 2391 1900 2433 789;

124 2445 174 2478 IV
202 2445 293 2480 1006
323 2445 432 2485 1010;
460 2445 492 2478 V
518 2445 587 2479 476
615 2445 804 2480 800—802
831 2446 910 2485 822,
939 2448 974 2479 et
1000 2445 1104 2486 infra,
1132 2457 1225 2479 mon.
1253 2445 1322 2479 litt.
1352 2445 1405 2489 (8)
1437 2445 1513 2489 (15)
1547 2444 1622 2488 (24)
1654 2444 1745 2488 (37).

247 2500 258 2517 ⁵³
288 2500 304 2532 1
325 2498 403 2532 Tim
432 2499 463 2539 3,
483 2499 514 2533 7.
663 2500 674 2518 ⁴
705 2500 719 2533 1
743 2498 811 2532 001·
831 2500 885 2540 14,
905 2499 968 2539 12;
997 2499 1042 2533 cf.
1062 2499 1152 2532 Rom
1174 2499 1227 2539 15,
1247 2500 1268 2532 2
1296 2501 1364 2533 etc.

245 2554 257 2572 ⁵
285 2551 469 2586 Canisium
504 2552 677 2586 scientem
714 2555 838 2586 contra
870 2552 1099 2586 manifestam
1126 2552 1319 2586 veritatem
1346 2551 1479 2585 bellum
1507 2563 1644 2595 gerere,
1680 2550 1899 2586 catechismo

124 2617 188 2639 suo
215 2606 354 2643 animas
381 2606 553 2647 occidere,
572 2605 700 2640 Turcis
726 2606 824 2640 viam
850 2617 988 2650 parare,
1018 2604 1150 2639 Christi
1179 2605 1473 2639 intercessionem
1501 2604 1653 2646 abolere,
1682 2604 1759 2638 eius
1785 2605 1898 2650 passi-

124 2670 225 2693 onem
252 2659 391 2693 irritam
419 2659 573 2699 efficere,
600 2659 759 2703 lapidum
787 2659 1030 2693 adorationem
1060 2659 1321 2699 commendare,
1349 2658 1549 2692 doctrinam
1575 2658 1618 2692 de
1644 2657 1899 2692 iustificatione

124 2713 283 2757 proferre
310 2712 492 2746 ethnicam
519 2714 586 2747 etc.
606 2713 837 2747 affirmabant
863 2712 1019 2746 ministri
1045 2712 1227 2746 lutherani
1254 2711 1564 2752 mansfeldienses,
1591 2711 1899 2756 megalopolitam,

124 2766 302 2800 ruthenici
324 2765 471 2810 (Reuss),
497 2766 649 2801 Iacobus
675 2766 851 2807 Andreae,
879 2766 1058 2799 Martinus
1087 2765 1322 2805 Chemnitius,
1348 2764 1526 2799 Matthias
1552 2764 1695 2799 Flacius
1721 2765 1900 2810 Illyricas,

125 2819 295 2854 Nicolaus
323 2819 461 2861 Gallus,
489 2820 640 2854 Ioannes
667 2819 876 2865 Gnypheus,
904 2819 1138 2853 Tilemannus
1165 2818 1377 2860 Heshusius,
1414 2818 1604 2863 Philippus
1630 2818 1900 2859 Melanchthon,

125 2872 241 2907 Lucas
260 2872 448 2914 Osiander,
475 2872 606 2907 Petrus
624 2873 761 2907 Paulus
773 2872 981 2915 Vergerius,
1006 2872 1158 2906 loannes
1170 2871 1386 2915 VVigandus,
1405 2871 1557 2905 Ioannes
1575 2872 1724 2915 Zanger,
1742 2871 1901 2915 theologi

125 2928 368 2970 protestantes
390 2926 625 2971 (quamquam
650 2938 719 2960 non
747 2926 881 2968 singuli
909 2936 950 2959 ea
969 2925 1087 2959 omnia
1106 2925 1310 2969 dicebant):
1340 2938 1373 2960 V.
1397 2926 1482 2959 Ccm.
1504 2925 1517 2959 1
1538 2925 1625 2965 605;
1654 2925 1686 2959 11
1711 2926 1898 2960 800-801

124 2979 332 3020 915-918ς
359 2979 411 3013 111
437 2979 505 3014 806
532 2980 600 3014 809
628 2980 713 3020 811;
741 2979 790 3013 IV
810 2979 997 3014 998—999
1028 2978 1259 3013 1020-1021
1292 2978 1547 3014 1025—1027:
1575 2978 1607 3012 V
1627 2979 1668 3013 91
1700 2979 1899 3019 795-797,

125 3034 161 3066 et
186 3032 291 3073 infra,
318 3044 411 3066 mon.
438 3032 507 3067 litt.
536 3034 588 3076 (2)
619 3033 672 3077 (9)
704 3032 781 3076 (20)
813 3032 888 3076 (21)
919 3033 995 3075 (34)
1028 3032 1104 3075 (39)
1138 3032 1227 3075 (41).

246 3086 258 3105 ‘⁵
285 3085 338 3119 Cf.
369 3087 383 3120 1
407 3085 475 3119 Cor
501 3086 569 3127 3,1
599 3086 638 3125 2;
667 3086 765 3120 Hebr
792 3087 822 3126 5,
845 3085 961 3119 1213.
