<?xml version="1.0" encoding="UTF-8"?>
<!DOCTYPE html PUBLIC "-//W3C//DTD XHTML 1.0 Transitional//EN"
    "http://www.w3.org/TR/xhtml1/DTD/xhtml1-transitional.dtd">
<html xmlns="http://www.w3.org/1999/xhtml" xml:lang="en" lang="en">
 <head>
  <title>
</title>
<meta http-equiv="Content-Type" content="text/html;charset=utf-8" />
  <meta name='ocr-system' content='tesseract 3.04.00' />
  <meta name='ocr-capabilities' content='ocr_page ocr_carea ocr_par ocr_line ocrx_word'/>
</head>
<body>
  <div class='ocr_page' id='page_1' title='image "beatipetricanisi06cani_0600.png"; bbox 0 0 2044 3335; ppageno 0'>
   <div class='ocr_carea' id='block_1_1' title="bbox 126 92 1662 139">
    <p class='ocr_par' dir='ltr' id='par_1_1' title="bbox 126 92 1662 139">
     <span class='ocr_line' id='line_1_1' title="bbox 126 92 1662 139; baseline -0.002 -9"><span class='ocrx_word' id='word_1_1' title='bbox 126 98 211 139; x_wconf 84' lang='lat'>526</span> <span class='ocrx_word' id='word_1_2' title='bbox 342 95 438 129; x_wconf 91' lang='lat' dir='ltr'>Mon.</span> <span class='ocrx_word' id='word_1_3' title='bbox 466 95 532 129; x_wconf 87' lang='grc'>921</span> <span class='ocrx_word' id='word_1_4' title='bbox 561 94 638 128; x_wconf 88' lang='lat' dir='ltr'>sive</span> <span class='ocrx_word' id='word_1_5' title='bbox 664 105 746 137; x_wconf 85' lang='lat' dir='ltr'>aug.</span> <span class='ocrx_word' id='word_1_6' title='bbox 767 93 804 136; x_wconf 92' lang='lat' dir='ltr'>(b</span> <span class='ocrx_word' id='word_1_7' title='bbox 817 93 866 136; x_wconf 88' lang='lat'>3).</span> <span class='ocrx_word' id='word_1_8' title='bbox 909 92 941 126; x_wconf 96' lang='lat' dir='ltr'>A</span> <span class='ocrx_word' id='word_1_9' title='bbox 967 92 1024 127; x_wconf 86' lang='lat'>20.</span> <span class='ocrx_word' id='word_1_10' title='bbox 1042 92 1227 127; x_wconf 81' lang='lat' dir='ltr'><strong>Februarii</strong></span> <span class='ocrx_word' id='word_1_11' title='bbox 1253 92 1296 127; x_wconf 88' lang='lat' dir='ltr'>ad</span> <span class='ocrx_word' id='word_1_12' title='bbox 1326 93 1380 127; x_wconf 83' lang='lat'>17.</span> <span class='ocrx_word' id='word_1_13' title='bbox 1398 92 1533 138; x_wconf 83' lang='lat' dir='ltr'>Aprilis</span> <span class='ocrx_word' id='word_1_14' title='bbox 1562 92 1662 127; x_wconf 84' lang='lat'>1569.</span> 
     </span>
    </p>
   </div>
   <div class='ocr_carea' id='block_1_2' title="bbox 120 207 1897 2540">
    <p class='ocr_par' dir='ltr' id='par_1_2' title="bbox 122 207 1887 468">
     <span class='ocr_line' id='line_1_2' title="bbox 247 207 1885 254; baseline -0.002 -9"><span class='ocrx_word' id='word_1_15' title='bbox 247 210 452 254; x_wconf 88' lang='lat' dir='ltr'>„Dominica</span> <span class='ocrx_word' id='word_1_16' title='bbox 470 209 639 243; x_wconf 84' lang='lat' dir='ltr'>Laetare“</span> <span class='ocrx_word' id='word_1_17' title='bbox 670 208 748 243; x_wconf 90' lang='lat' dir='ltr'>sive</span> <span class='ocrx_word' id='word_1_18' title='bbox 766 207 828 243; x_wconf 91' lang='lat' dir='ltr'>IV.</span> <span class='ocrx_word' id='word_1_19' title='bbox 848 207 1152 251; x_wconf 84' lang='lat' dir='ltr'>Quadragesimae</span> <span class='ocrx_word' id='word_1_20' title='bbox 1180 207 1253 251; x_wconf 90' lang='grc'>(20.</span> <span class='ocrx_word' id='word_1_21' title='bbox 1271 207 1423 251; x_wconf 91' lang='lat' dir='ltr'>Martii).</span> <span class='ocrx_word' id='word_1_22' title='bbox 1470 207 1616 251; x_wconf 82' lang='lat' dir='ltr'>„Dicam</span> <span class='ocrx_word' id='word_1_23' title='bbox 1645 208 1680 243; x_wconf 82' lang='grc' dir='ltr'>1ο</span> <span class='ocrx_word' id='word_1_24' title='bbox 1711 207 1885 252; x_wconf 88' lang='lat' dir='ltr'>quomodo</span> 
     </span>
     <span class='ocr_line' id='line_1_3' title="bbox 122 260 1887 308; baseline -0.002 -9"><span class='ocrx_word' id='word_1_25' title='bbox 122 264 371 308; x_wconf 87' lang='lat' dir='ltr'>Euangelium,</span> <span class='ocrx_word' id='word_1_26' title='bbox 397 273 565 305; x_wconf 87' lang='lat' dir='ltr'>magnam</span> <span class='ocrx_word' id='word_1_27' title='bbox 592 261 676 296; x_wconf 64' lang='lat' dir='ltr'>det*</span> <span class='ocrx_word' id='word_1_28' title='bbox 699 261 801 296; x_wconf 89' lang='lat' dir='ltr'>nobis</span> <span class='ocrx_word' id='word_1_29' title='bbox 819 260 1097 296; x_wconf 80' lang='lat' dir='ltr'>consolationem</span> <span class='ocrx_word' id='word_1_30' title='bbox 1123 262 1283 306; x_wconf 90' lang='lat' dir='ltr'>tempore</span> <span class='ocrx_word' id='word_1_31' title='bbox 1308 261 1550 296; x_wconf 76' lang='lat' dir='ltr'>tribulationis</span> <span class='ocrx_word' id='word_1_32' title='bbox 1577 263 1613 295; x_wconf 87' lang='lat' dir='ltr'>et</span> <span class='ocrx_word' id='word_1_33' title='bbox 1638 260 1887 296; x_wconf 80' lang='lat' dir='ltr'>neccessitatis</span> 
     </span>
     <span class='ocr_line' id='line_1_4' title="bbox 124 314 1887 362; baseline -0.002 -10"><span class='ocrx_word' id='word_1_34' title='bbox 124 316 320 362; x_wconf 88' lang='lat' dir='ltr'>corporalis</span> <span class='ocrx_word' id='word_1_35' title='bbox 347 317 383 349; x_wconf 90' lang='lat' dir='ltr'>et</span> <span class='ocrx_word' id='word_1_36' title='bbox 408 314 618 360; x_wconf 88' lang='lat' dir='ltr'>spiritualis,</span> <span class='ocrx_word' id='word_1_37' title='bbox 644 314 682 348; x_wconf 76' lang='grc' dir='ltr'>2Ο</span> <span class='ocrx_word' id='word_1_38' title='bbox 708 314 882 358; x_wconf 91' lang='lat' dir='ltr'>quomodo</span> <span class='ocrx_word' id='word_1_39' title='bbox 909 315 1083 359; x_wconf 78' lang='lat' dir='ltr'>proponat</span> <span class='ocrx_word' id='word_1_40' title='bbox 1108 314 1368 349; x_wconf 88' lang='lat' dir='ltr'>consideranda</span> <span class='ocrx_word' id='word_1_41' title='bbox 1401 314 1472 349; x_wconf 86' lang='lat' dir='ltr'>tria</span> <span class='ocrx_word' id='word_1_42' title='bbox 1497 325 1630 358; x_wconf 87' lang='lat' dir='ltr'>genera</span> <span class='ocrx_word' id='word_1_43' title='bbox 1653 324 1887 359; x_wconf 85' lang='lat' dir='ltr'>personarum</span> 
     </span>
     <span class='ocr_line' id='line_1_5' title="bbox 122 366 1887 415; baseline -0.002 -11"><span class='ocrx_word' id='word_1_44' title='bbox 122 374 158 404; x_wconf 90' lang='lat' dir='ltr'>et</span> <span class='ocrx_word' id='word_1_45' title='bbox 184 381 246 415; x_wconf 90' lang='lat' dir='ltr'>per</span> <span class='ocrx_word' id='word_1_46' title='bbox 272 380 313 403; x_wconf 87' lang='lat' dir='ltr'>ea</span> <span class='ocrx_word' id='word_1_47' title='bbox 339 368 627 409; x_wconf 69' lang='lat' dir='ltr'>commonstretb,</span> <span class='ocrx_word' id='word_1_48' title='bbox 654 367 817 410; x_wconf 87' lang='lat' dir='ltr'>formam,</span> <span class='ocrx_word' id='word_1_49' title='bbox 843 379 908 402; x_wconf 92' lang='lat' dir='ltr'>nos</span> <span class='ocrx_word' id='word_1_50' title='bbox 934 367 1183 412; x_wconf 84' lang='lat' dir='ltr'>praeparandi,</span> <span class='ocrx_word' id='word_1_51' title='bbox 1209 367 1255 402; x_wconf 89' lang='lat' dir='ltr'>ad</span> <span class='ocrx_word' id='word_1_52' title='bbox 1281 366 1422 402; x_wconf 85' lang='lat' dir='ltr'>Pascha</span> <span class='ocrx_word' id='word_1_53' title='bbox 1446 369 1488 402; x_wconf 89' lang='lat' dir='ltr'>ut</span> <span class='ocrx_word' id='word_1_54' title='bbox 1512 367 1607 402; x_wconf 91' lang='lat' dir='ltr'>cibet</span> <span class='ocrx_word' id='word_1_55' title='bbox 1631 378 1697 402; x_wconf 90' lang='lat' dir='ltr'>nos</span> <span class='ocrx_word' id='word_1_56' title='bbox 1723 366 1887 402; x_wconf 85' lang='lat' dir='ltr'>Christus</span> 
     </span>
     <span class='ocr_line' id='line_1_6' title="bbox 122 420 706 468; baseline -0.003 -11"><span class='ocrx_word' id='word_1_57' title='bbox 122 434 212 468; x_wconf 87' lang='lat' dir='ltr'>pane</span> <span class='ocrx_word' id='word_1_58' title='bbox 238 421 405 467; x_wconf 84' lang='lat' dir='ltr'>coelestj“</span> <span class='ocrx_word' id='word_1_59' title='bbox 438 420 477 465; x_wconf 90' lang='lat' dir='ltr'>(l.</span> <span class='ocrx_word' id='word_1_60' title='bbox 497 432 526 455; x_wconf 86' lang='lat' dir='ltr'>c.</span> <span class='ocrx_word' id='word_1_61' title='bbox 545 421 569 456; x_wconf 86' lang='lat' dir='ltr'>f.</span> <span class='ocrx_word' id='word_1_62' title='bbox 592 421 706 465; x_wconf 65' lang='lat'>11712).</span> 
     </span>
    </p>

    <p class='ocr_par' dir='ltr' id='par_1_3' title="bbox 121 472 1890 784">
     <span class='ocr_line' id='line_1_7' title="bbox 245 472 1885 518; baseline -0.001 -9"><span class='ocrx_word' id='word_1_63' title='bbox 245 474 376 517; x_wconf 83' lang='lat' dir='ltr'>„Serm‚</span> <span class='ocrx_word' id='word_1_64' title='bbox 402 485 528 509; x_wconf 89' lang='lat' dir='ltr'>nonus.</span> <span class='ocrx_word' id='word_1_65' title='bbox 571 473 623 508; x_wconf 93' lang='lat' dir='ltr'>De</span> <span class='ocrx_word' id='word_1_66' title='bbox 650 474 752 508; x_wconf 86' lang='lat' dir='ltr'>domo</span> <span class='ocrx_word' id='word_1_67' title='bbox 778 473 887 508; x_wconf 87' lang='lat' dir='ltr'>Pilati</span> <span class='ocrx_word' id='word_1_68' title='bbox 913 475 950 508; x_wconf 89' lang='lat' dir='ltr'>et</span> <span class='ocrx_word' id='word_1_69' title='bbox 975 473 1159 507; x_wconf 81' lang='lat' dir='ltr'>Herodis.“</span> <span class='ocrx_word' id='word_1_70' title='bbox 1209 473 1354 516; x_wconf 85' lang='lat' dir='ltr'>„Dicam</span> <span class='ocrx_word' id='word_1_71' title='bbox 1379 472 1493 518; x_wconf 87' lang='lat' dir='ltr'>primo</span> <span class='ocrx_word' id='word_1_72' title='bbox 1519 473 1562 507; x_wconf 91' lang='lat' dir='ltr'>de</span> <span class='ocrx_word' id='word_1_73' title='bbox 1588 484 1730 517; x_wconf 87' lang='lat' dir='ltr'>gengen</span> <span class='ocrx_word' id='word_1_74' title='bbox 1753 472 1885 507; x_wconf 81' lang='lat' dir='ltr'>Christi</span> 
     </span>
     <span class='ocr_line' id='line_1_8' title="bbox 122 525 1887 571; baseline -0.001 -9"><span class='ocrx_word' id='word_1_75' title='bbox 122 528 258 562; x_wconf 83' lang='lat' dir='ltr'>utiliter</span> <span class='ocrx_word' id='word_1_76' title='bbox 289 527 544 568; x_wconf 83' lang='lat' dir='ltr'>meditandis“;</span> <span class='ocrx_word' id='word_1_77' title='bbox 582 527 670 562; x_wconf 89' lang='lat' dir='ltr'>haec</span> <span class='ocrx_word' id='word_1_78' title='bbox 704 527 816 562; x_wconf 83' lang='lat' dir='ltr'>verba</span> <span class='ocrx_word' id='word_1_79' title='bbox 849 526 926 571; x_wconf 87' lang='lat' dir='ltr'>ipse</span> <span class='ocrx_word' id='word_1_80' title='bbox 960 526 1125 561; x_wconf 90' lang='lat' dir='ltr'>Canisius</span> <span class='ocrx_word' id='word_1_81' title='bbox 1160 526 1346 571; x_wconf 89' lang='lat' dir='ltr'>ascripsit;</span> <span class='ocrx_word' id='word_1_82' title='bbox 1382 529 1418 560; x_wconf 91' lang='lat' dir='ltr'>et</span> <span class='ocrx_word' id='word_1_83' title='bbox 1452 526 1487 560; x_wconf 93' lang='lat' dir='ltr'>in</span> <span class='ocrx_word' id='word_1_84' title='bbox 1522 526 1600 571; x_wconf 88' lang='lat' dir='ltr'>ipso</span> <span class='ocrx_word' id='word_1_85' title='bbox 1634 525 1887 560; x_wconf 90' lang='lat' dir='ltr'>commentario</span> 
     </span>
     <span class='ocr_line' id='line_1_9' title="bbox 121 578 1887 625; baseline -0.001 -10"><span class='ocrx_word' id='word_1_86' title='bbox 121 580 298 616; x_wconf 88' lang='lat' dir='ltr'>contionis</span> <span class='ocrx_word' id='word_1_87' title='bbox 333 592 353 615; x_wconf 87' lang='lat' dir='ltr'>a</span> <span class='ocrx_word' id='word_1_88' title='bbox 387 580 533 615; x_wconf 85' lang='lat' dir='ltr'>librario</span> <span class='ocrx_word' id='word_1_89' title='bbox 569 580 633 614; x_wconf 89' lang='lat' dir='ltr'>illa</span> <span class='ocrx_word' id='word_1_90' title='bbox 667 580 782 614; x_wconf 91' lang='lat' dir='ltr'>denuo</span> <span class='ocrx_word' id='word_1_91' title='bbox 811 580 973 623; x_wconf 89' lang='lat' dir='ltr'>(brevius</span> <span class='ocrx_word' id='word_1_92' title='bbox 1009 579 1145 623; x_wconf 84' lang='lat' dir='ltr'>tamen)</span> <span class='ocrx_word' id='word_1_93' title='bbox 1173 579 1290 625; x_wconf 86' lang='lat' dir='ltr'>posita</span> <span class='ocrx_word' id='word_1_94' title='bbox 1316 582 1410 620; x_wconf 85' lang='lat' dir='ltr'>sunt,</span> <span class='ocrx_word' id='word_1_95' title='bbox 1437 590 1529 623; x_wconf 90' lang='lat' dir='ltr'>quae</span> <span class='ocrx_word' id='word_1_96' title='bbox 1555 579 1598 613; x_wconf 89' lang='lat' dir='ltr'>de</span> <span class='ocrx_word' id='word_1_97' title='bbox 1625 578 1760 613; x_wconf 85' lang='lat' dir='ltr'>Christi</span> <span class='ocrx_word' id='word_1_98' title='bbox 1789 590 1887 624; x_wconf 90' lang='lat' dir='ltr'>„pro-</span> 
     </span>
     <span class='ocr_line' id='line_1_10' title="bbox 122 631 1888 678; baseline -0.001 -10"><span class='ocrx_word' id='word_1_99' title='bbox 122 633 363 669; x_wconf 77' lang='lat' dir='ltr'>cessionibus⁴⁴</span> <span class='ocrx_word' id='word_1_100' title='bbox 385 633 520 678; x_wconf 88' lang='lat' dir='ltr'>scripta</span> <span class='ocrx_word' id='word_1_101' title='bbox 539 635 641 668; x_wconf 85' lang='lat' dir='ltr'>erant</span> <span class='ocrx_word' id='word_1_102' title='bbox 667 633 702 667; x_wconf 94' lang='lat' dir='ltr'>in</span> <span class='ocrx_word' id='word_1_103' title='bbox 721 633 976 668; x_wconf 84' lang='lat' dir='ltr'>commentario</span> <span class='ocrx_word' id='word_1_104' title='bbox 998 633 1194 676; x_wconf 91' lang='lat' dir='ltr'>„contionis</span> <span class='ocrx_word' id='word_1_105' title='bbox 1212 633 1422 678; x_wconf 87' lang='lat' dir='ltr'>septimae“.</span> <span class='ocrx_word' id='word_1_106' title='bbox 1457 631 1626 676; x_wconf 85' lang='lat' dir='ltr'>Sequitur</span> <span class='ocrx_word' id='word_1_107' title='bbox 1651 631 1888 666; x_wconf 83' lang='lat' dir='ltr'>consideratio</span> 
     </span>
     <span class='ocr_line' id='line_1_11' title="bbox 121 685 1890 729; baseline -0.001 -7"><span class='ocrx_word' id='word_1_108' title='bbox 121 699 239 722; x_wconf 89' lang='lat' dir='ltr'>rerum</span> <span class='ocrx_word' id='word_1_109' title='bbox 266 698 287 721; x_wconf 91' lang='lat' dir='ltr'>a</span> <span class='ocrx_word' id='word_1_110' title='bbox 313 686 430 721; x_wconf 85' lang='lat' dir='ltr'>Pilato</span> <span class='ocrx_word' id='word_1_111' title='bbox 457 689 494 721; x_wconf 90' lang='lat' dir='ltr'>et</span> <span class='ocrx_word' id='word_1_112' title='bbox 519 686 659 721; x_wconf 91' lang='lat' dir='ltr'>Herode</span> <span class='ocrx_word' id='word_1_113' title='bbox 684 687 763 721; x_wconf 87' lang='lat' dir='ltr'>sive</span> <span class='ocrx_word' id='word_1_114' title='bbox 788 686 878 720; x_wconf 90' lang='lat' dir='ltr'>bene</span> <span class='ocrx_word' id='word_1_115' title='bbox 904 686 982 720; x_wconf 88' lang='lat' dir='ltr'>sive</span> <span class='ocrx_word' id='word_1_116' title='bbox 1017 686 1110 720; x_wconf 87' lang='lat' dir='ltr'>male</span> <span class='ocrx_word' id='word_1_117' title='bbox 1146 687 1332 729; x_wconf 88' lang='lat' dir='ltr'>gestarum</span> <span class='ocrx_word' id='word_1_118' title='bbox 1361 685 1399 729; x_wconf 90' lang='grc'>(1.</span> <span class='ocrx_word' id='word_1_119' title='bbox 1418 697 1448 720; x_wconf 88' lang='lat' dir='ltr'>c.</span> <span class='ocrx_word' id='word_1_120' title='bbox 1468 685 1493 720; x_wconf 91' lang='lat' dir='ltr'>f.</span> <span class='ocrx_word' id='word_1_121' title='bbox 1514 685 1760 729; x_wconf 70' lang='lat' dir='ltr'>118b—121b).</span> <span class='ocrx_word' id='word_1_122' title='bbox 1810 685 1890 720; x_wconf 87' lang='lat' dir='ltr'>Ser·</span> 
     </span>
     <span class='ocr_line' id='line_1_12' title="bbox 123 738 1889 784; baseline -0.001 -9"><span class='ocrx_word' id='word_1_123' title='bbox 123 752 263 775; x_wconf 88' lang='lat' dir='ltr'>monem</span> <span class='ocrx_word' id='word_1_124' title='bbox 291 740 354 775; x_wconf 90' lang='lat' dir='ltr'>fer.</span> <span class='ocrx_word' id='word_1_125' title='bbox 375 740 436 775; x_wconf 93' lang='lat' dir='ltr'>III.</span> <span class='ocrx_word' id='word_1_126' title='bbox 464 740 541 774; x_wconf 89' lang='lat' dir='ltr'>sive</span> <span class='ocrx_word' id='word_1_127' title='bbox 560 740 616 774; x_wconf 82' lang='lat'>22.</span> <span class='ocrx_word' id='word_1_128' title='bbox 636 739 758 774; x_wconf 86' lang='lat' dir='ltr'>Martii</span> <span class='ocrx_word' id='word_1_129' title='bbox 783 739 945 774; x_wconf 86' lang='lat' dir='ltr'>habitum</span> <span class='ocrx_word' id='word_1_130' title='bbox 965 750 1045 774; x_wconf 89' lang='lat' dir='ltr'>esse</span> <span class='ocrx_word' id='word_1_131' title='bbox 1070 741 1167 784; x_wconf 88' lang='lat' dir='ltr'>puto.</span> <span class='ocrx_word' id='word_1_132' title='bbox 1202 739 1293 774; x_wconf 89' lang='lat' dir='ltr'>Vide</span> <span class='ocrx_word' id='word_1_133' title='bbox 1311 739 1420 773; x_wconf 89' lang='lat' dir='ltr'>etiam</span> <span class='ocrx_word' id='word_1_134' title='bbox 1438 738 1543 780; x_wconf 83' lang='lat' dir='ltr'>infra,</span> <span class='ocrx_word' id='word_1_135' title='bbox 1568 750 1661 773; x_wconf 92' lang='lat' dir='ltr'>mon.</span> <span class='ocrx_word' id='word_1_136' title='bbox 1679 750 1761 782; x_wconf 84' lang='lat' dir='ltr'>aug.</span> <span class='ocrx_word' id='word_1_137' title='bbox 1782 738 1820 782; x_wconf 88' lang='lat' dir='ltr'>(b</span> <span class='ocrx_word' id='word_1_138' title='bbox 1837 739 1889 782; x_wconf 88' lang='grc'>8).</span> 
     </span>
    </p>

    <p class='ocr_par' dir='ltr' id='par_1_4' title="bbox 120 791 1891 988">
     <span class='ocr_line' id='line_1_13' title="bbox 244 791 1890 837; baseline -0.002 -9"><span class='ocrx_word' id='word_1_139' title='bbox 244 793 316 836; x_wconf 91' lang='lat' dir='ltr'>„De</span> <span class='ocrx_word' id='word_1_140' title='bbox 351 792 524 828; x_wconf 87' lang='lat' dir='ltr'>Silentioc</span> <span class='ocrx_word' id='word_1_141' title='bbox 560 792 715 835; x_wconf 85' lang='lat' dir='ltr'>Christi,</span> <span class='ocrx_word' id='word_1_142' title='bbox 753 803 860 827; x_wconf 89' lang='lat' dir='ltr'>serm.</span> <span class='ocrx_word' id='word_1_143' title='bbox 897 793 971 828; x_wconf 77' lang='grc' dir='ltr'>10.“ι</span> <span class='ocrx_word' id='word_1_144' title='bbox 1035 791 1180 834; x_wconf 82' lang='lat' dir='ltr'>„Dicam</span> <span class='ocrx_word' id='word_1_145' title='bbox 1218 792 1248 827; x_wconf 93' lang='lat'>1.</span> <span class='ocrx_word' id='word_1_146' title='bbox 1285 803 1348 826; x_wconf 92' lang='lat' dir='ltr'>cur</span> <span class='ocrx_word' id='word_1_147' title='bbox 1383 791 1549 826; x_wconf 90' lang='lat' dir='ltr'>Christus</span> <span class='ocrx_word' id='word_1_148' title='bbox 1582 794 1658 825; x_wconf 86' lang='lat' dir='ltr'>tam</span> <span class='ocrx_word' id='word_1_149' title='bbox 1693 803 1818 837; x_wconf 88' lang='lat' dir='ltr'>parum</span> <span class='ocrx_word' id='word_1_150' title='bbox 1853 791 1890 825; x_wconf 91' lang='lat' dir='ltr'>in</span> 
     </span>
     <span class='ocr_line' id='line_1_14' title="bbox 121 843 1891 892; baseline -0.002 -10"><span class='ocrx_word' id='word_1_151' title='bbox 121 847 286 892; x_wconf 85' lang='lat' dir='ltr'>passione</span> <span class='ocrx_word' id='word_1_152' title='bbox 322 846 491 890; x_wconf 86' lang='lat' dir='ltr'>loquitur,</span> <span class='ocrx_word' id='word_1_153' title='bbox 526 848 562 880; x_wconf 88' lang='lat' dir='ltr'>et</span> <span class='ocrx_word' id='word_1_154' title='bbox 598 857 667 890; x_wconf 89' lang='lat' dir='ltr'>quo</span> <span class='ocrx_word' id='word_1_155' title='bbox 702 845 844 889; x_wconf 86' lang='lat' dir='ltr'>longius</span> <span class='ocrx_word' id='word_1_156' title='bbox 879 857 919 880; x_wconf 92' lang='lat' dir='ltr'>eo</span> <span class='ocrx_word' id='word_1_157' title='bbox 956 844 1079 890; x_wconf 92' lang='lat' dir='ltr'>sepius</span> <span class='ocrx_word' id='word_1_158' title='bbox 1104 845 1233 880; x_wconf 88' lang='lat' dir='ltr'>tacet.“</span> <span class='ocrx_word' id='word_1_159' title='bbox 1291 844 1364 888; x_wconf 88' lang='lat' dir='ltr'>„De</span> <span class='ocrx_word' id='word_1_160' title='bbox 1390 844 1520 890; x_wconf 92' lang='lat' dir='ltr'>populo</span> <span class='ocrx_word' id='word_1_161' title='bbox 1546 844 1730 879; x_wconf 91' lang='lat' dir='ltr'>iudeorum</span> <span class='ocrx_word' id='word_1_162' title='bbox 1757 843 1891 879; x_wconf 85' lang='lat' dir='ltr'>Christi</span> 
     </span>
     <span class='ocr_line' id='line_1_15' title="bbox 120 897 1890 944; baseline -0.001 -10"><span class='ocrx_word' id='word_1_163' title='bbox 120 902 273 934; x_wconf 87' lang='lat' dir='ltr'>mortem</span> <span class='ocrx_word' id='word_1_164' title='bbox 309 898 589 944; x_wconf 87' lang='lat' dir='ltr'>postulantium“</span> <span class='ocrx_word' id='word_1_165' title='bbox 633 899 669 942; x_wconf 90' lang='lat'>(1.</span> <span class='ocrx_word' id='word_1_166' title='bbox 697 910 727 934; x_wconf 93' lang='lat' dir='ltr'>c.</span> <span class='ocrx_word' id='word_1_167' title='bbox 754 899 779 934; x_wconf 82' lang='lat' dir='ltr'>f.</span> <span class='ocrx_word' id='word_1_168' title='bbox 809 898 891 933; x_wconf 70' lang='lat'>1222</span> <span class='ocrx_word' id='word_1_169' title='bbox 919 898 1030 942; x_wconf 68' lang='lat'>123²).</span> <span class='ocrx_word' id='word_1_170' title='bbox 1090 897 1216 933; x_wconf 89' lang='lat' dir='ltr'>Contio</span> <span class='ocrx_word' id='word_1_171' title='bbox 1251 898 1317 933; x_wconf 85' lang='lat' dir='ltr'>fer.</span> <span class='ocrx_word' id='word_1_172' title='bbox 1343 897 1387 932; x_wconf 93' lang='lat' dir='ltr'>V.</span> <span class='ocrx_word' id='word_1_173' title='bbox 1414 898 1492 932; x_wconf 88' lang='lat' dir='ltr'>sive</span> <span class='ocrx_word' id='word_1_174' title='bbox 1527 897 1585 932; x_wconf 86' lang='lat'>24.</span> <span class='ocrx_word' id='word_1_175' title='bbox 1611 897 1733 934; x_wconf 88' lang='lat' dir='ltr'>Martii</span> <span class='ocrx_word' id='word_1_176' title='bbox 1767 897 1890 932; x_wconf 86' lang='lat' dir='ltr'>habita</span> 
     </span>
     <span class='ocr_line' id='line_1_16' title="bbox 123 953 386 988; baseline 0 0"><span class='ocrx_word' id='word_1_177' title='bbox 123 964 203 988; x_wconf 89' lang='lat' dir='ltr'>esse</span> <span class='ocrx_word' id='word_1_178' title='bbox 230 953 386 988; x_wconf 89' lang='lat' dir='ltr'>videtur.</span> 
     </span>
    </p>

    <p class='ocr_par' dir='ltr' id='par_1_5' title="bbox 120 1003 1891 1316">
     <span class='ocr_line' id='line_1_17' title="bbox 243 1003 1891 1049; baseline -0.001 -9"><span class='ocrx_word' id='word_1_179' title='bbox 243 1005 311 1049; x_wconf 86' lang='lat' dir='ltr'>„Jn</span> <span class='ocrx_word' id='word_1_180' title='bbox 337 1006 444 1040; x_wconf 85' lang='lat' dir='ltr'>Festo</span> <span class='ocrx_word' id='word_1_181' title='bbox 475 1005 784 1040; x_wconf 88' lang='lat' dir='ltr'>annunciationis“</span> <span class='ocrx_word' id='word_1_182' title='bbox 812 1004 949 1039; x_wconf 87' lang='lat' dir='ltr'>Beatae</span> <span class='ocrx_word' id='word_1_183' title='bbox 974 1004 1111 1039; x_wconf 88' lang='lat' dir='ltr'>Mariae</span> <span class='ocrx_word' id='word_1_184' title='bbox 1137 1004 1300 1048; x_wconf 86' lang='lat' dir='ltr'>Virginis</span> <span class='ocrx_word' id='word_1_185' title='bbox 1327 1004 1401 1048; x_wconf 81' lang='lat'>(25.</span> <span class='ocrx_word' id='word_1_186' title='bbox 1427 1003 1580 1048; x_wconf 86' lang='lat' dir='ltr'>Martii).</span> <span class='ocrx_word' id='word_1_187' title='bbox 1629 1004 1683 1039; x_wconf 93' lang='lat' dir='ltr'>De</span> <span class='ocrx_word' id='word_1_188' title='bbox 1708 1003 1797 1038; x_wconf 88' lang='lat' dir='ltr'>Filio</span> <span class='ocrx_word' id='word_1_189' title='bbox 1823 1003 1891 1038; x_wconf 94' lang='lat' dir='ltr'>Dei</span> 
     </span>
     <span class='ocr_line' id='line_1_18' title="bbox 120 1057 1890 1103; baseline -0.001 -10"><span class='ocrx_word' id='word_1_190' title='bbox 120 1058 263 1094; x_wconf 86' lang='lat' dir='ltr'>homine</span> <span class='ocrx_word' id='word_1_191' title='bbox 297 1059 404 1100; x_wconf 78' lang='lat' dir='ltr'>facto,</span> <span class='ocrx_word' id='word_1_192' title='bbox 441 1058 484 1092; x_wconf 90' lang='lat' dir='ltr'>de</span> <span class='ocrx_word' id='word_1_193' title='bbox 509 1059 647 1093; x_wconf 88' lang='lat' dir='ltr'>Mariae</span> <span class='ocrx_word' id='word_1_194' title='bbox 683 1058 859 1102; x_wconf 84' lang='lat' dir='ltr'>dignitate</span> <span class='ocrx_word' id='word_1_195' title='bbox 893 1060 931 1093; x_wconf 87' lang='lat' dir='ltr'>et</span> <span class='ocrx_word' id='word_1_196' title='bbox 964 1058 1197 1103; x_wconf 86' lang='lat' dir='ltr'>praestantia,</span> <span class='ocrx_word' id='word_1_197' title='bbox 1233 1058 1276 1092; x_wconf 91' lang='lat' dir='ltr'>de</span> <span class='ocrx_word' id='word_1_198' title='bbox 1309 1057 1476 1092; x_wconf 87' lang='lat' dir='ltr'>laudibus</span> <span class='ocrx_word' id='word_1_199' title='bbox 1503 1057 1534 1092; x_wconf 92' lang='lat' dir='ltr'>ei</span> <span class='ocrx_word' id='word_1_200' title='bbox 1568 1057 1767 1092; x_wconf 87' lang='lat' dir='ltr'>tribuendis</span> <span class='ocrx_word' id='word_1_201' title='bbox 1793 1057 1890 1092; x_wconf 89' lang='lat' dir='ltr'>dicit.</span> 
     </span>
     <span class='ocr_line' id='line_1_19' title="bbox 121 1110 1887 1157; baseline -0.001 -10"><span class='ocrx_word' id='word_1_202' title='bbox 121 1113 191 1147; x_wconf 82' lang='lat' dir='ltr'>Ubi</span> <span class='ocrx_word' id='word_1_203' title='bbox 217 1112 316 1153; x_wconf 82' lang='lat' dir='ltr'>haec,</span> <span class='ocrx_word' id='word_1_204' title='bbox 343 1114 485 1157; x_wconf 89' lang='lat' dir='ltr'>praeter</span> <span class='ocrx_word' id='word_1_205' title='bbox 510 1112 591 1153; x_wconf 88' lang='lat' dir='ltr'>alia,</span> <span class='ocrx_word' id='word_1_206' title='bbox 618 1114 739 1147; x_wconf 83' lang='lat' dir='ltr'>notat:</span> <span class='ocrx_word' id='word_1_207' title='bbox 778 1111 964 1154; x_wconf 82' lang='lat' dir='ltr'>„Quotidie</span> <span class='ocrx_word' id='word_1_208' title='bbox 996 1122 1100 1146; x_wconf 90' lang='lat' dir='ltr'>mane</span> <span class='ocrx_word' id='word_1_209' title='bbox 1127 1113 1164 1145; x_wconf 92' lang='lat' dir='ltr'>et</span> <span class='ocrx_word' id='word_1_210' title='bbox 1188 1111 1342 1156; x_wconf 88' lang='lat' dir='ltr'>vesperi,</span> <span class='ocrx_word' id='word_1_211' title='bbox 1368 1110 1534 1156; x_wconf 88' lang='lat' dir='ltr'>pulsatur</span> <span class='ocrx_word' id='word_1_212' title='bbox 1558 1111 1603 1145; x_wconf 90' lang='lat' dir='ltr'>ad</span> <span class='ocrx_word' id='word_1_213' title='bbox 1630 1111 1709 1145; x_wconf 91' lang='lat' dir='ltr'>Aue</span> <span class='ocrx_word' id='word_1_214' title='bbox 1734 1110 1887 1151; x_wconf 84' lang='lat' dir='ltr'>Maria¹‘;</span> 
     </span>
     <span class='ocr_line' id='line_1_20' title="bbox 127 1163 1891 1210; baseline -0.001 -10"><span class='ocrx_word' id='word_1_215' title='bbox 127 1177 328 1210; x_wconf 86' lang='lat' dir='ltr'>„nunquam</span> <span class='ocrx_word' id='word_1_216' title='bbox 355 1165 512 1199; x_wconf 90' lang='lat' dir='ltr'>solemus</span> <span class='ocrx_word' id='word_1_217' title='bbox 539 1165 656 1200; x_wconf 88' lang='lat' dir='ltr'>dicere</span> <span class='ocrx_word' id='word_1_218' title='bbox 682 1167 785 1210; x_wconf 88' lang='lat' dir='ltr'>pater</span> <span class='ocrx_word' id='word_1_219' title='bbox 809 1167 943 1206; x_wconf 87' lang='lat' dir='ltr'>noster,</span> <span class='ocrx_word' id='word_1_220' title='bbox 968 1165 1037 1199; x_wconf 87' lang='lat' dir='ltr'>nisi</span> <span class='ocrx_word' id='word_1_221' title='bbox 1069 1164 1237 1199; x_wconf 85' lang='lat' dir='ltr'>adiuncto</span> <span class='ocrx_word' id='word_1_222' title='bbox 1262 1165 1340 1199; x_wconf 91' lang='lat' dir='ltr'>Aue</span> <span class='ocrx_word' id='word_1_223' title='bbox 1366 1164 1517 1199; x_wconf 87' lang='lat' dir='ltr'>Maria“.</span> <span class='ocrx_word' id='word_1_224' title='bbox 1571 1163 1719 1206; x_wconf 86' lang='lat' dir='ltr'>„Sectae</span> <span class='ocrx_word' id='word_1_225' title='bbox 1738 1191 1746 1199; x_wconf 95' lang='lat'>.</span> <span class='ocrx_word' id='word_1_226' title='bbox 1765 1191 1772 1198; x_wconf 93' lang='lat'>.</span> <span class='ocrx_word' id='word_1_227' title='bbox 1793 1191 1800 1199; x_wconf 86' lang='lat'>.</span> <span class='ocrx_word' id='word_1_228' title='bbox 1821 1175 1891 1198; x_wconf 89' lang='lat' dir='ltr'>non</span> 
     </span>
     <span class='ocr_line' id='line_1_21' title="bbox 125 1217 1888 1260; baseline -0.001 -7"><span class='ocrx_word' id='word_1_229' title='bbox 125 1220 245 1253; x_wconf 87' lang='lat' dir='ltr'>ferunt</span> <span class='ocrx_word' id='word_1_230' title='bbox 262 1219 411 1253; x_wconf 89' lang='lat' dir='ltr'>Pulsum</span> <span class='ocrx_word' id='word_1_231' title='bbox 430 1220 507 1253; x_wconf 91' lang='lat' dir='ltr'>Aue</span> <span class='ocrx_word' id='word_1_232' title='bbox 525 1219 662 1253; x_wconf 90' lang='lat' dir='ltr'>Mariae</span> <span class='ocrx_word' id='word_1_233' title='bbox 680 1245 688 1254; x_wconf 93' lang='lat'>.</span> <span class='ocrx_word' id='word_1_234' title='bbox 704 1245 711 1254; x_wconf 90' lang='lat'>.</span> <span class='ocrx_word' id='word_1_235' title='bbox 729 1246 735 1253; x_wconf 95' lang='lat'>.</span> <span class='ocrx_word' id='word_1_236' title='bbox 754 1230 823 1253; x_wconf 89' lang='lat' dir='ltr'>non</span> <span class='ocrx_word' id='word_1_237' title='bbox 841 1219 975 1253; x_wconf 87' lang='lat' dir='ltr'>audent</span> <span class='ocrx_word' id='word_1_238' title='bbox 991 1230 1093 1253; x_wconf 88' lang='lat' dir='ltr'>orare</span> <span class='ocrx_word' id='word_1_239' title='bbox 1111 1219 1189 1252; x_wconf 91' lang='lat' dir='ltr'>Aue</span> <span class='ocrx_word' id='word_1_240' title='bbox 1206 1217 1323 1252; x_wconf 90' lang='lat' dir='ltr'>Maria</span> <span class='ocrx_word' id='word_1_241' title='bbox 1341 1245 1348 1252; x_wconf 94' lang='lat'>.</span> <span class='ocrx_word' id='word_1_242' title='bbox 1365 1245 1372 1252; x_wconf 97' lang='lat'>.</span> <span class='ocrx_word' id='word_1_243' title='bbox 1389 1245 1395 1252; x_wconf 93' lang='lat'>.</span> <span class='ocrx_word' id='word_1_244' title='bbox 1415 1218 1602 1253; x_wconf 87' lang='lat' dir='ltr'>Mutarunt</span> <span class='ocrx_word' id='word_1_245' title='bbox 1620 1217 1726 1253; x_wconf 82' lang='lat' dir='ltr'>Salue</span> <span class='ocrx_word' id='word_1_246' title='bbox 1744 1217 1888 1260; x_wconf 86' lang='lat' dir='ltr'>regina‘</span> 
     </span>
     <span class='ocr_line' id='line_1_22' title="bbox 129 1271 529 1316; baseline -0.003 -9"><span class='ocrx_word' id='word_1_247' title='bbox 129 1273 166 1316; x_wconf 88' lang='grc'>(1.</span> <span class='ocrx_word' id='word_1_248' title='bbox 186 1284 217 1308; x_wconf 87' lang='lat' dir='ltr'>c.</span> <span class='ocrx_word' id='word_1_249' title='bbox 234 1273 258 1306; x_wconf 87' lang='lat' dir='ltr'>f.</span> <span class='ocrx_word' id='word_1_250' title='bbox 280 1271 529 1315; x_wconf 66' lang='lat' dir='ltr'>124b-126a).</span> 
     </span>
    </p>

    <p class='ocr_par' dir='ltr' id='par_1_6' title="bbox 127 1323 1893 1421">
     <span class='ocr_line' id='line_1_23' title="bbox 249 1323 1893 1369; baseline 0 -10"><span class='ocrx_word' id='word_1_251' title='bbox 249 1325 456 1368; x_wconf 87' lang='lat' dir='ltr'>„Dominica</span> <span class='ocrx_word' id='word_1_252' title='bbox 490 1325 695 1360; x_wconf 80' lang='lat' dir='ltr'>Passionis“</span> <span class='ocrx_word' id='word_1_253' title='bbox 728 1325 799 1369; x_wconf 84' lang='lat'>(27.</span> <span class='ocrx_word' id='word_1_254' title='bbox 826 1325 978 1369; x_wconf 90' lang='lat' dir='ltr'>Martii).</span> <span class='ocrx_word' id='word_1_255' title='bbox 1028 1324 1081 1358; x_wconf 95' lang='lat' dir='ltr'>De</span> <span class='ocrx_word' id='word_1_256' title='bbox 1116 1324 1305 1368; x_wconf 84' lang='lat' dir='ltr'>evangelio</span> <span class='ocrx_word' id='word_1_257' title='bbox 1340 1324 1408 1358; x_wconf 88' lang='lat' dir='ltr'>diei</span> <span class='ocrx_word' id='word_1_258' title='bbox 1443 1326 1479 1358; x_wconf 84' lang='lat' dir='ltr'>et</span> <span class='ocrx_word' id='word_1_259' title='bbox 1513 1324 1556 1358; x_wconf 91' lang='lat' dir='ltr'>de</span> <span class='ocrx_word' id='word_1_260' title='bbox 1590 1323 1685 1358; x_wconf 89' lang='lat' dir='ltr'>sacri</span> <span class='ocrx_word' id='word_1_261' title='bbox 1722 1324 1893 1369; x_wconf 89' lang='lat' dir='ltr'>temporis</span> 
     </span>
     <span class='ocr_line' id='line_1_24' title="bbox 127 1376 1893 1421; baseline -0.001 -8"><span class='ocrx_word' id='word_1_262' title='bbox 127 1379 265 1414; x_wconf 81' lang='lat' dir='ltr'>ratione</span> <span class='ocrx_word' id='word_1_263' title='bbox 284 1378 520 1414; x_wconf 88' lang='lat' dir='ltr'>contionatur.</span> <span class='ocrx_word' id='word_1_264' title='bbox 560 1378 730 1421; x_wconf 87' lang='lat' dir='ltr'>„Breuem</span> <span class='ocrx_word' id='word_1_265' title='bbox 749 1378 1035 1413; x_wconf 84' lang='lat' dir='ltr'>exhortationem</span> <span class='ocrx_word' id='word_1_266' title='bbox 1062 1378 1104 1412; x_wconf 91' lang='lat' dir='ltr'>de</span> <span class='ocrx_word' id='word_1_267' title='bbox 1122 1377 1367 1412; x_wconf 88' lang='lat' dir='ltr'>confessione&#39;‘</span> <span class='ocrx_word' id='word_1_268' title='bbox 1389 1377 1489 1412; x_wconf 85' lang='lat' dir='ltr'>addit</span> <span class='ocrx_word' id='word_1_269' title='bbox 1507 1377 1546 1421; x_wconf 91' lang='lat' dir='ltr'>(l.</span> <span class='ocrx_word' id='word_1_270' title='bbox 1561 1388 1589 1412; x_wconf 91' lang='lat' dir='ltr'>c.</span> <span class='ocrx_word' id='word_1_271' title='bbox 1604 1377 1630 1411; x_wconf 87' lang='lat' dir='ltr'>f.</span> <span class='ocrx_word' id='word_1_272' title='bbox 1646 1376 1893 1421; x_wconf 65' lang='lat'>12622—1292).</span> 
     </span>
    </p>

    <p class='ocr_par' dir='ltr' id='par_1_7' title="bbox 128 1430 1895 1796">
     <span class='ocr_line' id='line_1_25' title="bbox 250 1430 1895 1476; baseline -0.001 -10"><span class='ocrx_word' id='word_1_273' title='bbox 250 1431 380 1475; x_wconf 77' lang='lat' dir='ltr'>„Serm</span> <span class='ocrx_word' id='word_1_274' title='bbox 401 1432 622 1467; x_wconf 89' lang='lat' dir='ltr'>vndecimus.</span> <span class='ocrx_word' id='word_1_275' title='bbox 665 1431 717 1466; x_wconf 91' lang='lat' dir='ltr'>De</span> <span class='ocrx_word' id='word_1_276' title='bbox 742 1432 987 1476; x_wconf 86' lang='lat' dir='ltr'>flagellatione</span> <span class='ocrx_word' id='word_1_277' title='bbox 1006 1431 1171 1466; x_wconf 84' lang='lat' dir='ltr'>Christi.“</span> <span class='ocrx_word' id='word_1_278' title='bbox 1189 1431 1200 1452; x_wconf 90' lang='lat'>¹</span> <span class='ocrx_word' id='word_1_279' title='bbox 1241 1430 1390 1476; x_wconf 86' lang='lat' dir='ltr'>Incipit:</span> <span class='ocrx_word' id='word_1_280' title='bbox 1421 1430 1609 1473; x_wconf 85' lang='lat' dir='ltr'>„Charitas</span> <span class='ocrx_word' id='word_1_281' title='bbox 1634 1433 1758 1465; x_wconf 86' lang='lat' dir='ltr'>vestra</span> <span class='ocrx_word' id='word_1_282' title='bbox 1774 1433 1895 1475; x_wconf 79' lang='lat' dir='ltr'>potest</span> 
     </span>
     <span class='ocr_line' id='line_1_26' title="bbox 129 1483 1895 1530; baseline -0.001 -10"><span class='ocrx_word' id='word_1_283' title='bbox 129 1485 245 1520; x_wconf 89' lang='lat' dir='ltr'>adhuc</span> <span class='ocrx_word' id='word_1_284' title='bbox 281 1485 487 1520; x_wconf 85' lang='lat' dir='ltr'>meminisse</span> <span class='ocrx_word' id='word_1_285' title='bbox 524 1485 680 1530; x_wconf 89' lang='lat' dir='ltr'>partium</span> <span class='ocrx_word' id='word_1_286' title='bbox 720 1485 990 1530; x_wconf 88' lang='lat' dir='ltr'>principalium,</span> <span class='ocrx_word' id='word_1_287' title='bbox 1029 1496 1118 1529; x_wconf 86' lang='lat' dir='ltr'>quas</span> <span class='ocrx_word' id='word_1_288' title='bbox 1155 1484 1331 1519; x_wconf 86' lang='lat' dir='ltr'>hactenus</span> <span class='ocrx_word' id='word_1_289' title='bbox 1369 1484 1464 1518; x_wconf 88' lang='lat' dir='ltr'>circa</span> <span class='ocrx_word' id='word_1_290' title='bbox 1501 1483 1729 1529; x_wconf 74' lang='lat' dir='ltr'>passionemd</span> <span class='ocrx_word' id='word_1_291' title='bbox 1761 1483 1895 1518; x_wconf 84' lang='lat' dir='ltr'>Christi</span> 
     </span>
     <span class='ocr_line' id='line_1_27' title="bbox 130 1537 1895 1583; baseline -0.001 -11"><span class='ocrx_word' id='word_1_292' title='bbox 130 1538 380 1580; x_wconf 88' lang='lat' dir='ltr'>tractauimus,</span> <span class='ocrx_word' id='word_1_293' title='bbox 413 1541 449 1572; x_wconf 91' lang='lat' dir='ltr'>et</span> <span class='ocrx_word' id='word_1_294' title='bbox 475 1538 754 1583; x_wconf 66' lang='lat' dir='ltr'>expediuimuse‚</span> <span class='ocrx_word' id='word_1_295' title='bbox 781 1538 853 1573; x_wconf 91' lang='lat' dir='ltr'>Der</span> <span class='ocrx_word' id='word_1_296' title='bbox 878 1539 991 1572; x_wconf 85' lang='lat' dir='ltr'>siesse</span> <span class='ocrx_word' id='word_1_297' title='bbox 1017 1537 1089 1572; x_wconf 89' lang='lat' dir='ltr'>vnd</span> <span class='ocrx_word' id='word_1_298' title='bbox 1114 1537 1215 1572; x_wconf 90' lang='lat' dir='ltr'>milte</span> <span class='ocrx_word' id='word_1_299' title='bbox 1241 1537 1326 1572; x_wconf 91' lang='lat' dir='ltr'>heer</span> <span class='ocrx_word' id='word_1_300' title='bbox 1348 1537 1475 1571; x_wconf 75' lang='lat' dir='ltr'>Jesusf</span> <span class='ocrx_word' id='word_1_301' title='bbox 1498 1548 1555 1571; x_wconf 92' lang='lat' dir='ltr'>am</span> <span class='ocrx_word' id='word_1_302' title='bbox 1581 1548 1720 1581; x_wconf 89' lang='lat' dir='ltr'>grunen</span> <span class='ocrx_word' id='word_1_303' title='bbox 1745 1537 1895 1571; x_wconf 92' lang='lat' dir='ltr'>donner-</span> 
     </span>
     <span class='ocr_line' id='line_1_28' title="bbox 128 1589 1895 1637; baseline -0.001 -11"><span class='ocrx_word' id='word_1_304' title='bbox 128 1595 193 1636; x_wconf 89' lang='lat' dir='ltr'>tag</span> <span class='ocrx_word' id='word_1_305' title='bbox 218 1594 299 1637; x_wconf 85' lang='lat' dir='ltr'>post</span> <span class='ocrx_word' id='word_1_306' title='bbox 324 1591 490 1626; x_wconf 83' lang='lat' dir='ltr'>Vltimam</span> <span class='ocrx_word' id='word_1_307' title='bbox 517 1594 553 1626; x_wconf 86' lang='lat' dir='ltr'>et</span> <span class='ocrx_word' id='word_1_308' title='bbox 579 1592 865 1636; x_wconf 88' lang='lat' dir='ltr'>gnadenreichen</span> <span class='ocrx_word' id='word_1_309' title='bbox 891 1591 1091 1626; x_wconf 86' lang='lat' dir='ltr'>aventmal“</span> <span class='ocrx_word' id='word_1_310' title='bbox 1122 1593 1189 1626; x_wconf 90' lang='lat' dir='ltr'>etc.</span> <span class='ocrx_word' id='word_1_311' title='bbox 1223 1590 1277 1626; x_wconf 91' lang='lat' dir='ltr'>De</span> <span class='ocrx_word' id='word_1_312' title='bbox 1295 1602 1424 1625; x_wconf 87' lang='lat' dir='ltr'>corona</span> <span class='ocrx_word' id='word_1_313' title='bbox 1450 1601 1592 1635; x_wconf 88' lang='lat' dir='ltr'>quoque</span> <span class='ocrx_word' id='word_1_314' title='bbox 1617 1590 1743 1635; x_wconf 88' lang='lat' dir='ltr'>spinea</span> <span class='ocrx_word' id='word_1_315' title='bbox 1761 1589 1895 1625; x_wconf 87' lang='lat' dir='ltr'>Christi</span> 
     </span>
     <span class='ocr_line' id='line_1_29' title="bbox 128 1641 1894 1690; baseline -0.001 -11"><span class='ocrx_word' id='word_1_316' title='bbox 128 1645 236 1690; x_wconf 87' lang='lat' dir='ltr'>capiti</span> <span class='ocrx_word' id='word_1_317' title='bbox 271 1645 440 1690; x_wconf 87' lang='lat' dir='ltr'>imposita</span> <span class='ocrx_word' id='word_1_318' title='bbox 475 1647 510 1679; x_wconf 82' lang='lat' dir='ltr'>et</span> <span class='ocrx_word' id='word_1_319' title='bbox 536 1645 579 1679; x_wconf 92' lang='lat' dir='ltr'>de</span> <span class='ocrx_word' id='word_1_320' title='bbox 607 1644 749 1680; x_wconf 84' lang='lat' dir='ltr'>Christo</span> <span class='ocrx_word' id='word_1_321' title='bbox 775 1645 956 1680; x_wconf 89' lang='lat' dir='ltr'>Barrabae</span> <span class='ocrx_word' id='word_1_322' title='bbox 990 1644 1190 1690; x_wconf 89' lang='lat' dir='ltr'>postposito</span> <span class='ocrx_word' id='word_1_323' title='bbox 1224 1644 1451 1679; x_wconf 86' lang='lat' dir='ltr'>contionatur</span> <span class='ocrx_word' id='word_1_324' title='bbox 1479 1643 1516 1687; x_wconf 93' lang='lat' dir='ltr'>(l.</span> <span class='ocrx_word' id='word_1_325' title='bbox 1543 1655 1573 1678; x_wconf 89' lang='lat' dir='ltr'>c.</span> <span class='ocrx_word' id='word_1_326' title='bbox 1600 1644 1624 1678; x_wconf 89' lang='lat' dir='ltr'>f.</span> <span class='ocrx_word' id='word_1_327' title='bbox 1646 1641 1894 1687; x_wconf 66' lang='lat'>12912-13212).</span> 
     </span>
     <span class='ocr_line' id='line_1_30' title="bbox 130 1696 1892 1738; baseline -0.001 -6"><span class='ocrx_word' id='word_1_328' title='bbox 130 1698 295 1733; x_wconf 88' lang='lat' dir='ltr'>Canisius</span> <span class='ocrx_word' id='word_1_329' title='bbox 329 1698 394 1733; x_wconf 93' lang='lat' dir='ltr'>fer.</span> <span class='ocrx_word' id='word_1_330' title='bbox 424 1698 486 1733; x_wconf 91' lang='lat' dir='ltr'>III.</span> <span class='ocrx_word' id='word_1_331' title='bbox 517 1699 596 1732; x_wconf 90' lang='lat' dir='ltr'>sive</span> <span class='ocrx_word' id='word_1_332' title='bbox 622 1698 678 1733; x_wconf 90' lang='grc'>29.</span> <span class='ocrx_word' id='word_1_333' title='bbox 708 1698 831 1733; x_wconf 86' lang='lat' dir='ltr'>Martii</span> <span class='ocrx_word' id='word_1_334' title='bbox 868 1698 958 1733; x_wconf 87' lang='lat' dir='ltr'>haec</span> <span class='ocrx_word' id='word_1_335' title='bbox 992 1698 1128 1733; x_wconf 86' lang='lat' dir='ltr'>dixisse</span> <span class='ocrx_word' id='word_1_336' title='bbox 1161 1697 1316 1732; x_wconf 88' lang='lat' dir='ltr'>videtur.</span> <span class='ocrx_word' id='word_1_337' title='bbox 1374 1696 1467 1732; x_wconf 87' lang='lat' dir='ltr'>Vide</span> <span class='ocrx_word' id='word_1_338' title='bbox 1505 1697 1614 1731; x_wconf 87' lang='lat' dir='ltr'>etiam</span> <span class='ocrx_word' id='word_1_339' title='bbox 1649 1697 1762 1738; x_wconf 90' lang='lat' dir='ltr'>infra,</span> <span class='ocrx_word' id='word_1_340' title='bbox 1794 1699 1892 1732; x_wconf 53' lang='lat' dir='ltr'>finon.</span> 
     </span>
     <span class='ocr_line' id='line_1_31' title="bbox 129 1751 348 1796; baseline 0.005 -11"><span class='ocrx_word' id='word_1_341' title='bbox 129 1763 210 1796; x_wconf 88' lang='lat' dir='ltr'>aug.</span> <span class='ocrx_word' id='word_1_342' title='bbox 233 1752 270 1795; x_wconf 94' lang='lat' dir='ltr'>(b</span> <span class='ocrx_word' id='word_1_343' title='bbox 297 1751 348 1794; x_wconf 89' lang='grc'>9).</span> 
     </span>
    </p>

    <p class='ocr_par' dir='ltr' id='par_1_8' title="bbox 127 1801 1894 1900">
     <span class='ocr_line' id='line_1_32' title="bbox 252 1801 1894 1848; baseline -0.001 -9"><span class='ocrx_word' id='word_1_344' title='bbox 252 1804 384 1848; x_wconf 83' lang='lat' dir='ltr'>„Serm.</span> <span class='ocrx_word' id='word_1_345' title='bbox 413 1805 467 1840; x_wconf 92' lang='grc'>12.</span> <span class='ocrx_word' id='word_1_346' title='bbox 518 1804 611 1840; x_wconf 90' lang='lat' dir='ltr'>Ecce</span> <span class='ocrx_word' id='word_1_347' title='bbox 637 1804 752 1847; x_wconf 89' lang='lat' dir='ltr'>homo,</span> <span class='ocrx_word' id='word_1_348' title='bbox 779 1807 815 1839; x_wconf 91' lang='lat' dir='ltr'>et</span> <span class='ocrx_word' id='word_1_349' title='bbox 840 1805 883 1839; x_wconf 86' lang='lat' dir='ltr'>de</span> <span class='ocrx_word' id='word_1_350' title='bbox 908 1804 1038 1840; x_wconf 89' lang='lat' dir='ltr'>iudicio</span> <span class='ocrx_word' id='word_1_351' title='bbox 1065 1804 1190 1839; x_wconf 91' lang='lat' dir='ltr'>ultimo</span> <span class='ocrx_word' id='word_1_352' title='bbox 1216 1803 1345 1839; x_wconf 78' lang='lat' dir='ltr'>Pilati“</span> <span class='ocrx_word' id='word_1_353' title='bbox 1378 1803 1415 1847; x_wconf 94' lang='lat' dir='ltr'>(l.</span> <span class='ocrx_word' id='word_1_354' title='bbox 1443 1815 1472 1838; x_wconf 91' lang='lat' dir='ltr'>c.</span> <span class='ocrx_word' id='word_1_355' title='bbox 1500 1803 1524 1838; x_wconf 92' lang='lat' dir='ltr'>f.</span> <span class='ocrx_word' id='word_1_356' title='bbox 1554 1801 1805 1847; x_wconf 68' lang='lat' dir='ltr'>132b—135⁸);</span> <span class='ocrx_word' id='word_1_357' title='bbox 1831 1802 1894 1838; x_wconf 87' lang='lat' dir='ltr'>ha-</span> 
     </span>
     <span class='ocr_line' id='line_1_33' title="bbox 127 1857 988 1900; baseline 0.002 -8"><span class='ocrx_word' id='word_1_358' title='bbox 127 1858 235 1900; x_wconf 87' lang='lat' dir='ltr'>bitus,</span> <span class='ocrx_word' id='word_1_359' title='bbox 262 1860 302 1892; x_wconf 91' lang='lat' dir='ltr'>ut</span> <span class='ocrx_word' id='word_1_360' title='bbox 327 1858 482 1900; x_wconf 85' lang='lat' dir='ltr'>videtur,</span> <span class='ocrx_word' id='word_1_361' title='bbox 507 1859 571 1893; x_wconf 88' lang='lat' dir='ltr'>fer.</span> <span class='ocrx_word' id='word_1_362' title='bbox 598 1857 641 1893; x_wconf 94' lang='lat' dir='ltr'>V.</span> <span class='ocrx_word' id='word_1_363' title='bbox 668 1858 746 1893; x_wconf 82' lang='lat' dir='ltr'>sive</span> <span class='ocrx_word' id='word_1_364' title='bbox 771 1859 828 1894; x_wconf 81' lang='lat'>31.</span> <span class='ocrx_word' id='word_1_365' title='bbox 855 1858 988 1894; x_wconf 85' lang='lat' dir='ltr'>Martii.</span> 
     </span>
    </p>

    <p class='ocr_par' dir='ltr' id='par_1_9' title="bbox 127 1909 1895 2160">
     <span class='ocr_line' id='line_1_34' title="bbox 252 1909 1895 1957; baseline -0.001 -11"><span class='ocrx_word' id='word_1_366' title='bbox 252 1911 325 1954; x_wconf 93' lang='lat' dir='ltr'>„De</span> <span class='ocrx_word' id='word_1_367' title='bbox 351 1911 539 1946; x_wconf 89' lang='lat' dir='ltr'>Dominica</span> <span class='ocrx_word' id='word_1_368' title='bbox 564 1911 790 1946; x_wconf 86' lang='lat' dir='ltr'>Palmarum“</span> <span class='ocrx_word' id='word_1_369' title='bbox 823 1912 871 1956; x_wconf 84' lang='lat'>(3.</span> <span class='ocrx_word' id='word_1_370' title='bbox 898 1912 1048 1957; x_wconf 88' lang='lat' dir='ltr'>Aprilis)</span> <span class='ocrx_word' id='word_1_371' title='bbox 1090 1911 1191 1954; x_wconf 90' lang='lat' dir='ltr'>„uide</span> <span class='ocrx_word' id='word_1_372' title='bbox 1224 1911 1373 1955; x_wconf 79' lang='lat' dir='ltr'>supra“;</span> <span class='ocrx_word' id='word_1_373' title='bbox 1410 1910 1540 1954; x_wconf 90' lang='lat' dir='ltr'>quibus</span> <span class='ocrx_word' id='word_1_374' title='bbox 1573 1909 1695 1945; x_wconf 84' lang='lat' dir='ltr'>verbis</span> <span class='ocrx_word' id='word_1_375' title='bbox 1730 1909 1895 1945; x_wconf 89' lang='lat' dir='ltr'>Canisius</span> 
     </span>
     <span class='ocr_line' id='line_1_35' title="bbox 129 1962 1894 2009; baseline -0.001 -9"><span class='ocrx_word' id='word_1_376' title='bbox 129 1965 354 2008; x_wconf 87' lang='lat' dir='ltr'>significasse</span> <span class='ocrx_word' id='word_1_377' title='bbox 372 1964 526 2006; x_wconf 89' lang='lat' dir='ltr'>videtur,</span> <span class='ocrx_word' id='word_1_378' title='bbox 552 1976 592 1999; x_wconf 90' lang='lat' dir='ltr'>se</span> <span class='ocrx_word' id='word_1_379' title='bbox 618 1977 658 1999; x_wconf 93' lang='lat' dir='ltr'>eo</span> <span class='ocrx_word' id='word_1_380' title='bbox 676 1965 733 2000; x_wconf 91' lang='lat' dir='ltr'>die</span> <span class='ocrx_word' id='word_1_381' title='bbox 757 1977 883 2000; x_wconf 88' lang='lat' dir='ltr'>rursus</span> <span class='ocrx_word' id='word_1_382' title='bbox 908 1965 1077 2000; x_wconf 88' lang='lat' dir='ltr'>habuisse</span> <span class='ocrx_word' id='word_1_383' title='bbox 1095 1964 1297 1999; x_wconf 89' lang='lat' dir='ltr'>contionem</span> <span class='ocrx_word' id='word_1_384' title='bbox 1322 1963 1358 1998; x_wconf 92' lang='lat' dir='ltr'>in</span> <span class='ocrx_word' id='word_1_385' title='bbox 1384 1963 1500 2009; x_wconf 87' lang='lat' dir='ltr'>priore</span> <span class='ocrx_word' id='word_1_386' title='bbox 1519 1963 1660 1998; x_wconf 83' lang='lat' dir='ltr'>Codicis</span> <span class='ocrx_word' id='word_1_387' title='bbox 1681 1965 1785 2009; x_wconf 86' lang='lat' dir='ltr'>parte</span> <span class='ocrx_word' id='word_1_388' title='bbox 1805 1962 1844 2007; x_wconf 86' lang='lat' dir='ltr'>(l.</span> <span class='ocrx_word' id='word_1_389' title='bbox 1863 1974 1894 1999; x_wconf 87' lang='lat' dir='ltr'>c.</span> 
     </span>
     <span class='ocr_line' id='line_1_36' title="bbox 127 2016 1890 2063; baseline -0.001 -11"><span class='ocrx_word' id='word_1_390' title='bbox 127 2019 152 2053; x_wconf 88' lang='lat' dir='ltr'>f.</span> <span class='ocrx_word' id='word_1_391' title='bbox 171 2018 358 2061; x_wconf 60' lang='lat'>222—242)</span> <span class='ocrx_word' id='word_1_392' title='bbox 392 2018 584 2063; x_wconf 86' lang='lat' dir='ltr'>scriptam,</span> <span class='ocrx_word' id='word_1_393' title='bbox 624 2029 730 2062; x_wconf 87' lang='lat' dir='ltr'>quam</span> <span class='ocrx_word' id='word_1_394' title='bbox 760 2018 814 2061; x_wconf 80' lang='lat' dir='ltr'>(ut</span> <span class='ocrx_word' id='word_1_395' title='bbox 849 2018 1008 2062; x_wconf 88' lang='lat' dir='ltr'>videtur)</span> <span class='ocrx_word' id='word_1_396' title='bbox 1035 2030 1067 2052; x_wconf 91' lang='lat' dir='ltr'>a.</span> <span class='ocrx_word' id='word_1_397' title='bbox 1093 2017 1184 2053; x_wconf 84' lang='lat'>1568</span> <span class='ocrx_word' id='word_1_398' title='bbox 1210 2016 1395 2060; x_wconf 87' lang='lat' dir='ltr'>Elvangae</span> <span class='ocrx_word' id='word_1_399' title='bbox 1433 2016 1641 2060; x_wconf 90' lang='lat' dir='ltr'>„Dominica</span> <span class='ocrx_word' id='word_1_400' title='bbox 1665 2016 1890 2051; x_wconf 78' lang='lat' dir='ltr'>Palmarum‘</span> 
     </span>
     <span class='ocr_line' id='line_1_37' title="bbox 131 2069 1895 2117; baseline -0.001 -11"><span class='ocrx_word' id='word_1_401' title='bbox 131 2072 203 2116; x_wconf 89' lang='lat'>(11.</span> <span class='ocrx_word' id='word_1_402' title='bbox 223 2070 374 2117; x_wconf 87' lang='lat' dir='ltr'>Aprilis)</span> <span class='ocrx_word' id='word_1_403' title='bbox 401 2083 507 2105; x_wconf 86' lang='lat' dir='ltr'>mane</span> <span class='ocrx_word' id='word_1_404' title='bbox 532 2071 708 2106; x_wconf 90' lang='lat' dir='ltr'>habuerat</span> <span class='ocrx_word' id='word_1_405' title='bbox 733 2071 776 2106; x_wconf 89' lang='lat' dir='ltr'>de</span> <span class='ocrx_word' id='word_1_406' title='bbox 802 2071 991 2115; x_wconf 86' lang='lat' dir='ltr'>evangelio</span> <span class='ocrx_word' id='word_1_407' title='bbox 1017 2071 1097 2114; x_wconf 91' lang='lat' dir='ltr'>diei,</span> <span class='ocrx_word' id='word_1_408' title='bbox 1124 2070 1321 2116; x_wconf 79' lang='lat' dir='ltr'>explicans,</span> <span class='ocrx_word' id='word_1_409' title='bbox 1352 2070 1547 2114; x_wconf 90' lang='lat' dir='ltr'>„quomodo</span> <span class='ocrx_word' id='word_1_410' title='bbox 1565 2069 1803 2114; x_wconf 89' lang='lat' dir='ltr'>Euangelium</span> <span class='ocrx_word' id='word_1_411' title='bbox 1828 2069 1895 2104; x_wconf 87' lang='lat' dir='ltr'>hoc</span> 
     </span>
     <span class='ocr_line' id='line_1_38' title="bbox 128 2124 688 2160; baseline 0 0"><span class='ocrx_word' id='word_1_412' title='bbox 128 2125 282 2160; x_wconf 86' lang='lat' dir='ltr'>seruiret</span> <span class='ocrx_word' id='word_1_413' title='bbox 307 2124 688 2160; x_wconf 82' lang='lat' dir='ltr'>communicantibus“.</span> 
     </span>
    </p>

    <p class='ocr_par' dir='ltr' id='par_1_10' title="bbox 128 2176 1896 2436">
     <span class='ocr_line' id='line_1_39' title="bbox 251 2176 1896 2222; baseline -0.002 -9"><span class='ocrx_word' id='word_1_414' title='bbox 251 2178 385 2221; x_wconf 81' lang='lat' dir='ltr'>„Serm.</span> <span class='ocrx_word' id='word_1_415' title='bbox 414 2178 467 2213; x_wconf 89' lang='lat'>13.</span> <span class='ocrx_word' id='word_1_416' title='bbox 519 2177 572 2212; x_wconf 92' lang='lat' dir='ltr'>De</span> <span class='ocrx_word' id='word_1_417' title='bbox 599 2177 786 2213; x_wconf 84' lang='lat' dir='ltr'>eductione</span> <span class='ocrx_word' id='word_1_418' title='bbox 820 2180 857 2212; x_wconf 93' lang='lat' dir='ltr'>et</span> <span class='ocrx_word' id='word_1_419' title='bbox 892 2176 1121 2212; x_wconf 87' lang='lat' dir='ltr'>crucifixione</span> <span class='ocrx_word' id='word_1_420' title='bbox 1149 2176 1315 2212; x_wconf 78' lang='lat' dir='ltr'>Christi.“</span> <span class='ocrx_word' id='word_1_421' title='bbox 1370 2176 1536 2212; x_wconf 88' lang='lat' dir='ltr'>Canisius</span> <span class='ocrx_word' id='word_1_422' title='bbox 1571 2177 1747 2211; x_wconf 88' lang='lat' dir='ltr'>adversus</span> <span class='ocrx_word' id='word_1_423' title='bbox 1777 2177 1896 2222; x_wconf 85' lang='lat' dir='ltr'>prote-</span> 
     </span>
     <span class='ocr_line' id='line_1_40' title="bbox 128 2229 1892 2276; baseline -0.002 -10"><span class='ocrx_word' id='word_1_424' title='bbox 128 2233 269 2266; x_wconf 84' lang='lat' dir='ltr'>stantes</span> <span class='ocrx_word' id='word_1_425' title='bbox 295 2231 528 2273; x_wconf 88' lang='lat' dir='ltr'>demonstrat,</span> <span class='ocrx_word' id='word_1_426' title='bbox 555 2230 753 2266; x_wconf 89' lang='lat' dir='ltr'>laudandos</span> <span class='ocrx_word' id='word_1_427' title='bbox 778 2242 869 2273; x_wconf 91' lang='lat' dir='ltr'>esse,</span> <span class='ocrx_word' id='word_1_428' title='bbox 903 2231 964 2275; x_wconf 91' lang='lat' dir='ltr'>qui</span> <span class='ocrx_word' id='word_1_429' title='bbox 995 2229 1217 2276; x_wconf 88' lang='lat' dir='ltr'>„passionem</span> <span class='ocrx_word' id='word_1_430' title='bbox 1244 2232 1280 2264; x_wconf 91' lang='lat' dir='ltr'>et</span> <span class='ocrx_word' id='word_1_431' title='bbox 1305 2232 1457 2264; x_wconf 90' lang='lat' dir='ltr'>mortem</span> <span class='ocrx_word' id='word_1_432' title='bbox 1483 2229 1619 2265; x_wconf 85' lang='lat' dir='ltr'>Christi</span> <span class='ocrx_word' id='word_1_433' title='bbox 1643 2229 1892 2275; x_wconf 74' lang='lat' dir='ltr'>deplorent“²;</span> 
     </span>
     <span class='ocr_line' id='line_1_41' title="bbox 129 2282 1893 2328; baseline -0.001 -10"><span class='ocrx_word' id='word_1_434' title='bbox 129 2284 255 2319; x_wconf 91' lang='lat' dir='ltr'>deinde</span> <span class='ocrx_word' id='word_1_435' title='bbox 281 2284 447 2326; x_wconf 88' lang='lat' dir='ltr'>ostendit,</span> <span class='ocrx_word' id='word_1_436' title='bbox 487 2295 571 2327; x_wconf 88' lang='lat' dir='ltr'>„cur</span> <span class='ocrx_word' id='word_1_437' title='bbox 597 2283 763 2319; x_wconf 88' lang='lat' dir='ltr'>Christus</span> <span class='ocrx_word' id='word_1_438' title='bbox 789 2283 940 2328; x_wconf 86' lang='lat' dir='ltr'>elegerit</span> <span class='ocrx_word' id='word_1_439' title='bbox 975 2282 1043 2318; x_wconf 88' lang='lat' dir='ltr'>sibi</span> <span class='ocrx_word' id='word_1_440' title='bbox 1077 2294 1220 2317; x_wconf 90' lang='lat' dir='ltr'>crucem</span> <span class='ocrx_word' id='word_1_441' title='bbox 1245 2285 1282 2317; x_wconf 89' lang='lat' dir='ltr'>et</span> <span class='ocrx_word' id='word_1_442' title='bbox 1307 2283 1343 2317; x_wconf 91' lang='lat' dir='ltr'>in</span> <span class='ocrx_word' id='word_1_443' title='bbox 1377 2282 1440 2317; x_wconf 90' lang='lat' dir='ltr'>illa</span> <span class='ocrx_word' id='word_1_444' title='bbox 1473 2282 1629 2318; x_wconf 89' lang='lat' dir='ltr'>uoluerit</span> <span class='ocrx_word' id='word_1_445' title='bbox 1653 2282 1767 2317; x_wconf 86' lang='lat' dir='ltr'>vitam</span> <span class='ocrx_word' id='word_1_446' title='bbox 1790 2293 1893 2316; x_wconf 87' lang='lat' dir='ltr'>suam</span> 
     </span>
     <span class='ocr_line' id='line_1_42' title="bbox 128 2334 1894 2381; baseline -0.002 -9"><span class='ocrx_word' id='word_1_447' title='bbox 128 2337 229 2372; x_wconf 90' lang='lat' dir='ltr'>finire</span> <span class='ocrx_word' id='word_1_448' title='bbox 268 2339 305 2372; x_wconf 90' lang='lat' dir='ltr'>et</span> <span class='ocrx_word' id='word_1_449' title='bbox 330 2337 501 2372; x_wconf 90' lang='lat' dir='ltr'>mundum</span> <span class='ocrx_word' id='word_1_450' title='bbox 538 2337 730 2371; x_wconf 82' lang='lat' dir='ltr'>redimere“</span> <span class='ocrx_word' id='word_1_451' title='bbox 765 2336 803 2381; x_wconf 91' lang='lat' dir='ltr'>(l.</span> <span class='ocrx_word' id='word_1_452' title='bbox 831 2348 860 2371; x_wconf 94' lang='lat' dir='ltr'>c.</span> <span class='ocrx_word' id='word_1_453' title='bbox 887 2337 911 2371; x_wconf 91' lang='lat' dir='ltr'>f.</span> <span class='ocrx_word' id='word_1_454' title='bbox 939 2334 1187 2380; x_wconf 67' lang='lat' dir='ltr'>125b—1402).</span> <span class='ocrx_word' id='word_1_455' title='bbox 1238 2335 1361 2370; x_wconf 88' lang='lat' dir='ltr'>Sermo</span> <span class='ocrx_word' id='word_1_456' title='bbox 1386 2335 1531 2371; x_wconf 89' lang='lat' dir='ltr'>habitus</span> <span class='ocrx_word' id='word_1_457' title='bbox 1557 2337 1613 2371; x_wconf 89' lang='lat' dir='ltr'>est</span> <span class='ocrx_word' id='word_1_458' title='bbox 1637 2335 1702 2370; x_wconf 83' lang='lat' dir='ltr'>fer.</span> <span class='ocrx_word' id='word_1_459' title='bbox 1728 2335 1790 2371; x_wconf 91' lang='lat'>111.</span> <span class='ocrx_word' id='word_1_460' title='bbox 1816 2335 1894 2370; x_wconf 87' lang='lat' dir='ltr'>sive</span> 
     </span>
     <span class='ocr_line' id='line_1_43' title="bbox 130 2391 337 2436; baseline -0.005 -11"><span class='ocrx_word' id='word_1_461' title='bbox 130 2392 161 2425; x_wconf 90' lang='lat'>5.</span> <span class='ocrx_word' id='word_1_462' title='bbox 187 2391 337 2436; x_wconf 89' lang='lat' dir='ltr'>Aprilis.</span> 
     </span>
    </p>

    <p class='ocr_par' dir='ltr' id='par_1_11' title="bbox 130 2441 1897 2540">
     <span class='ocr_line' id='line_1_44' title="bbox 251 2441 1897 2488; baseline -0.001 -10"><span class='ocrx_word' id='word_1_463' title='bbox 251 2444 312 2485; x_wconf 77' lang='lat' dir='ltr'>„In</span> <span class='ocrx_word' id='word_1_464' title='bbox 338 2443 404 2478; x_wconf 91' lang='lat' dir='ltr'>Die</span> <span class='ocrx_word' id='word_1_465' title='bbox 431 2442 569 2478; x_wconf 87' lang='lat' dir='ltr'>Coenae</span> <span class='ocrx_word' id='word_1_466' title='bbox 597 2442 758 2488; x_wconf 83' lang='lat' dir='ltr'>Dominj“</span> <span class='ocrx_word' id='word_1_467' title='bbox 789 2443 837 2487; x_wconf 85' lang='lat'>(7.</span> <span class='ocrx_word' id='word_1_468' title='bbox 866 2442 1030 2488; x_wconf 88' lang='lat' dir='ltr'>Aprilis).</span> <span class='ocrx_word' id='word_1_469' title='bbox 1083 2441 1228 2485; x_wconf 86' lang='lat' dir='ltr'>„Dicam</span> <span class='ocrx_word' id='word_1_470' title='bbox 1257 2443 1292 2477; x_wconf 88' lang='lat'>1⁰</span> <span class='ocrx_word' id='word_1_471' title='bbox 1317 2442 1490 2487; x_wconf 91' lang='lat' dir='ltr'>quomodo</span> <span class='ocrx_word' id='word_1_472' title='bbox 1517 2441 1682 2477; x_wconf 88' lang='lat' dir='ltr'>Christus</span> <span class='ocrx_word' id='word_1_473' title='bbox 1706 2441 1743 2476; x_wconf 91' lang='lat' dir='ltr'>in</span> <span class='ocrx_word' id='word_1_474' title='bbox 1767 2441 1897 2477; x_wconf 84' lang='lat' dir='ltr'>vltima</span> 
     </span>
     <span class='ocr_line' id='line_1_45' title="bbox 130 2495 1894 2540; baseline -0.002 -8"><span class='ocrx_word' id='word_1_475' title='bbox 130 2498 258 2532; x_wconf 84' lang='lat' dir='ltr'>coena“</span> <span class='ocrx_word' id='word_1_476' title='bbox 281 2497 408 2532; x_wconf 89' lang='lat' dir='ltr'>altaris</span> <span class='ocrx_word' id='word_1_477' title='bbox 430 2497 608 2540; x_wconf 89' lang='lat' dir='ltr'>„instituit</span> <span class='ocrx_word' id='word_1_478' title='bbox 632 2498 909 2539; x_wconf 86' lang='lat' dir='ltr'>sacramentum,</span> <span class='ocrx_word' id='word_1_479' title='bbox 935 2497 1082 2540; x_wconf 89' lang='lat' dir='ltr'>suisque</span> <span class='ocrx_word' id='word_1_480' title='bbox 1100 2496 1221 2531; x_wconf 90' lang='lat' dir='ltr'>uerbis</span> <span class='ocrx_word' id='word_1_481' title='bbox 1246 2498 1281 2531; x_wconf 88' lang='lat' dir='ltr'>et</span> <span class='ocrx_word' id='word_1_482' title='bbox 1307 2495 1415 2530; x_wconf 84' lang='lat' dir='ltr'>factis</span> <span class='ocrx_word' id='word_1_483' title='bbox 1433 2495 1554 2530; x_wconf 89' lang='lat' dir='ltr'>docuit</span> <span class='ocrx_word' id='word_1_484' title='bbox 1579 2495 1645 2530; x_wconf 85' lang='lat' dir='ltr'>hoc</span> <span class='ocrx_word' id='word_1_485' title='bbox 1668 2495 1790 2538; x_wconf 85' lang='lat' dir='ltr'>magni</span> <span class='ocrx_word' id='word_1_486' title='bbox 1815 2506 1894 2530; x_wconf 89' lang='lat' dir='ltr'>esse</span> 
     </span>
    </p>
   </div>
   <div class='ocr_carea' id='block_1_3' title="bbox 131 2557 1893 2676">
    <p class='ocr_par' dir='ltr' id='par_1_12' title="bbox 131 2557 1893 2676">
     <span class='ocr_line' id='line_1_46' title="bbox 248 2557 1892 2594; baseline -0.002 -7"><span class='ocrx_word' id='word_1_487' title='bbox 248 2562 276 2592; x_wconf 83' lang='lat' dir='ltr'>a)</span> <span class='ocrx_word' id='word_1_488' title='bbox 298 2561 335 2587; x_wconf 89' lang='lat' dir='ltr'>de</span> <span class='ocrx_word' id='word_1_489' title='bbox 355 2562 421 2587; x_wconf 84' lang='lat' dir='ltr'>libr.</span> <span class='ocrx_word' id='word_1_490' title='bbox 489 2560 520 2594; x_wconf 92' lang='lat' dir='ltr'>b)</span> <span class='ocrx_word' id='word_1_491' title='bbox 540 2561 764 2587; x_wconf 80' lang='lat' dir='ltr'>commonstrat</span> <span class='ocrx_word' id='word_1_492' title='bbox 783 2562 849 2586; x_wconf 84' lang='lat' dir='ltr'>libr.</span> <span class='ocrx_word' id='word_1_493' title='bbox 917 2562 943 2592; x_wconf 91' lang='lat' dir='ltr'>c)</span> <span class='ocrx_word' id='word_1_494' title='bbox 964 2562 1012 2586; x_wconf 77' lang='lat' dir='ltr'>Ita</span> <span class='ocrx_word' id='word_1_495' title='bbox 1031 2560 1098 2586; x_wconf 76' lang='lat' dir='ltr'>libr.</span> <span class='ocrx_word' id='word_1_496' title='bbox 1118 2561 1181 2592; x_wconf 75' lang='lat' dir='ltr'>ipse</span> <span class='ocrx_word' id='word_1_497' title='bbox 1201 2560 1329 2586; x_wconf 74' lang='lat' dir='ltr'>correxit</span> <span class='ocrx_word' id='word_1_498' title='bbox 1348 2568 1385 2585; x_wconf 75' lang='lat' dir='ltr'>ex</span> <span class='ocrx_word' id='word_1_499' title='bbox 1403 2558 1595 2586; x_wconf 79' lang='lat' dir='ltr'>excellentia.</span> <span class='ocrx_word' id='word_1_500' title='bbox 1661 2557 1691 2589; x_wconf 87' lang='lat' dir='ltr'>d)</span> <span class='ocrx_word' id='word_1_501' title='bbox 1711 2561 1759 2585; x_wconf 83' lang='lat' dir='ltr'>Ita</span> <span class='ocrx_word' id='word_1_502' title='bbox 1781 2559 1810 2585; x_wconf 81' lang='lat' dir='ltr'>C.</span> <span class='ocrx_word' id='word_1_503' title='bbox 1830 2559 1892 2591; x_wconf 74' lang='lat' dir='ltr'>ipse</span> 
     </span>
     <span class='ocr_line' id='line_1_47' title="bbox 131 2600 1893 2635; baseline -0.002 -7"><span class='ocrx_word' id='word_1_504' title='bbox 131 2603 258 2628; x_wconf 67' lang='lat' dir='ltr'>correxit</span> <span class='ocrx_word' id='word_1_505' title='bbox 273 2611 308 2628; x_wconf 68' lang='lat' dir='ltr'>ea:</span> <span class='ocrx_word' id='word_1_506' title='bbox 325 2611 366 2628; x_wconf 81' lang='lat' dir='ltr'>vv.</span> <span class='ocrx_word' id='word_1_507' title='bbox 380 2611 398 2628; x_wconf 86' lang='grc' dir='ltr'><em>α</em></span> <span class='ocrx_word' id='word_1_508' title='bbox 412 2604 478 2628; x_wconf 83' lang='lat' dir='ltr'>libr.</span> <span class='ocrx_word' id='word_1_509' title='bbox 492 2604 631 2635; x_wconf 74' lang='lat' dir='ltr'>scriptis.-</span> <span class='ocrx_word' id='word_1_510' title='bbox 649 2602 835 2634; x_wconf 85' lang='lat' dir='ltr'>meminisse,</span> <span class='ocrx_word' id='word_1_511' title='bbox 855 2601 927 2635; x_wconf 85' lang='lat' dir='ltr'>quid</span> <span class='ocrx_word' id='word_1_512' title='bbox 942 2601 1090 2628; x_wconf 85' lang='lat' dir='ltr'>hactenus</span> <span class='ocrx_word' id='word_1_513' title='bbox 1104 2600 1141 2627; x_wconf 89' lang='lat' dir='ltr'>de</span> <span class='ocrx_word' id='word_1_514' title='bbox 1154 2601 1311 2635; x_wconf 82' lang='lat' dir='ltr'>passione.</span> <span class='ocrx_word' id='word_1_515' title='bbox 1363 2603 1392 2634; x_wconf 83' lang='lat' dir='ltr'>e)</span> <span class='ocrx_word' id='word_1_516' title='bbox 1406 2600 1610 2635; x_wconf 81' lang='lat' dir='ltr'>expetiuimus</span> <span class='ocrx_word' id='word_1_517' title='bbox 1624 2601 1690 2627; x_wconf 77' lang='lat' dir='ltr'>libr.</span> <span class='ocrx_word' id='word_1_518' title='bbox 1745 2600 1773 2632; x_wconf 83' lang='lat' dir='ltr'>f)</span> <span class='ocrx_word' id='word_1_519' title='bbox 1788 2602 1817 2627; x_wconf 81' lang='lat'>0.</span> <span class='ocrx_word' id='word_1_520' title='bbox 1831 2600 1893 2632; x_wconf 71' lang='lat' dir='ltr'>ipse</span> 
     </span>
     <span class='ocr_line' id='line_1_48' title="bbox 133 2644 602 2676; baseline 0.002 -8"><span class='ocrx_word' id='word_1_521' title='bbox 133 2651 174 2668; x_wconf 70' lang='lat' dir='ltr'>tc.</span> <span class='ocrx_word' id='word_1_522' title='bbox 195 2651 252 2675; x_wconf 74' lang='lat' dir='ltr'>sqq.</span> <span class='ocrx_word' id='word_1_523' title='bbox 274 2644 303 2668; x_wconf 79' lang='lat' dir='ltr'>in</span> <span class='ocrx_word' id='word_1_524' title='bbox 325 2645 456 2676; x_wconf 62' lang='lat' dir='ltr'>margine</span> <span class='ocrx_word' id='word_1_525' title='bbox 476 2645 602 2669; x_wconf 78' lang='lat' dir='ltr'>addidit.</span> 
     </span>
    </p>
   </div>
   <div class='ocr_carea' id='block_1_4' title="bbox 132 2753 1896 3119">
    <p class='ocr_par' dir='ltr' id='par_1_13' title="bbox 132 2753 1895 2894">
     <span class='ocr_line' id='line_1_49' title="bbox 256 2753 1895 2802; baseline -0.001 -13"><span class='ocrx_word' id='word_1_526' title='bbox 256 2758 264 2776; x_wconf 86' lang='lat'>¹</span> <span class='ocrx_word' id='word_1_527' title='bbox 290 2756 345 2789; x_wconf 94' lang='lat' dir='ltr'>Ad</span> <span class='ocrx_word' id='word_1_528' title='bbox 365 2756 516 2791; x_wconf 90' lang='lat' dir='ltr'>eundem</span> <span class='ocrx_word' id='word_1_529' title='bbox 534 2767 735 2791; x_wconf 89' lang='lat' dir='ltr'>sermonem</span> <span class='ocrx_word' id='word_1_530' title='bbox 753 2756 931 2802; x_wconf 87' lang='lat' dir='ltr'>pertinere</span> <span class='ocrx_word' id='word_1_531' title='bbox 948 2755 1127 2797; x_wconf 82' lang='lat' dir='ltr'>videntur,</span> <span class='ocrx_word' id='word_1_532' title='bbox 1155 2766 1246 2800; x_wconf 90' lang='lat' dir='ltr'>quae</span> <span class='ocrx_word' id='word_1_533' title='bbox 1264 2754 1309 2789; x_wconf 84' lang='lat' dir='ltr'>ab</span> <span class='ocrx_word' id='word_1_534' title='bbox 1327 2754 1450 2789; x_wconf 90' lang='lat' dir='ltr'>eodem</span> <span class='ocrx_word' id='word_1_535' title='bbox 1468 2753 1642 2800; x_wconf 88' lang='lat' dir='ltr'>scriptore</span> <span class='ocrx_word' id='word_1_536' title='bbox 1659 2755 1785 2789; x_wconf 84' lang='lat' dir='ltr'>notata</span> <span class='ocrx_word' id='word_1_537' title='bbox 1808 2754 1895 2788; x_wconf 84' lang='lat' dir='ltr'>sunt</span> 
     </span>
     <span class='ocr_line' id='line_1_50' title="bbox 132 2806 1894 2854; baseline 0.001 -14"><span class='ocrx_word' id='word_1_538' title='bbox 132 2806 169 2840; x_wconf 90' lang='lat' dir='ltr'>in</span> <span class='ocrx_word' id='word_1_539' title='bbox 196 2807 279 2842; x_wconf 88' lang='lat' dir='ltr'>Cod.</span> <span class='ocrx_word' id='word_1_540' title='bbox 302 2809 409 2850; x_wconf 89' lang='lat' dir='ltr'>„Can.</span> <span class='ocrx_word' id='word_1_541' title='bbox 428 2809 493 2844; x_wconf 68' lang='lat'>26⁶³</span> <span class='ocrx_word' id='word_1_542' title='bbox 524 2810 548 2844; x_wconf 87' lang='lat' dir='ltr'>f.</span> <span class='ocrx_word' id='word_1_543' title='bbox 567 2811 647 2851; x_wconf 69' lang='lat'>42³5</span> <span class='ocrx_word' id='word_1_544' title='bbox 674 2809 737 2844; x_wconf 91' lang='lat' dir='ltr'>ubi</span> <span class='ocrx_word' id='word_1_545' title='bbox 762 2809 868 2844; x_wconf 85' lang='lat' dir='ltr'>etiam</span> <span class='ocrx_word' id='word_1_546' title='bbox 897 2809 1047 2844; x_wconf 87' lang='lat' dir='ltr'>dicitur:</span> <span class='ocrx_word' id='word_1_547' title='bbox 1078 2807 1248 2854; x_wconf 85' lang='lat' dir='ltr'>„Accepit</span> <span class='ocrx_word' id='word_1_548' title='bbox 1265 2808 1286 2842; x_wconf 85' lang='lat'>5</span> <span class='ocrx_word' id='word_1_549' title='bbox 1312 2807 1423 2842; x_wconf 79' lang='lat' dir='ltr'>millia</span> <span class='ocrx_word' id='word_1_550' title='bbox 1448 2807 1637 2842; x_wconf 91' lang='lat' dir='ltr'>uulnerum</span> <span class='ocrx_word' id='word_1_551' title='bbox 1662 2809 1756 2842; x_wconf 86' lang='lat' dir='ltr'>teste</span> <span class='ocrx_word' id='word_1_552' title='bbox 1780 2806 1894 2841; x_wconf 85' lang='lat' dir='ltr'>Bona-</span> 
     </span>
     <span class='ocr_line' id='line_1_51' title="bbox 134 2862 314 2894; baseline 0.006 -1"><span class='ocrx_word' id='word_1_553' title='bbox 134 2862 314 2894; x_wconf 84' lang='lat' dir='ltr'>uentura.“</span> 
     </span>
    </p>

    <p class='ocr_par' dir='ltr' id='par_1_14' title="bbox 135 2912 1896 3119">
     <span class='ocr_line' id='line_1_52' title="bbox 254 2912 1894 2959; baseline 0 -13"><span class='ocrx_word' id='word_1_554' title='bbox 254 2912 267 2932; x_wconf 83' lang='lat'>‘²</span> <span class='ocrx_word' id='word_1_555' title='bbox 295 2912 466 2949; x_wconf 84' lang='lat' dir='ltr'>Erasmus</span> <span class='ocrx_word' id='word_1_556' title='bbox 484 2914 746 2950; x_wconf 90' lang='lat' dir='ltr'>Roterodamus</span> <span class='ocrx_word' id='word_1_557' title='bbox 764 2914 897 2950; x_wconf 88' lang='lat' dir='ltr'>Christi</span> <span class='ocrx_word' id='word_1_558' title='bbox 923 2916 1074 2949; x_wconf 90' lang='lat' dir='ltr'>mortem</span> <span class='ocrx_word' id='word_1_559' title='bbox 1099 2925 1169 2948; x_wconf 89' lang='lat' dir='ltr'>non</span> <span class='ocrx_word' id='word_1_560' title='bbox 1194 2913 1458 2959; x_wconf 86' lang='lat' dir='ltr'>deplorandam,</span> <span class='ocrx_word' id='word_1_561' title='bbox 1483 2913 1546 2948; x_wconf 88' lang='lat' dir='ltr'>sed</span> <span class='ocrx_word' id='word_1_562' title='bbox 1572 2913 1790 2947; x_wconf 85' lang='lat' dir='ltr'>adorandam</span> <span class='ocrx_word' id='word_1_563' title='bbox 1815 2923 1894 2946; x_wconf 88' lang='lat' dir='ltr'>esse</span> 
     </span>
     <span class='ocr_line' id='line_1_53' title="bbox 135 2964 1896 3013; baseline 0 -15"><span class='ocrx_word' id='word_1_564' title='bbox 135 2964 343 2999; x_wconf 85' lang='lat' dir='ltr'>affirmavit.</span> <span class='ocrx_word' id='word_1_565' title='bbox 393 2966 492 3007; x_wconf 83' lang='lat' dir='ltr'>Quae</span> <span class='ocrx_word' id='word_1_566' title='bbox 518 2968 696 3002; x_wconf 90' lang='lat' dir='ltr'>sententia</span> <span class='ocrx_word' id='word_1_567' title='bbox 721 2971 759 3002; x_wconf 89' lang='lat' dir='ltr'>et</span> <span class='ocrx_word' id='word_1_568' title='bbox 783 2967 1065 3013; x_wconf 82' lang='lat' dir='ltr'>protestantibus</span> <span class='ocrx_word' id='word_1_569' title='bbox 1091 2967 1272 3011; x_wconf 84' lang='lat' dir='ltr'>germanis</span> <span class='ocrx_word' id='word_1_570' title='bbox 1297 2966 1443 3012; x_wconf 87' lang='lat' dir='ltr'>placuit,</span> <span class='ocrx_word' id='word_1_571' title='bbox 1479 2968 1524 3008; x_wconf 89' lang='lat' dir='ltr'>et,</span> <span class='ocrx_word' id='word_1_572' title='bbox 1550 2965 1667 3011; x_wconf 91' lang='lat' dir='ltr'>inquit</span> <span class='ocrx_word' id='word_1_573' title='bbox 1691 2965 1896 3009; x_wconf 69' lang='lat' dir='ltr'>Alphonsus</span> 
     </span>
     <span class='ocr_line' id='line_1_54' title="bbox 138 3017 1894 3065; baseline 0.001 -13"><span class='ocrx_word' id='word_1_574' title='bbox 138 3018 319 3052; x_wconf 82' lang='lat' dir='ltr'>Salmeron</span> <span class='ocrx_word' id='word_1_575' title='bbox 349 3017 383 3052; x_wconf 83' lang='lat' dir='ltr'>S.</span> <span class='ocrx_word' id='word_1_576' title='bbox 402 3019 446 3059; x_wconf 72' lang='lat' dir='ltr'>J„</span> <span class='ocrx_word' id='word_1_577' title='bbox 477 3020 531 3061; x_wconf 88' lang='lat' dir='ltr'>„in</span> <span class='ocrx_word' id='word_1_578' title='bbox 558 3021 672 3055; x_wconf 88' lang='lat' dir='ltr'>multa</span> <span class='ocrx_word' id='word_1_579' title='bbox 699 3020 962 3056; x_wconf 86' lang='lat' dir='ltr'>Catholicorum</span> <span class='ocrx_word' id='word_1_580' title='bbox 988 3020 1066 3055; x_wconf 89' lang='lat' dir='ltr'>loca</span> <span class='ocrx_word' id='word_1_581' title='bbox 1091 3031 1236 3065; x_wconf 89' lang='lat' dir='ltr'>serpere</span> <span class='ocrx_word' id='word_1_582' title='bbox 1262 3019 1398 3065; x_wconf 82' lang='lat' dir='ltr'>coepit“</span> <span class='ocrx_word' id='word_1_583' title='bbox 1422 3018 1692 3063; x_wconf 88' lang='lat' dir='ltr'>(Commentarii</span> <span class='ocrx_word' id='word_1_584' title='bbox 1718 3019 1752 3053; x_wconf 90' lang='lat' dir='ltr'>in</span> <span class='ocrx_word' id='word_1_585' title='bbox 1778 3018 1894 3053; x_wconf 78' lang='lat' dir='ltr'>Evan-</span> 
     </span>
     <span class='ocr_line' id='line_1_55' title="bbox 137 3070 1816 3119; baseline 0.001 -15"><span class='ocrx_word' id='word_1_586' title='bbox 137 3070 288 3115; x_wconf 89' lang='lat' dir='ltr'>gelicam</span> <span class='ocrx_word' id='word_1_587' title='bbox 315 3070 522 3114; x_wconf 87' lang='lat' dir='ltr'>Historiam,</span> <span class='ocrx_word' id='word_1_588' title='bbox 550 3075 586 3107; x_wconf 91' lang='lat' dir='ltr'>et</span> <span class='ocrx_word' id='word_1_589' title='bbox 611 3073 646 3107; x_wconf 91' lang='lat' dir='ltr'>in</span> <span class='ocrx_word' id='word_1_590' title='bbox 672 3075 764 3108; x_wconf 87' lang='lat' dir='ltr'>Acta</span> <span class='ocrx_word' id='word_1_591' title='bbox 790 3074 1042 3119; x_wconf 85' lang='lat' dir='ltr'>Apostolorum</span> <span class='ocrx_word' id='word_1_592' title='bbox 1069 3076 1095 3109; x_wconf 89' lang='lat' dir='ltr'>t.</span> <span class='ocrx_word' id='word_1_593' title='bbox 1119 3072 1162 3116; x_wconf 91' lang='lat' dir='ltr'>X,</span> <span class='ocrx_word' id='word_1_594' title='bbox 1184 3075 1290 3108; x_wconf 81' lang='lat' dir='ltr'>tract.</span> <span class='ocrx_word' id='word_1_595' title='bbox 1313 3073 1370 3115; x_wconf 86' lang='lat'>35,</span> <span class='ocrx_word' id='word_1_596' title='bbox 1397 3072 1564 3109; x_wconf 87' lang='lat' dir='ltr'>Coloniae</span> <span class='ocrx_word' id='word_1_597' title='bbox 1591 3072 1693 3115; x_wconf 87' lang='lat'>1604,</span> <span class='ocrx_word' id='word_1_598' title='bbox 1718 3071 1816 3114; x_wconf 84' lang='lat'>284).</span> 
     </span>
    </p>
   </div>
  </div>
 </body>
</html>
