2044 3335
161 92 254 133 552-
800 89 896 122 Mon.
924 89 989 123 941
1018 88 1096 123 sive
1122 88 1190 122 elv.
1212 88 1278 132 (3).

162 220 246 248 una
269 206 413 255 biblia,
446 220 577 247 unum
600 205 856 259 symbolum,
888 219 1019 247 unam
1041 204 1295 257 Ecclesiam,
1329 220 1459 248 unum
1484 208 1613 260 caput
1640 205 1683 247 in
1707 205 1923 260 spirituali

162 274 205 314 et
237 271 423 312 seculari
454 273 586 313 statu.

278 335 479 388 Cogitent
521 348 576 377 ex
617 335 823 386 aduerso,
867 349 993 388 quam
1039 335 1096 377 sit
1128 336 1220 377 Deo
1262 335 1524 378 contrarium
1567 338 1611 377 et
1652 334 1922 378 Christianae

161 400 377 442 uocationi
410 399 756 453 ignominiosum,
790 401 839 442 ut
860 402 1067 454 rumpant
1088 399 1307 442 uinculum
1329 400 1522 450 unitatis,
1555 402 1605 442 ut
1626 400 1778 443 uiuant
1808 400 1923 444 inter

158 478 204 507 se
236 479 321 506 non
353 464 465 507 sicut
497 464 657 507 fratres
679 465 933 507 unanimes1
964 465 1007 506 in
1031 465 1169 515 domo,
1204 465 1280 507 sed
1302 464 1415 507 sicut
1447 479 1575 507 canes
1599 467 1642 507 et
1674 465 1803 508 feles:
1836 480 1922 508 non

157 529 269 571 sicut
309 543 413 571 oues
445 529 739 580 obedientes2,
781 530 857 572 sed
888 529 1002 572 sicut
1042 529 1155 584 lupi
1198 531 1475 583 rapaces3,
1518 530 1693 572 dolosae
1725 531 1920 585 uulpes4,

157 594 226 636 uel
258 594 503 637 immundae
535 609 634 636 sues
647 596 677 645 ⁵,
711 599 756 637 et
786 595 972 637 rebelles
1004 608 1055 636 ac
1087 594 1282 636 seditiosi
1315 594 1444 637 ciues.

274 660 336 702 Vt
368 662 512 702 autem
546 662 664 702 certo
694 660 872 702 uideant
904 673 1066 710 omnes,
1101 659 1214 712 quod
1237 658 1456 713 Princeps,
1490 673 1576 701 non
1607 660 1809 714 seipsum,
1842 673 1922 702 nec

158 738 279 766 suam
312 724 561 775 utilitatem,
604 724 680 766 sed
722 738 990 766 communem
1033 724 1274 766 animarum
1315 724 1501 766 salutem
1543 727 1588 767 et
1619 725 1744 766 huius
1777 725 1923 779 oppidi

157 789 397 843 profectum
421 792 604 842 quaerat
625 803 676 831 ac
698 789 844 843 cupiat
856 790 884 840 6,
919 789 1075 832 statuit
1097 789 1165 831 hic
1186 802 1362 831 manere
1395 791 1440 831 et
1461 791 1634 842 gratam
1657 789 1919 832 audientiam

157 854 354 896 omnibus
386 854 503 905 dare,
538 854 610 908 qui
641 854 685 896 in
708 868 840 896 causa
871 854 971 896 fidei
1003 854 1191 906 aliquem
1214 867 1404 896 errorem
1438 854 1506 896 uel
1540 854 1712 896 dubium
1746 854 1920 899 habent.

158 919 202 961 Si
233 934 319 961 non
341 919 530 970 ueniant,
563 919 679 961 forte
701 919 876 961 uocabit
907 919 1018 969 illos,
1052 922 1101 961 ut
1123 933 1178 961 ex
1210 922 1336 973 parte
1358 933 1437 961 sua
1458 918 1564 960 nihil
1587 919 1775 970 omittat,
1809 920 1922 972 quod

157 984 212 1027 ad
234 984 378 1035 fidum,
412 984 658 1034 sollicitum,
693 987 738 1027 et
769 984 1001 1037 benignum
1025 986 1246 1038 pastorem
1279 986 1463 1038 spectat.
1507 984 1625 1038 Aget
1647 988 1793 1027 autem
1826 998 1921 1026 cum

157 1049 338 1103 singulis
371 1063 448 1103 per
479 1063 526 1091 se
559 1052 603 1091 et
624 1049 762 1091 alios⁷
793 1049 873 1091 hoc
895 1049 1035 1100 modo,
1069 1051 1116 1091 ut
1138 1049 1281 1091 nullus
1312 1049 1450 1103 possit
1473 1049 1606 1102 queri,
1641 1049 1717 1091 sed
1749 1063 1796 1091 re
1827 1049 1923 1103 ipsa

156 1114 244 1156 sint
276 1114 499 1168 experturi
533 1127 696 1165 omnes,
739 1115 852 1168 quod
893 1113 1006 1155 serio
1040 1117 1249 1166 queratur
1289 1113 1428 1167 gloria
1460 1113 1540 1155 Dei
1583 1116 1627 1156 et
1668 1114 1787 1156 salus
1829 1114 1920 1155 ani-

155 1193 335 1221 marum.
401 1178 535 1232 Spero
578 1179 713 1232 igitur
754 1179 969 1221 neminem
1014 1178 1108 1221 fore
1154 1182 1271 1221 tam³
1313 1178 1593 1221 indiscretum
1641 1182 1685 1222 et
1731 1178 1921 1220 immori—

157 1258 307 1298 gerum
342 1269 398 1274 —
432 1268 487 1271 -

274 1313 351 1348 Hoc
377 1313 452 1348 1000
479 1313 703 1358 abrumpitur
728 1313 892 1358 inceptus
914 1325 1050 1355 sermo;
1076 1313 1231 1348 fortasse
1251 1312 1416 1348 Canisius
1442 1313 1598 1348 addidit:
1627 1312 1864 1353 Cardinalem,
1891 1313 1921 1347 si

156 1367 216 1411 qui
241 1367 334 1401 forte
360 1367 564 1412 pertinaces
590 1367 702 1401 futuri
729 1370 860 1408 essent,
895 1367 1040 1401 tandem
1067 1367 1261 1402 severitate
1295 1367 1332 1401 in
1367 1378 1427 1401 eos
1461 1377 1610 1400 usurum
1646 1377 1745 1406 esse;
1781 1369 1922 1400 constat

155 1422 262 1462 certe,
289 1432 370 1454 eum
396 1420 446 1454 ita
473 1420 606 1463 egisse;
635 1432 668 1454 v,
687 1431 796 1465 supra
822 1432 854 1465 p.
876 1420 1074 1455 190—193.

274 1474 351 1508 Hoc
376 1485 463 1508 sane
490 1485 533 1507 ex
556 1474 694 1508 Canisz'i
719 1474 849 1514 verbis,
876 1485 967 1518 quae
993 1473 1106 1518 posui,
1132 1472 1374 1516 intellegitur:
1401 1473 1491 1507 Eum
1511 1472 1697 1516 Elvangae
1720 1472 1921 1507 modestum

155 1529 191 1561 et
216 1538 366 1561 suavem
393 1538 431 1561 se
458 1526 676 1572 praebuisse.
718 1527 773 1561 Ita
791 1526 900 1561 etiam
927 1527 1040 1572 ipsius
1065 1527 1171 1561 huius
1198 1527 1369 1560 orationis
1396 1527 1488 1571 parti
1506 1526 1685 1560 secundae
1707 1526 1920 1571 *praefatus

156 1583 229 1615 est:
261 1579 379 1622 „Peto,
411 1582 452 1614 ut
478 1579 670 1623 diligenter
694 1591 750 1614 me
777 1580 941 1621 audiatis,
968 1592 1034 1614 1190
1060 1580 1242 1620 dubitetis,
1268 1579 1357 1613 nihil
1383 1579 1441 1614 hic
1466 1580 1632 1624 spectari,
1660 1590 1766 1624 quam
1793 1591 1919 1624 purum

156 1633 223 1668 Dei
258 1633 439 1675 honorem,
475 1635 511 1667 et
545 1635 706 1667 uestrum
741 1633 898 1667 omnium
933 1645 1156 1668 communem
1190 1633 1400 1675 utilitatem,
1437 1633 1679 1677 cuiuscunque
1713 1632 1806 1674 fidei,
1841 1644 1920 1667 oon-

155 1687 309 1728 ditionis,
344 1686 486 1727 aetatis,
521 1689 639 1721 status
674 1689 710 1721 et
745 1686 852 1731 officij
888 1687 989 1721 sitis“
1021 1686 1059 1730 (l.
1088 1698 1117 1720 0.
1146 1686 1171 1722 f.
1191 1687 1280 1729 5112).
1331 1686 1378 1720 Et
1404 1686 1439 1720 in
1466 1685 1719 1720 commentario
1746 1686 1921 1720 contionis

160 1739 207 1782 (2.
235 1739 370 1784 Aprilis
398 1739 500 1779 1568,
526 1742 567 1773 ut
591 1739 744 1781 videtur,
770 1739 944 1783 habitae),
980 1751 1050 1784 qua
1077 1740 1119 1774 de
1146 1739 1391 1773 communione
1427 1739 1492 1773 sub
1519 1751 1589 1773 una
1616 1741 1651 1773 et
1676 1739 1742 1773 sub
1768 1741 1921 1783 utraque

155 1793 273 1838 specie
300 1793 537 1827 eucharistica
570 1793 614 1827 ad
641 1792 890 1837 Elvangenses
925 1793 1042 1827 dicere
1078 1792 1280 1837 incipiebat,
1315 1793 1404 1826 haec
1438 1792 1505 1826 sibi
1532 1792 1720 1826 *notavitz
1761 1791 1921 1835 „Rogare

155 1846 336 1880 auditores
362 1847 398 1880 in
423 1846 549 1891 primis
573 1848 614 1880 ut
638 1846 752 1880 malos
787 1846 938 1881 affectus
973 1846 1154 1891 deponant
1186 1857 1252 1880 nec
1287 1858 1326 1880 se
1360 1846 1557 1890 impediant
1590 1845 1626 1879 in
1658 1845 1767 1879 uerbo
1793 1845 1859 1879 Dei
1885 1849 1921 1879 et·

155 1899 232 1933 eius
258 1911 343 1933 uero
369 1911 476 1934 sensu
503 1900 551 1934 .2Ο
577 1902 617 1934 ut
643 1899 790 1934 audiant
815 1900 994 1944 patienter
1029 1902 1065 1933 et
1095 1901 1283 1933 mansuete
1308 1900 1346 1934 3¹?
1370 1902 1411 1933 ut
1435 1899 1632 1944 ponderent
1667 1901 1703 1933 et
1733 1902 1919 1943 quaerant,

155 1964 246 1996 quae
280 1953 373 1986 forte
407 1964 477 1986 non
512 1952 730 1996 intelligunt.
780 1953 817 1988 4?
843 1955 883 1987 ut
917 1952 1037 1987 sinant
1071 1964 1109 1987 se
1144 1953 1180 1987 in
1215 1952 1390 1987 charitate
1425 1952 1626 1994 informari,
1661 1951 1780 1997 potius
1813 1963 1918 1996 quam

155 2005 315 2040 iudicent
341 2007 377 2039 et
402 2005 590 2039 damnent“
625 2005 661 2047 (l.
681 2017 710 2040 0.
730 2005 754 2039 f.
775 2006 864 2049 59¹³).

158 2131 256 2168 941
282 2134 360 2168 sive
388 2132 491 2169 ειν.
512 2132 612 2179 (3).
687 2133 743 2169 28.
763 2131 889 2169 Martii
915 2133 951 2168 et
978 2131 1011 2168 9.
1028 2131 1170 2179 Aprilis
1187 2131 1233 2176 (5³)
1248 2131 1343 2168 1568.

274 2192 329 2226 Ex
363 2192 567 2227 contionum
603 2192 868 2227 commentariis
895 2204 915 2226 a
941 2192 981 2227 P.
1009 2192 1162 2226 Antonio
1199 2192 1356 2227 Guisano
1393 2191 1427 2226 S.
1453 2193 1486 2227 J.
1513 2193 1657 2238 scriptis
1692 2195 1727 2227 et
1762 2193 1806 2227 ab
1841 2193 1918 2239 ipso

154 2245 300 2300 Canisiob
321 2245 527 2288 recognit-is.
578 2245 663 2280 Can.
683 2246 726 2280 31
753 2245 779 2280 f.
799 2245 859 2280 50Β
883 2245 955 2280 68¹³.

272 2306 507 2349 Elvanyenses
531 2310 656 2348 monet,
681 2309 721 2339 ut
745 2309 967 2338 sacramenta
994 2315 1016 2337 α
1041 2306 1282 2339 sacerdotibus
1300 2309 1435 2349 petant,
1463 2307 1601 2339 etiamsi
1633 2306 1690 2338 illi
1714 2305 1813 2339 haud
1838 2307 1919 2340 bene

153 2360 224 2392 sint
249 2360 391 2392 morati.

275 2419 474 2460 canisius
514 2419 560 2460 in
593 2419 778 2460 contione
809 2418 1027 2472 Elvanyae
1058 2419 1285 2460 Dominica
1317 2418 1395 2462 IV.
1432 2420 1793 2474 Quccclraqesimae
1833 2421 1918 2462 sive

155 2484 226 2525 28.
260 2484 415 2525 Martii
446 2485 563 2525 1568
594 2483 740 2524 habita
783 2484 1039 2538 evanqelz'um
1081 2484 1167 2525 diez·
1207 2486 1290 2526 sive
1331 2484 1550 2526 historiam
1583 2486 1700 2526 5000
1731 2485 1916 2526 virorum

155 2549 201 2588 in
234 2548 392 2589 deserto
426 2551 452 2589 5
480 2549 667 2603 pambus
702 2553 736 2589 et
767 2550 795 2590 2
825 2549 1010 2603 piscibus
1048 2563 1127 2603 per
1160 2549 1372 2591 Christum
1415 2550 1663 2590 satiatorum
1706 2564 1757 2591 ex
1795 2564 1915 2591 evan-

159 2613 263 2666 yelz‘o
286 2613 463 2654 Ioannis
486 2612 548 2665 (ὅ,
582 2613 749 2665 1—15)
783 2613 1100 2668 depromptam8
1132 2615 1190 2655 ad
1217 2628 1375 2669 panem
1401 2614 1721 2655 eucharisticum
1757 2628 1916 2655 accom-

157 2677 358 2719 modans:
399 2678 493 2727 Est,
527 2679 676 2733 inquit,
719 2678 828 2720 satis
866 2678 1055 2728 credere,
1098 2679 1210 2731 quod
1244 2677 1438 2720 Christus
1479 2678 1555 2721 dat
1594 2678 1706 2720 hunc
1746 2693 1915 2733 panem,

273 2753 300 2779 a)
321 2752 459 2782 Sequitur
478 2751 583 2783 crassi,
603 2752 691 2777 omitt.

278 2858 286 2876 ¹
315 2857 368 2891 Cf.
395 2858 475 2892 Phil
504 2859 532 2899 1,
560 2859 623 2898 27;
652 2859 683 2900 2,
711 2858 742 2893 2.
889 2859 902 2879 ²
930 2858 982 2894 Cf.
1011 2859 1047 2893 Io
1077 2859 1129 2901 10,
1156 2859 1177 2893 3
1203 2860 1236 2894 4.

275 2910 286 2928 ³
313 2910 367 2943 Mt
394 2911 424 2950 7,
454 2912 506 2945 15.
556 2913 627 2945 Act
652 2912 707 2953 20,
734 2912 797 2952 29;
825 2911 870 2947 cf.
891 2913 928 2946 Io
958 2913 1010 2952 10,
1040 2911 1093 2947 12.
1239 2914 1252 2933 ⁴
1280 2911 1332 2946 Cf.
1362 2911 1409 2946 Lc
1437 2911 1488 2952 13,
1518 2911 1573 2946 32.

276 2961 288 2980 ⁵
315 2962 367 2995 Cf.
395 2963 416 2995 2
442 2963 529 2997 Petr
554 2964 586 3004 2,
612 2965 668 2998 22.
815 2966 828 2985 ⁶
855 2964 907 2999 Cf.
937 2966 952 3000 1
984 2964 1053 3000 Cor
1080 2965 1132 3005 10,
1160 2965 1223 3006 33;
1250 2965 1271 2999 2
1299 2964 1367 2999 Cor
1396 2965 1448 3005 12,
1479 2965 1521 2998 14
1547 2967 1614 2999 etc.

274 3013 286 3033 ⁷
313 3012 368 3046 Ex
392 3013 518 3047 horum
544 3027 691 3050 numero
718 3016 900 3051 Canisium
925 3017 1038 3052 fuisse
1063 3020 1201 3052 certum
1228 3020 1293 3052 est.

275 3065 287 3083 ⁸
314 3064 367 3099 Cf.
394 3065 449 3098 Mt
476 3067 529 3107 14,
559 3068 715 3108 14—213
742 3069 801 3103 Mc
827 3070 858 3111 6,
885 3070 1043 3110 34—44;
1071 3069 1120 3104 Lo
1148 3071 1178 3111 9,
1207 3070 1356 3104 12—17.
