2044 3335
157 75 240 115 152
320 73 423 108 1549.
450 72 667 116 Magdalena
693 74 729 106 et
755 72 894 106 Helena
920 72 1006 106 Can.
1050 71 1250 117 Oeniponte
1275 72 1369 107 inter
1396 73 1450 108 19.
1470 74 1505 107 et
1531 73 1587 107 22.
1606 72 1691 107 Dec.
1713 74 1813 108 1567.

158 188 307 225 1549.
406 190 496 224 Ven.
524 186 957 224 MAGDALENA
984 188 1155 223 Austriae
1190 188 1438 224 archiducissa
1473 192 1508 224 et
1533 188 1813 226 HELENA
1845 190 1923 225 eius

342 254 442 276 soror
469 241 673 276 CANISIO.
959 241 1159 286 Oeniponte
1184 241 1278 276 inter
1307 243 1363 278 19.
1390 245 1427 277 et
1452 243 1508 277 22.
1535 241 1743 277 Decembris
1772 243 1872 278 1567.

154 358 180 394 C
273 306 327 340 Ex
365 306 521 351 epistula
557 306 602 340 ad
641 306 818 349 Borgiam,
856 305 900 340 de
939 317 1009 350 qua
1048 305 1142 340 infra
1177 317 1210 350 p.
1240 306 1317 341 153.
1378 306 1545 352 Epistula
1582 318 1670 341 usus
1706 309 1762 341 est
1795 308 1922 352 Kross,

184 370 238 394 an.
270 359 347 393 181.

271 430 324 462 Ne
358 431 400 462 de
435 430 664 472 confessariis
699 430 882 462 mutandis
906 440 941 462 se
966 440 1108 462 monere
1127 434 1276 472 peryat;
1304 431 1529 473 parcendum
1555 441 1623 463 esse
1647 441 1733 464 suae
1756 432 1825 464 sive
1850 431 1923 464 vir-

152 483 236 515 tutis
260 484 329 515 sive
354 483 567 515 valetudinis
593 483 835 515 imbecillitati.
887 482 959 515 Nec
983 493 1019 515 se
1052 483 1232 526 meruisse,
1267 488 1306 516 ut
1332 484 1430 517 Socii
1456 484 1573 517 Halae
1597 483 1691 517 nihil
1717 484 1830 526 officii
1853 484 1922 517 sibi

150 540 338 578 [in-aestate
371 536 515 577 υθῖἶεηΐ,ι
548 537 600 568 ita
635 540 665 568 et
699 539 860 578 sumptus
896 537 1022 569 irritos
1049 536 1130 577 fore
1155 540 1185 568 et
1208 536 1345 578 fratres
1370 547 1452 569 suos
1477 537 1650 579 offensum
1676 538 1727 570 iri
1753 542 1782 570 et
1807 548 1842 570 se
1868 537 1922 570 lu-

151 589 270 621 dibrio
295 600 365 622 esse
388 590 547 630 futuras.
597 589 686 622 Alia
711 589 780 622 sibi
806 599 874 621 esse
894 590 1086 631 promissa.
1115 589 1365 622 Sacerdotibus
1389 590 1634 623 saecularibus
1658 601 1694 623 se
1717 590 1825 632 fidere
1851 600 1922 624 non

148 652 260 684 posse.
312 643 439 676 Denuo
466 643 607 675 domum
635 643 856 675 noriciorum
883 642 1049 684 offerunt.

273 714 475 755 Canisius
502 713 729 767 Oeniponte
750 714 821 755 22.
844 713 1090 754 Decembris
1112 714 1230 754 1567
1262 714 1321 754 ad
1350 715 1393 757 S.
1417 714 1695 755 Franciscum
1717 714 1921 769 Boryiam

148 781 437 834 praepositum
466 778 704 832 qeneralem
737 779 907 831 rettulit,
948 792 1002 831 se,
1038 792 1145 833 quae
1178 779 1463 833 Maqdalenae
1496 784 1532 821 et
1564 780 1751 821 Helenae
1784 780 1922 821 archi-

153 843 335 885 ducissis
365 857 598 899 proponere
630 843 681 884 ab
714 844 806 898 ipso
841 845 981 884 iussus
1010 848 1123 896 esset,
1157 845 1311 898 scripto
1341 845 1620 899 proposuisse,
1655 845 1925 886 admonendo

155 922 224 950 eas
257 910 308 950 de
340 908 613 962 confessariis
637 913 671 949 et
693 908 743 949 de
765 909 866 950 cibis
890 923 938 949 ac
962 909 1013 949 de
1035 909 1201 963 colleyio
1222 909 1388 950 halensi
1410 914 1481 951 etc.
1507 915 1563 960 (v.
1586 923 1721 964 supra
1742 924 1781 964 p.
1799 910 1920 957 107).

157 973 309 1027 ,‚Sed“,
345 974 483 1029 inquit
507 974 719 1026 Canisius,
757 974 871 1025 „dici
901 987 987 1014 non
1014 978 1159 1028 potest,
1193 987 1318 1028 quam
1354 975 1439 1016 illis
1469 975 1638 1015 molesta
1669 975 1770 1016 haec
1788 974 1925 1027 fuerit

153 1039 398 1092 admonitio,
445 1053 614 1093 eamque
656 1051 806 1093 mayno
848 1040 960 1080 luctu
1004 1043 1039 1079 et
1078 1039 1241 1080 acerbis
1274 1040 1452 1094 querelis
1485 1044 1630 1081 contra
1664 1054 1726 1081 me
1757 1040 1926 1081 iteratis

153 1109 250 1145 sunt
274 1109 581 1159 prosequutae,·
608 1105 836 1158 praecipue
858 1109 996 1145 autem
1007 1109 1034 1157 ⁸,
1069 1104 1178 1159 quod
1199 1105 1416 1146 moderari
1439 1119 1524 1146 non
1542 1110 1710 1159 possent
1734 1105 1923 1158 affectus,

152 1183 244 1210 cum
287 1170 338 1211 de
378 1170 598 1210 mutandis
641 1169 928 1224 confessarijs‘,
972 1174 1017 1210 ut
1051 1169 1157 1221 dioea’,
1202 1169 1542 1223 admonerentur,
1587 1171 1778 1225 quodque
1809 1183 1923 1224 spem

155 1235 238 1276 illis
271 1248 431 1276 omnem
462 1235 684 1276 Hallensis
718 1235 890 1289 Colleqij
922 1235 1111 1288 eriqendi
1154 1236 1422 1289 eriperemus.
1487 1236 1549 1276 Ac
1580 1237 1722 1276 senior
1754 1235 1924 1290 quidem

152 1300 316 1341 nullam
345 1299 463 1353 ferre
494 1301 742 1341 mentionem
773 1304 904 1355 potest
937 1300 989 1341 de
1020 1300 1224 1341 mutando
1260 1299 1531 1352 Confessario
1563 1302 1679 1353 suo¹,
1717 1301 1926 1355 simulque

154 1370 245 1406 e'um
286 1379 429 1406 sorore
466 1379 544 1420 per
581 1366 727 1406 literas
762 1370 937 1420 precata
969 1369 1040 1418 est,
1076 1379 1158 1419 per
1189 1365 1327 1406 Deum
1361 1370 1396 1406 et
1427 1365 1645 1407 Judicium
1679 1371 1923 1418 extremum,

154 1444 280 1484 quam
314 1432 498 1471 maxime
523 1429 699 1485 potuitb,
733 1430 969 1481 obsecrans,
1003 1435 1049 1472 ut
1081 1430 1132 1471 de
1159 1429 1433 1485 consessui-ijs
1455 1431 1674 1472 mutandis
1698 1431 1927 1472 admonere

156 1495 464 1548 desisteremus,
498 1509 631 1550 neque
659 1497 967 1549 qrauissimum
993 1497 1189 1550 ipsarum
1210 1509 1442 1537 maerorem
1465 1511 1516 1537 ev
1536 1496 1616 1537 hac
1638 1496 1928 1537 admonitione

156 1561 377 1612 collectum,
414 1565 449 1602 et
481 1575 573 1602 cum
607 1561 748 1615 aliquo
780 1562 981 1602 sanitatis
1006 1561 1192 1615 periculo
1216 1562 1495 1614 coniunctum,
1529 1574 1793 1616 auyeremus.
1837 1561 1924 1602 Fa-

154 1630 295 1667 tentur
326 1627 495 1667 interim
529 1626 680 1667 bonum
723 1627 891 1681 quidem
929 1625 1036 1679 fore,
1078 1627 1138 1668 si⁰
1174 1627 1283 1667 lianc
1315 1628 1433 1680 ipsae
1462 1626 1759 1680 perfectionem
1792 1631 1927 1668 essent

156 1696 407 1745 consecutae,
450 1696 495 1733 ut
534 1693 765 1733 mutatione
799 1691 1169 1744 Confessariorum
1203 1692 1310 1733 nihil
1337 1705 1519 1746 prorsus
1552 1696 1924 1743 commonerentur,

156 1761 192 1797 et
213 1757 433 1798 Societatis
454 1761 624 1798 nostrae
644 1756 798 1798 iuditio
821 1757 900 1798 liae
921 1757 969 1797 in
987 1761 1112 1810 parte
1133 1761 1319 1798 starent:
1351 1756 1427 1797 sed
1460 1755 1675 1809 quoniam,
1709 1758 1925 1811 inquiunt,

155 1820 266 1862 hanc
296 1820 612 1875 perfectionem
644 1821 834 1863 nondum
867 1821 1107 1875 attigimus,
1142 1834 1220 1862 nec
1252 1820 1345 1862 fieri
1377 1835 1504 1875 posse
1536 1820 1743 1872 uidemus,
1778 1820 1858 1862 hac
1881 1820 1925 1862 in

157 1899 204 1927 re
235 1887 439 1928 naturam
471 1889 520 1929 ut
551 1885 691 1940 ipsam
722 1886 765 1928 in
799 1886 923 1928 nobis
955 1900 1222 1941 superemus,
1256 1885 1464 1928 maiorem
1486 1885 1529 1927 in
1552 1886 1725 1928 modum
1748 1889 1928 1940 propter

156 1949 373 1993 Christum
404 1965 610 2005 rogamus
641 1951 799 1994 iterum
827 1951 873 1994 Ρ.
899 1951 1169 2001 Generalem,
1204 1953 1252 1993 ut
1283 1953 1437 2005 parcat
1468 1950 1604 2002 nobis,
1638 1965 1749 2004 quae
1779 1964 1929 1992 sumus

157 2016 436 2069 peccatrices,
481 2016 665 2069 bonique
706 2017 906 2058 consulat
946 2015 990 2057 in
1030 2016 1112 2059 hac
1150 2030 1282 2058 causa
1313 2018 1509 2058 nostram
1541 2015 1926 2070 imperfectionem,

157 2080 365 2134 nobisque
396 2095 632 2136 parumper
663 2081 901 2135 indulgeat.
967 2081 1123 2124 Sumus
1156 2081 1309 2123 ambae
1340 2095 1512 2123 sorores
1544 2081 1587 2123 in
1619 2081 1701 2123 hac
1735 2080 1929 2136 corporis

157 2145 455 2189 imbecillitate
495 2161 581 2188 non
624 2146 695 2188 diu
737 2146 945 2197 moturae,
988 2160 1128 2200 neque
1166 2146 1220 2188 ad
1253 2149 1476 2189 senectam
1507 2147 1838 2201 peruenturae2‚
1881 2148 1928 2189 et

156 2211 437 2265 proculdubio
470 2211 597 2254 citius
629 2211 879 2262 moriturae,
913 2211 949 2253 si
980 2212 1138 2266 pergat
1159 2211 1206 2254 P.
1232 2210 1457 2253 Generalis
1489 2211 1555 2253 his
1586 2211 1783 2254 tristibus
1817 2225 1927 2253 nun-

157 2276 235 2330 cijs
275 2277 531 2331 perturbare
571 2290 663 2327 nos,
706 2290 817 2330 quae
858 2290 1070 2318 summam
1113 2276 1417 2318 confidentiam
1459 2279 1559 2330 post
1590 2277 1729 2319 Deum
1769 2276 1813 2318 in
1844 2277 1927 2318 hac

157 2340 291 2395 ipsius
323 2342 535 2385 societate
567 2342 753 2384 defixam
787 2341 1008 2384 habemus.
1052 2341 1259 2383 Dolemus
1290 2341 1477 2391 interim,
1512 2341 1625 2394 quod
1656 2341 1735 2383 has
1767 2355 1928 2394 graues

158 2406 289 2448 animi
320 2407 684 2461 perturbationes,
719 2420 830 2460 quae
863 2406 1044 2449 sanitati
1076 2409 1253 2449 nostrae
1281 2406 1489 2457 officiunt,
1523 2406 1788 2448 moderatius
1810 2406 1929 2449 ferre

159 2485 244 2513 non
275 2471 502 2526 possimus.

278 2536 399 2586 Quod
431 2537 486 2579 ad
518 2537 726 2579 Hallense
758 2536 1006 2580 institutum
1039 2538 1224 2590 spectat,
1266 2550 1486 2589 nunquam
1526 2536 1786 2590 putabamus
1818 2536 1928 2587 fore,

159 2602 208 2643 ut
232 2601 427 2644 Societas
458 2602 584 2644 nobis
617 2604 814 2657 optatam
848 2601 1188 2645 consolationem
1222 2603 1266 2643 et
1299 2615 1424 2655 opem
1455 2600 1724 2655 spiritualem
1758 2614 1928 2643 omnem

160 2668 355 2718 negaret,
394 2666 654 2721 praesertim
687 2681 783 2709 cum
815 2667 978 2720 absque
1012 2666 1315 2720 obligatione<³‚
1350 2665 1582 2709 Societatis
1612 2665 1853 2708 ministeria
1883 2666 1928 2708 in

160 2744 272 2772 nouo
304 2730 391 2773 illic
424 2732 587 2786 templo
620 2734 890 2786 expetamus,
935 2731 1084 2785 Jgitur
1114 2733 1182 2774 tot
1211 2731 1410 2785 tantique
1432 2734 1630 2785 sumptus
1651 2730 1695 2772 in
1717 2730 1926 2773 fabricam

279 2811 307 2843 a)
333 2811 369 2835 In
395 2811 522 2843 epistula
542 2812 656 2837 Canisii
681 2815 844 2843 sequuntur
870 2820 911 2837 vv.
939 2812 973 2837 ut
999 2811 1142 2842 arbitror,
1169 2812 1259 2836 oblitt.
1351 2810 1381 2842 b)
1409 2812 1456 2836 Ita
1483 2812 1511 2836 C.
1532 2811 1594 2841 ipse
1614 2810 1744 2836 correxit
1764 2818 1800 2835 er
1822 2810 1932 2843 potest

161 2852 187 2883 c)
209 2853 255 2877 Ita
276 2854 304 2877 C.
324 2853 453 2877 correxit
472 2861 509 2878 ea:
526 2852 570 2878 ut.
662 2852 692 2884 d)
713 2855 749 2878 In
768 2861 811 2885 ep.
833 2854 861 2879 C.
882 2861 957 2879 corr.
977 2861 1013 2879 em
1033 2852 1260 2885 obligationem.

285 2954 293 2971 ¹
319 2951 558 2995 Magdalenae
584 2964 605 2987 a
630 2953 744 2987 sacris
780 2954 1064 2988 confessionibus
1099 2955 1177 2988 erat
1202 2953 1242 2988 Ρ.
1270 2953 1421 2987 Ioannes
1447 2951 1620 2998 Dyrsius;
1656 2952 1815 2987 Helenae
1849 2963 1929 2987 con·

161 3004 337 3046 fessiones
363 3005 565 3050 excipiebat
589 3006 630 3040 P.
656 3006 792 3040 Paulus
818 3007 1080 3042 Hetzcovaeus.

282 3058 295 3078 ²
320 3057 484 3102 Utraque
510 3061 650 3093 mortua
677 3061 733 3093 est
757 3059 883 3102 Halae,
909 3060 1048 3094 Helena
1074 3071 1105 3094 a.
1135 3060 1236 3101 1574,
1263 3058 1479 3103 Magdalena
1505 3070 1537 3092 a.
1568 3058 1669 3093 1590.
