2044 3335
561 110 727 152 Augusta
745 108 1012 143 Vindelicorum
1038 108 1094 142 26.
1113 105 1299 140 Februarii
1327 103 1431 138 1569.
1793 102 1875 141 261

108 230 325 286 promouit
366 229 457 271 eius
503 228 828 271 conuersionem
875 227 1059 269 Domina
1102 225 1349 278 Fuggera1,
1398 236 1524 275 quam
1572 233 1684 261 nunc
1729 216 1882 259 matris

108 297 201 338 loco
242 295 490 344 ueneratur,
534 296 578 335 et
611 292 678 334 cui
711 293 897 334 libenter
929 294 1094 346 paret·
1133 291 1254 332 Haec
1287 291 1385 330 orat
1419 288 1463 330 P.
1490 287 1539 329 T.
1575 284 1713 334 unice,
1748 285 1796 325 vt
1827 295 1882 323 ne

109 363 340 415 grauetur³
381 359 638 401 facultatem
682 358 785 400 dare
826 356 998 412 pictori,
1042 369 1168 409 quem
1211 368 1289 407 per
1321 352 1628 406 Augustanum
1667 348 1882 402 quendam

109 425 237 468 isthic
270 426 435 475 offeret,
470 423 525 466 ad
557 423 791 475 imaginem
815 422 1032 476 Deiparae
1049 419 1257 473 Virginis,
1291 417 1404 460 sicut
1436 417 1479 458 in
1503 413 1692 457 sacellob
1714 414 1767 456 D.
1791 413 1883 454 An-

111 491 240 533 dreae
285 489 485 542 domique
527 489 735 530 nostrae2
776 487 953 537 uisitur,
1004 484 1320 539 quamprimum
1371 481 1673 523 delineandam
1721 482 1765 521 et
1807 491 1884 519 ex-

111 555 378 610 primendam
393 556 421 597 3.
475 553 649 596 Etenim
674 552 792 606 cupit
824 552 1119 601 uehementer,
1154 550 1234 591 hoc
1266 547 1402 590 ueluti
1435 547 1645 589 thezauro
1678 543 1882 597 gaudere,

112 635 207 663 cum
249 620 306 663 sit
346 618 624 661 honorandae
657 618 873 671 Deiparae
916 631 1087 670 semper
1128 613 1427 657 addictissima
1468 609 1883 662 studiosissimaque.

112 686 253 736 Quare
297 685 463 727 confido
504 683 612 734 fore,
656 686 704 725 ut
738 682 971 725 Germania
1012 684 1163 723 nostra
1204 693 1290 721 non
1332 678 1425 719 sine
1466 677 1612 719 fructu
1653 675 1801 716 uideat
1843 676 1887 716 et

112 753 259 793 seruet
290 751 402 792 hanc
434 748 668 802 imaginem
703 762 729 789 a
757 749 808 790 D.
833 747 950 789 Luca
983 746 1167 800 primum
1201 743 1522 797 expressam⁰4,
1556 741 1592 782 si
1625 754 1719 782 eam
1754 738 1886 780 semel

113 815 331 870 acceperit
361 815 469 857 haec
503 816 654 856 nostra
686 813 830 867 potius
864 815 1006 854 mater
1038 825 1167 864 quam
1200 808 1381 858 fautrix,
1423 807 1468 849 in
1502 806 1682 849 colenda
1715 804 1886 857 quidem

115 880 279 935 pietate
311 880 380 921 hic
402 893 550 921 omnes
574 878 854 920 antecellens,
909 876 1119 919 Dominus
1151 889 1230 916 nos
1262 876 1441 916 tueatur
1471 872 1515 914 in
1548 885 1670 913 suam
1703 868 1887 923 gloriam

113 960 191 1000 per
216 944 429 988 sacrificia
461 946 506 986 et
538 957 689 998 preces
713 944 758 986 P.
784 943 831 985 T.
857 945 902 985 et
933 942 1068 985 totius
1092 939 1336 988 Societatis‚
1372 938 1527 991 quibus
1559 937 1755 978 nostram
1788 948 1888 988 pro-

114 1011 294 1054 uintiam
328 1010 452 1052 vnice
485 1009 850 1052 commendamus.
914 1008 1142 1061 Augustae
1176 1007 1229 1047 26
1264 1003 1488 1057 Februarij
1524 1003 1652 1044 1569.

1071 1084 1232 1126 Seruus
1264 1081 1306 1123 in
1340 1080 1511 1123 Christo
1545 1080 1590 1121 P.
1616 1077 1827 1121 Canisius.

233 1170 356 1220 Quod
396 1169 451 1211 ad
489 1169 714 1222 Fuggeros
756 1167 863 1209 duos
905 1166 976 1220 qui
1018 1164 1146 1208 isthic
1189 1164 1396 1217 degunt5,
1439 1161 1613 1212 attinet,
1656 1159 1768 1214 petit
1807 1158 1889 1199 hoc

114 1236 247 1278 Pater
269 1249 429 1285 eorum,
464 1237 514 1276 vt
537 1236 663 1275 sexto
691 1246 861 1286 quoque
884 1245 1032 1273 mense
1056 1230 1288 1272 mittantur
1310 1229 1393 1270 huc
1415 1227 1608 1270 rationes
1632 1226 1683 1267 de
1706 1223 1890 1277 sumpti-

115 1301 207 1351 bus,
243 1315 349 1353 quos
380 1300 636 1354 impendunt
666 1298 709 1340 in
740 1297 924 1350 collegio
949 1295 1219 1344 Germanico,
1254 1297 1298 1336 et
1330 1296 1562 1348 praeterea
1594 1294 1643 1333 ut
1674 1291 1717 1332 in
1751 1288 1889 1331 offitio

116 1365 435 1415 contineantur,
470 1364 677 1414 adhibita,
713 1363 749 1405 si
772 1363 830 1405 sit
853 1377 973 1416 opus
1008 1375 1170 1414 magna
1202 1360 1383 1402 Patrum
1416 1357 1666 1400 seueritate.
1716 1355 1891 1397 Habeat

116 1446 190 1474 eos
223 1445 384 1485 quaeso
417 1430 498 1472 sibi
531 1429 857 1472 commendatos
893 1428 935 1470 Ρ.
961 1427 1188 1469 Polancus.

235 1520 262 1572 †
294 1518 538 1561 Admodum
580 1516 836 1560 Reuerendo
882 1515 1016 1567 Patri,
1066 1516 1108 1558 Ρ.
1143 1514 1374 1557 Francisco
1414 1512 1590 1564 Borgia‚
1636 1508 1892 1564 Praeposito

116 1585 312 1639 generali
346 1583 576 1627 Societatis
609 1584 728 1625 Jesu.
854 1582 1032 1624 Romae.

238 1672 266 1701 a)
288 1672 428 1704 Sequitur
446 1670 533 1702 hanc,
554 1679 571 1695 α
593 1672 620 1696 C.
642 1670 732 1695 oblitt.
813 1668 842 1701 b)
864 1669 1004 1701 Sequitur
1024 1666 1145 1698 uisitur,
1165 1668 1255 1693 oblitt.
1331 1667 1357 1697 c)
1379 1672 1527 1698 expressa
1546 1667 1660 1696 emto-qr.

116 1775 151 1809 S.
172 1774 331 1809 Udalrici
369 1785 389 1807 a
423 1774 462 1808 P.
482 1772 698 1807 Wendelino
716 1771 879 1812 Volckio,
919 1770 1176 1805 adiuvantibus
1213 1769 1251 1802 P.
1280 1768 1444 1813 Gasparo
1480 1766 1705 1809 Obergasser
1731 1763 1764 1798 S.
1787 1764 1820 1796 J.
1859 1765 1895 1796 et

118 1829 172 1863 Fr.
202 1829 332 1862 Ioanne
350 1826 502 1861 Volckio
530 1826 563 1861 S.
584 1826 629 1867 J.,
665 1825 809 1870 pulsum
845 1836 945 1862 esse;
983 1836 1021 1858 se
1058 1826 1190 1863 autem,
1229 1823 1281 1856 ait
1306 1823 1484 1862 Raderns,
1522 1832 1567 1853 ex
1593 1819 1725 1853 Ioanne
1743 1815 1895 1851 Volckio

120 1883 156 1925 (†
186 1882 291 1924 1613)
331 1892 373 1915 ea
408 1880 527 1914 omnia
562 1880 745 1924 accepisse
783 1878 884 1922 (Cod.
912 1878 992 1912 frib.
1025 1877 1139 1919 ,‚Hist.
1167 1876 1247 1911 coll.
1276 1876 1386 1919 Aug.“
1419 1887 1452 1920 p.
1481 1873 1652 1916 32—38).
1704 1871 1757 1906 Cf.
1785 1870 1894 1904 etiam

120 1947 229 1981 supra
256 1947 289 1980 p.
308 1934 510 1969 219-222.

242 1990 249 2008 ¹
276 1987 409 2023 Ursula
436 1999 456 2021 a
483 1986 729 2021 Lichtenstein
756 1998 846 2020 uxor
873 1985 1019 2029 Georgii
1046 1985 1090 2019 ΙΙ.
1117 1983 1286 2027 Fuggeri.

237 2042 250 2062 2
277 2041 467 2076 Societatis
493 2040 698 2074 tirocinium
726 2039 770 2073 ad
798 2039 832 2073 S.
859 2039 1023 2072 Andreae
1050 2039 1086 2072 in
1112 2037 1235 2071 Monte
1259 2035 1434 2078 Quirinali
1471 2037 1507 2069 et
1533 2032 1725 2069 Societatis
1751 2032 1892 2066 domum

118 2096 319 2141 professam
346 2095 389 2128 ad
418 2093 452 2128 S.
471 2094 609 2128 Mariae
636 2105 656 2127 a
683 2093 806 2127 Strata
832 2092 939 2127 sitam
966 2091 1162 2135 significat.

239 2149 251 2169 ³
276 2148 411 2182 Romae
438 2148 473 2181 in
499 2147 657 2181 Basilica
684 2146 837 2181 Sanctae
856 2146 994 2179 Mariae
1012 2145 1160 2180 Maioris
1187 2142 1440 2188 antiquissima
1468 2142 1586 2184 imago
1605 2141 1739 2174 Beatae
1757 2138 1894 2172 Mariae

118 2202 280 2246 Virginis
307 2201 437 2235 colitur
465 2200 626 2244 (saeculo
644 2200 688 2234 V.
716 2200 775 2234 vel
794 2199 855 2233 VI.
883 2211 928 2233 ex
955 2196 1346 2242 constantinopolitana
1372 2196 1435 2230 illa
1462 2194 1618 2238 imagine
1644 2193 1782 2227 Mariae
1806 2191 1894 2233 „Ho-

118 2255 321 2300 dogetriae“
353 2255 556 2299 expressa?
601 2253 654 2288 Cf.
683 2254 801 2297 Steph.
830 2254 961 2287 Bee'ssel
987 2252 1021 2287 S.
1043 2253 1087 2293 J.‚
1122 2250 1340 2286 Geschichte
1368 2250 1430 2284 der
1449 2248 1664 2291 Verehrung
1690 2245 1824 2280 Marias
1860 2245 1894 2278 in

117 2308 367 2343 Deutschland
393 2307 564 2342 wahrend
591 2307 654 2341 des
680 2306 925 2347 Mittelalters,
953 2305 1129 2349 Freiburg
1155 2305 1177 2339 i.
1197 2305 1256 2339 ΒΓ.
1279 2305 1380 2345 1909,
1408 2303 1547 2337 72-75
1575 2301 1753 2343 78—80);
1787 2309 1894 2342 quam

117 2362 310 2406 imaginem
351 2373 371 2395 a
410 2361 445 2395 S.
472 2360 570 2394 Luca
608 2360 846 2403 Evangelista
889 2360 1022 2404 pictam
1066 2371 1146 2393 esse
1190 2358 1364 2392 ferebant.
1426 2356 1459 2390 S.
1487 2354 1701 2389 Franciscus
1744 2351 1896 2394 Borgias

119 2418 240 2450 autem
267 2427 288 2449 a
314 2414 350 2449 S.
379 2414 441 2448 Pio
460 2413 503 2448 V.
532 2413 701 2457 pontifice
728 2413 1000 2457 impetraverat,
1035 2414 1076 2446 ut
1102 2412 1170 2447 sibi
1196 2411 1322 2446 liceret
1350 2410 1401 2454 (id
1429 2409 1522 2454 quod
1549 2409 1655 2442 antea
1682 2405 1814 2440 nemini
1841 2405 1897 2439 fas

117 2469 231 2503 fuisse
257 2468 392 2511 ferunt)
423 2467 530 2501 huius
557 2466 726 2509 imaginis
753 2466 919 2511 exempla
946 2465 1181 2510 exprimenda
1209 2476 1336 2499 curare
1366 2463 1592 2505 (Sacclw’nzffl,
1618 2460 1711 2494 Hist.
1731 2459 1765 2493 S.
1781 2459 1813 2493 J.
1833 2458 1896 2499 III,

118 2522 140 2556 l.
169 2524 200 2563 5,
227 2533 261 2556 n.
287 2521 369 2556 296.
422 2522 527 2555 Suara
551 2520 574 2554 l.
603 2532 632 2554 0.
659 2520 760 2562 414).
812 2518 969 2560 Quorum
997 2518 1245 2563 exemplorum
1272 2529 1383 2551 unum
1409 2528 1455 2550 m.
1474 2515 1565 2549 Iulio
1590 2513 1698 2547 huius
1724 2511 1808 2546 anni
1834 2522 1898 2556 per

118 2576 270 2610 Beatum
296 2575 479 2618 ignatium
516 2574 559 2608 de
587 2573 753 2607 Azevedo
789 2572 824 2607 S.
853 2573 885 2607 J.
914 2572 1132 2607 Catharinae
1169 2571 1315 2615 reginae
1352 2569 1560 2604 Lusitaniae
1595 2567 1713 2608 misit,
1748 2576 1898 2599 monens

119 2629 279 2670 eandem,
311 2639 399 2672 „que
426 2639 464 2662 es
490 2639 561 2661 una
588 2627 634 2674 de>
657 2626 712 2660 las
739 2628 817 2660 mas
835 2625 1027 2660 sefialadas
1051 2637 1154 2659 cosas
1173 2636 1242 2668 que
1269 2624 1386 2669 pueda
1411 2625 1512 2657 tener
1539 2633 1611 2656 una
1628 2631 1741 2665 reyna
1767 2619 1898 2653 deuota

120 2683 163 2717 de
190 2682 224 2716 la
250 2681 374 2716 madre
400 2681 443 2715 de
468 2680 575 2715 Dios“
601 2680 770 2724 (Sanctus
794 2681 1016 2713 Franciscus
1032 2680 1169 2722 Boryza
1190 2678 1222 2711 V
1250 2677 1466 2720 112—113).
1518 2675 1571 2710 De
1597 2674 1706 2709 simili
1732 2672 1897 2717 exemplo

118 2748 182 2781 per
200 2735 234 2770 S.
253 2735 356 2769 Pium
372 2734 416 2769 V.
436 2735 551 2769 eidem
578 2734 617 2768 B.
638 2734 779 2777 Ignatio
808 2734 850 2767 de
870 2733 1037 2767 Azevedo
1064 2733 1148 2766 dato
1176 2744 1210 2766 v.
1231 2733 1311 2766 Alb.
1331 2731 1513 2774 Pimentel,
1541 2728 1702 2763 Historia
1729 2728 1772 2762 do
1792 2726 1897 2761 Culto

119 2791 162 2824 de
188 2789 306 2823 Nossa
332 2788 493 2823 Senhora
520 2800 575 2822 em
603 2787 788 2831 Portugal,
816 2787 946 2820 Lisboa
973 2785 1107 2830 [1899]‚
1135 2786 1335 2821 220—221.

241 2845 252 2862 ⁴¹
279 2841 430 2886 Aliquot
464 2841 568 2876 annis
603 2843 685 2886 post
714 2842 883 2875 Canisius
917 2840 1112 2883 imaginem
1147 2839 1247 2873 illam
1284 2838 1320 2872 in
1354 2837 1489 2882 templo
1526 2837 1559 2872 S.
1587 2836 1724 2870 Mariae
1750 2834 1898 2869 Maioris

119 2896 274 2942 positam
293 2895 440 2930 vocavit
461 2895 676 2939 „imaginem
694 2894 813 2928 Lucae
833 2893 1102 2937 Euangelistae,
1129 2893 1206 2927 siue
1233 2892 1334 2927 illam
1360 2891 1504 2936 quidem
1531 2891 1608 2925 eius
1635 2902 1743 2924 manu
1763 2889 1898 2923 affabre

119 2950 357 2990 elaboratam,
393 2949 470 2983 siue
497 2961 543 2982 ex
579 2960 620 2982 ea
647 2960 754 2992 quam
792 2948 868 2992 ipse
904 2947 993 2981 fecit
1027 2947 1071 2981 ad
1099 2946 1224 2980 viuum
1255 2947 1483 2991 expressam“
1518 2944 1586 2987 (De
1613 2944 1729 2978 Maria
1748 2943 1898 2986 Virgine

119 3002 403 3048 incomparabili,
430 3002 764 3046 Ingolstadii1577,
791 3002 814 3035 l.
835 3002 866 3041 5,
894 3013 922 3035 0.
943 3002 999 3041 22,
1026 3013 1059 3046 p.
1085 3001 1183 3044 697).

241 3057 254 3077 ⁵
280 3056 459 3090 Antonius
485 3058 522 3090 et
547 3055 781 3096 Raimundus,
810 3054 959 3098 Georgii
984 3055 1027 3090 Π.
1055 3054 1214 3098 Fuggeri
1239 3053 1315 3095 filii,
1345 3053 1379 3087 in
1406 3052 1559 3096 collegio
1585 3051 1790 3096 germanico
1818 3062 1897 3084 con-

121 3110 279 3144 victores
305 3111 426 3150 erant;
454 3121 489 3143 V.
517 3120 626 3154 supra
653 3121 686 3154 p.
706 3109 775 3143 229
803 3109 883 3143 236.
