2044 3335
164 134 246 175 104
706 128 807 163 1523.
837 128 1001 163 Canisius
1028 127 1192 162 Andreae
1219 127 1392 162 Fabricio.

162 252 377 306 spectant.
442 249 557 291 Nam
589 248 696 290 haec
729 247 885 289 Aulica
918 246 1011 289 vita
1043 247 1164 300 leges
1197 246 1408 300 quasdam
1441 245 1682 300 peculiares
1715 245 1852 298 exigit
1884 248 1929 288 et

164 315 408 369 Principum
443 314 657 365 educatio,
698 312 957 367 praesertim
989 311 1033 353 in
1068 311 1313 362 Germania,
1358 312 1497 354 multa
1529 310 1843 365 complectitur,
1885 310 1929 352 in

163 381 317 434 quibus
365 379 539 422 difficile
587 378 645 421 sit
692 377 855 431 aliquid
903 380 980 420 aut
1023 379 1194 419 mutare
1239 379 1315 419 aut
1361 376 1593 429 corrigere.
1658 376 1818 419 Valeat
1861 375 1929 417 hic

162 445 343 488 mundi
385 444 546 487 huius
589 442 921 497 sapientia1‚
965 445 1010 484 et
1051 442 1165 495 quod
1203 443 1408 496 parentes
1441 440 1579 484 nostri
1610 440 1821 495 Principis
1853 454 1930 482 vo-

163 512 258 553 lunt
290 509 535 560 obseruari,
578 523 665 550 non
698 511 765 551 est
798 508 911 561 quod
944 521 1024 561 ego
1059 510 1135 550 aut
1171 506 1410 561 improbem
1444 510 1520 549 aut
1552 506 1779 559 corrigam.
1843 505 1929 560 Alij

164 576 324 619 rectius
357 575 410 617 de
443 574 584 616 officio
618 574 871 628 disciplinae
904 576 948 616 et
981 573 1099 615 vitae
1131 575 1307 615 vestrae
1340 571 1520 614 Aulicae
1552 571 1816 613 iudicabunt.

284 641 417 683 Plura
456 653 542 682 non
584 639 762 690 addam,
808 638 890 680 nisi
933 638 1046 691 quod
1086 639 1224 680 Deum
1268 639 1356 691 opt.
1390 636 1627 679 maximum
1668 650 1839 691 precor,
1884 638 1932 678 ut

165 709 314 749 nostro
347 705 536 759 Principi
579 719 702 747 suam
743 706 907 757 augeat
945 703 1157 757 gratiam,
1200 706 1438 756 nostraque
1471 702 1650 744 consilia
1681 701 1725 743 in
1757 701 1824 742 sui
1855 715 1933 743 no-

165 772 291 814 minis
332 770 516 824 gloriam
558 773 603 812 et
645 770 699 812 ad
743 783 1012 811 communem
1054 768 1291 811 utilitatem
1330 769 1572 810 conuertat.
1635 766 1729 808 Tua
1759 765 1932 808 interim

165 836 413 880 humanitas
444 836 556 878 hanc
589 849 768 890 operam
800 848 963 885 meam,
1007 831 1146 887 qualis
1180 833 1321 886 qualis
1354 836 1438 884 est,
1485 832 1584 874 boni
1623 832 1840 882 consulat,
1883 845 1934 873 ac

166 918 244 958 pro
277 916 345 944 me
377 901 609 944 Dominum
641 902 859 955 precetur,
892 913 1013 953 roge.

285 967 501 1021 Monachij
535 969 574 1009 4.
598 965 874 1008 Nouembris.
911 966 1038 1008 1567.

1064 1023 1224 1066 Seruus
1256 1023 1301 1064 in
1333 1021 1502 1064 Christo
1535 1021 1582 1065 P.
1607 1020 1814 1063 Oanisius.

286 1108 543 1151 Reuerendo
558 1107 802 1150 Admodum
822 1109 866 1149 et
881 1106 1143 1149 Doctissimo
1160 1106 1263 1148 Viro
1278 1105 1461 1147 Domino
1477 1104 1680 1146 Andreae
1695 1103 1835 1145 Fabro
1846 1108 1860 1123 ἃ
1872 1099 1933 1157 [Ρ]

169 1174 429 1218 Leodinensi
461 1174 621 1217 Sacrae
653 1172 918 1226 Theologiae
950 1171 1130 1214 Doctori
1162 1170 1389 1223 Frisingae
1420 1170 1463 1211 in
1496 1169 1611 1212 Aula
1642 1167 1869 1222 Principis.

286 1268 420 1301 Mirum
446 1266 562 1300 videri
588 1267 710 1310 potest
737 1264 921 1299 Canisium
946 1264 983 1297 in
1009 1263 1066 1298 his
1092 1263 1225 1298 litteris
1251 1263 1404 1298 suadere
1440 1264 1476 1296 et
1504 1273 1659 1303 monere,
1695 1263 1736 1295 ut
1761 1260 1938 1294 Ernestus

169 1321 336 1366 princeps
363 1322 399 1354 et
425 1319 616 1365 episcopus
641 1318 907 1353 haereticorum
932 1317 1070 1360 „odium
1089 1317 1267 1361 quoddam
1287 1315 1485 1361 concipiat“
1511 1315 1635 1360 (supra
1661 1326 1694 1360 p.
1716 1313 1811 1355 100).
1855 1312 1939 1347 Alia

170 1377 267 1409 certe
303 1373 469 1408 Canisius
506 1373 542 1406 in
577 1372 819 1407 familiaribus
855 1371 898 1405 ad
934 1370 1057 1405 Socios
1091 1370 1224 1405 litteris
1260 1369 1552 1410 commendabat;
1591 1370 1631 1402 ut
1665 1379 1745 1402 cum
1772 1367 1940 1410 Augusta

172 1428 226 1462 11.
263 1427 385 1462 Martii
423 1427 514 1461 1559
551 1426 675 1460 Lainio
714 1425 919 1470 praeposito
954 1423 1115 1467 generali
1154 1423 1348 1458 scriberet:
1391 1422 1629 1466 „Iesuitarum
1667 1421 1746 1455 odio
1783 1421 1940 1464 flagrant

170 1493 293 1515 omnes
328 1480 492 1521 sectarii3
527 1480 585 1514 his
621 1479 802 1523 affingunt
834 1478 1032 1518 horrenda3
1069 1478 1226 1512 fortasse
1252 1488 1273 1511 a
1298 1477 1420 1511 verbis
1453 1478 1489 1510 et
1514 1475 1742 1510 contumeliis
1767 1474 1869 1509 brevi
1895 1473 1939 1508 ad

169 1535 285 1578 flagra
312 1536 347 1568 et
373 1534 524 1569 vulnera
551 1532 753 1568 deventuri.
804 1532 953 1566 Utinam
981 1543 1041 1566 eos
1067 1531 1265 1576 impensius
1292 1530 1485 1574 diligamus
1511 1530 1554 1564 ob
1580 1529 1805 1570 charitatem,
1832 1538 1939 1572 quam

170 1588 223 1622 illi
249 1588 445 1622 traducunt
469 1599 534 1622 nos
559 1599 623 1632 per
649 1586 886 1621 calumniam:
914 1585 1013 1629 digni
1039 1587 1125 1619 sunt
1150 1586 1258 1626 certe,
1286 1583 1346 1628 qui
1373 1583 1480 1617 etiam
1500 1583 1758 1628 persequentes
1776 1582 1941 1615 amentur

172 1643 319 1687 propter
346 1641 480 1676 Christi
517 1641 731 1684 sanguinem
766 1641 802 1673 et
835 1650 1004 1680 amorem,
1040 1640 1117 1672 tum
1148 1637 1231 1682 quia
1258 1637 1420 1682 plerique
1446 1636 1650 1671 nescientes
1675 1634 1870 1680 peccant“;
1905 1635 1942 1668 et

172 1696 340 1739 Augusta
368 1695 421 1729 15.
450 1693 616 1729 Octobris
645 1694 736 1729 1560
762 1692 803 1727 Ρ.
830 1692 979 1727 Nicolao
1007 1692 1179 1726 Goudano
1206 1691 1240 1725 S.
1260 1692 1312 1725 J.:
1343 1689 1576 1733 „Gratuletur
1601 1689 1688 1723 mihi
1714 1688 1756 1723 R.
1779 1688 1819 1722 T.
1847 1687 1941 1731 quod

172 1749 216 1783 ab
243 1748 436 1783 haereticis
470 1747 687 1788 haereticus,
721 1747 792 1780 imo
825 1748 861 1780 et
892 1745 1148 1780 haeresiarcha
1173 1744 1322 1779 scribar.
1343 1771 1350 1778 .
1371 1770 1405 1778 ..
1449 1743 1540 1785 Quid
1574 1742 1719 1777 facias?
1769 1742 1942 1775 Amemus

172 1805 432 1847 persequentes
471 1803 507 1835 et
544 1800 828 1836 calumniante&
870 1799 976 1843 (Can.
1004 1799 1038 1833 Π
1077 1799 1145 1833 373
1181 1798 1280 1841 745).
1331 1797 1450 1841 Atque
1485 1796 1620 1830 Beatus
1656 1796 1782 1829 Petrus
1811 1795 1941 1838 Faber,

172 1855 310 1900 primus
345 1868 390 1889 ex
425 1856 547 1889 decem
582 1854 655 1888 illis
689 1853 815 1899 primis
856 1853 891 1887 S.
918 1852 1051 1896 Ignatii
1086 1851 1204 1892 sociis,
1241 1851 1301 1895 qui
1337 1850 1520 1885 Canisium
1555 1850 1591 1883 in
1618 1848 1833 1883 Societatem
1860 1848 1942 1881 Iesu

174 1909 321 1943 admisit
356 1912 392 1942 et
427 1908 471 1942 ab
508 1920 548 1942 eo
579 1908 692 1950 „alter
720 1907 839 1952 pater“
870 1906 1072 1941 habebatur
1102 1906 1207 1949 (Can.
1235 1905 1250 1938 Ι
1277 1904 1326 1947 9),
1364 1904 1398 1937 111
1427 1902 1582 1948 epistula
1611 1903 1689 1936 sive
1716 1902 1942 1936 institutione

174 1962 325 1996 Matrito
361 1963 391 1996 7.
419 1961 543 1996 Martii
571 1961 661 1996 1546
695 1961 738 1994 de
763 1961 868 1994 modo
903 1963 1001 1994 recte
1036 1958 1185 1993 curandi
1219 1957 1420 1992 haereticos
1455 1958 1500 1991 ad
1526 1956 1690 1990 Lainium
1721 1955 1804 1989 data
1829 1955 1944 2000 primo

174 2016 251 2050 loco
277 2015 345 2050 hoc
370 2015 517 2049 statuit:
558 2014 693 2057 „Quien
720 2014 876 2058 quisiere
902 2013 1128 2058 aprovechar
1154 2014 1175 2046 a
1199 2011 1254 2046 los
1279 2010 1420 2056 herejes
1451 2011 1494 2044 de
1529 2012 1606 2044 este
1640 2010 1784 2054 tiempo,
1819 2009 1866 2042 ha
1901 2008 1944 2042 de

175 2068 285 2103 mirar
310 2070 412 2103 tener
437 2068 568 2102 mucha
595 2067 741 2102 caridad
769 2079 834 2101 con
861 2067 950 2101 ellos
975 2078 1001 2111 y
1027 2066 1070 2100 de
1097 2065 1252 2099 amarlos
1278 2064 1314 2098 in
1340 2064 1504 2105 veritate,
1540 2063 1806 2097 desechandose
1832 2062 1875 2096 de
1901 2073 1944 2096 su

177 2122 328 2167 espiritu
353 2122 457 2156 todas
483 2122 538 2156 las
565 2121 871 2155 considerationes
897 2132 966 2164 que
993 2119 1117 2154 suelen
1145 2119 1280 2152 enfriar
1298 2129 1342 2151 en
1359 2117 1395 2151 13
1413 2116 1623 2151 estimacion
1642 2116 1775 2150 de110s“
1800 2115 1946 2157 (Cartas

176 2188 200 2221 y
227 2177 324 2210 otros
351 2175 501 2209 escritos
529 2174 585 2209 del
612 2175 652 2208 Β.
672 2174 712 2208 Ρ.
732 2175 848 2207 Pedro
874 2174 996 2207 Fabro
1023 2173 1049 2214 I,
1082 2172 1207 2206 Bilbao
1236 2171 1337 2211 1894,
1373 2170 1471 2214 296).
1523 2170 1612 2205 Cum
1638 2171 1758 2203 autem
1794 2181 1825 2204 a.
1855 2169 1946 2203 1564

178 2228 344 2264 canisius
379 2228 606 2273 praepositus
640 2226 874 2272 provincialis
902 2226 1116 2261 Germaniae
1152 2224 1347 2270 superioris
1383 2224 1534 2269 primam
1566 2223 1602 2257 in
1627 2223 1813 2268 provincia
1842 2222 1943 2265 „mis-

177 2282 333 2317 sionem⁴⁴
364 2281 544 2327 publicam
577 2281 655 2315 sive
685 2279 934 2325 „popularem“
967 2278 1333 2323 („Volksmission“)‚
1370 2289 1476 2321 quam
1512 2288 1695 2318 vocamus,
1729 2276 1946 2317 institueret,

177 2336 298 2370 missis
323 2335 360 2369 in
385 2335 579 2369 Bavariam
607 2334 820 2375 inferiorem,
847 2332 1059 2367 haeresibus
1085 2331 1267 2373 infectam,
1295 2331 1433 2375 aliquot
1458 2330 1582 2370 Sociis,
1614 2329 1651 2363 hi
1676 2332 1820 2374 praeter
1844 2340 1944 2373 prae-

179 2392 283 2434 cepta
310 2388 354 2423 ab
380 2388 458 2433 ipso
485 2387 628 2422 Canisio
666 2389 702 2421 et
733 2387 776 2421 ab
803 2386 953 2421 Alberto
978 2385 1022 2420 V.
1050 2386 1134 2419 data
1160 2384 1388 2430 potissimum
1418 2383 1517 2417 illam
1543 2382 1649 2417 Fabri
1676 2382 1867 2427 epistulam
1893 2393 1947 2416 se-

180 2442 400 2486 quebantur;
428 2441 480 2476 ita
505 2442 545 2476 P.
569 2443 744 2485 Georyius
764 2441 996 2474 Schoriehius
1022 2440 1057 2472 in
1084 2438 1228 2479 litteris,
1255 2449 1356 2482 quas,
1383 2437 1552 2471 missione
1570 2436 1727 2476 functus,
1754 2436 1796 2469 de
1823 2435 1947 2469 eadem

181 2496 279 2529 iussu
301 2494 435 2529 Canisii
462 2495 506 2528 ad
526 2494 689 2528 Lainium
708 2493 953 2539 praepositum
972 2491 1178 2536 generalem
1205 2491 1314 2533 dedit,
1341 2490 1459 2535 planis
1476 2490 1599 2524 verbis
1623 2488 1774 2530 rettulit,
1800 2499 1949 2522 monens

181 2548 299 2588 simul,
334 2550 375 2582 ut
400 2548 506 2582 Fabri
533 2547 691 2593 epistula
717 2559 738 2581 a
765 2546 955 2581 Germanis
991 2545 1183 2589 diligenter
1218 2544 1400 2588 legeretur
1434 2543 1540 2587 (Can.
1567 2542 1617 2576 IV
1644 2542 1860 2585 726—727).
1911 2541 1947 2575 Si

181 2602 291 2644 igitur
318 2601 484 2636 Canisius
511 2602 547 2635 in
572 2601 776 2646 praeceptis
801 2599 965 2634 Fabricio
991 2599 1085 2633 datis
1112 2599 1155 2632 ab
1182 2597 1250 2632 hac
1274 2597 1536 2631 haereticorum
1571 2595 1832 2639 diligendorum
1866 2594 1948 2638 lege

180 2653 341 2688 nonnihil
367 2654 568 2696 recedebat,
596 2653 792 2697 singularis
819 2653 996 2697 quaedam
1015 2652 1163 2686 suberat
1181 2662 1301 2686 causa.
1340 2650 1528 2693 Agebatur
1546 2649 1588 2683 de
1607 2648 1668 2682 illo
1685 2648 1947 2682 haereticorum

183 2718 324 2750 genere,
351 2707 443 2750 quod
472 2707 507 2740 in
534 2707 636 2741 aulas
663 2706 863 2751 principum
892 2705 1162 2746 catholicorum,
1198 2706 1307 2748 atque
1343 2703 1451 2737 etiam
1478 2702 1735 2747 episcoporum,
1768 2700 1950 2746 irrepebat

183 2762 291 2802 atque
317 2760 414 2804 ipsos
440 2760 546 2793 etiam
578 2760 770 2805 principes,
808 2760 967 2793 maxime
1002 2770 1072 2799 eos,
1109 2758 1169 2801 qui
1204 2757 1264 2791 vel
1300 2758 1429 2797 aetate,
1465 2756 1524 2789 vel
1558 2754 1701 2799 ingenio
1736 2754 1949 2788 infirmiores

183 2815 295 2853 erant,
332 2812 637 2847 circumveniebat
670 2816 707 2847 et
731 2813 865 2847 sensim
892 2812 936 2846 ab
963 2811 1116 2846 ecclesia
1143 2810 1353 2845 abstrahere
1379 2809 1595 2850 conabatur;
1629 2809 1680 2842 ita
1702 2807 1947 2841 Hermannum

184 2864 385 2898 WVedanum
422 2865 731 2910 archiepiscopum
768 2865 1009 2900 coloniensem
1034 2864 1213 2898 Martinus
1248 2863 1409 2897 Bucerus
1443 2861 1639 2895 monachus
1674 2862 1840 2905 apostata
1870 2871 1949 2904 pro-

183 2919 378 2952 testantem
407 2918 592 2959 effeceram
629 2919 680 2953 ita
707 2918 942 2953 Sebastianus
969 2918 1132 2952 Phauser
1165 2916 1334 2950 sacerdos
1369 2916 1534 2960 apostata
1559 2914 1594 2948 id
1621 2915 1835 2949 consecutus
1862 2914 1949 2953 erat,

304 2988 332 3017 a)
354 2987 401 3011 Ita
421 2987 536 3018 quidem
556 2988 581 3011 A
596 2988 641 3019 B;
660 2988 710 3012 sed
731 2988 866 3013 existimo
886 2987 1092 3019 corrigendum
1112 2993 1172 3011 esse
1192 2984 1349 3015 Fabricio‚·
1374 2992 1452 3015 nam,
1478 2984 1532 3009 etsi
1558 2984 1604 3008 laic
1625 2984 1705 3008 haud
1725 2983 1814 3007 multo
1833 2984 1899 3006 cente
1918 2981 1950 3005 ‘in

186 3028 351 3053 Bavariam
372 3029 483 3052 venisse
505 3028 629 3060 videtur,
650 3029 700 3053 vise
720 3032 815 3054 tamen
836 3029 916 3054 credi
934 3031 1027 3060 potest
1048 3028 1166 3053 Ccmisio
1186 3028 1249 3052 eius
1269 3033 1370 3051 nomen
1390 3026 1519 3058 ignotum
1537 3026 1640 3056 fnisse.

311 3124 318 3142 ¹
348 3122 364 3156 1
394 3122 463 3156 001·
489 3122 520 3163 3,
547 3123 599 3157 19.
