2044 3335
115 184 117 186 .
147 136 202 177 80
302 134 401 169 1507.
422 134 507 168 Can.
527 134 764 178 Magdalenae
783 136 818 168 et
837 133 1006 168 Helenae.
1050 135 1151 170 1508.
1172 133 1257 169 Can.
1277 134 1411 170 Natali.
1451 135 1554 171 1509.
1575 136 1660 170 Can.
1680 135 1820 171 Kessel.

148 250 301 287 1507.
426 251 643 286 CANISIUS
686 263 767 286 ven.
813 249 1291 287 MAGDALENAE
1344 252 1610 287 archiducissae
1657 252 1827 286 Austriae
1882 255 1919 288 et

336 303 660 339 HELENAE
688 304 802 338 sorori
829 305 915 339 eius.
1022 304 1118 338 Inter
1144 306 1414 348 1n.Augustum
1443 308 1478 339 et
1504 306 1737 340 Decembrem
1766 306 1868 341 1567.

265 370 320 404 Ex
346 369 470 404 Lanoii
497 370 732 415 autographo.
785 370 826 404 G.
856 370 920 414 Ep.
948 370 997 403 IX
1025 370 1049 403 f.
1073 370 1165 404 136³.

264 436 317 468 De
345 435 528 468 Societatis
553 436 678 478 templo
705 436 943 478 oenipontano
969 436 1233 478 amplificando.

265 493 302 527 P.
340 494 514 526 Nicotaus
548 495 714 528 Lano‘ias
751 494 888 537 collegii
926 495 1157 536 oenipontani
1194 498 1311 527 rector
1353 495 1544 537 Oeniponte
1585 497 1614 528 1.
1648 494 1789 536 Aprilis
1825 495 1916 527 1565

145 547 293 579 Romam
322 548 370 579 act
388 548 425 580 S.
444 547 683 580 Francisenm
702 548 875 591 Boryiam
899 548 1141 590 praepositum
1158 549 1358 590 {feneratem
1384 548 1479 590 haec,
1503 551 1648 590 praeter
1673 548 1759 590 atio,
1785 547 1918 589 refert:

150 599 333 632 canisium
354 602 601 643 praepositum
627 601 893 644 provincialem,
921 612 997 634 cum
1025 612 1058 633 a.
1087 603 1178 633 1567
1198 602 1332 643 primis
1359 602 1486 633 mensis
1513 601 1668 643 Auynstt
1692 600 1918 633 hebdomadis

146 653 329 695 colleyium
357 655 635 696 oenipontanum
662 656 832 697 risitaret,
860 655 1090 696 constituisse,
1116 657 1157 687 ut
1182 655 1308 697 templo
1328 654 1514 687 societatis
1537 654 1790 696 amplificando
1808 663 1916 696 opera

146 711 351 740 vicinaretur.
383 708 516 740 Deinde
541 708 584 740 de
610 707 680 741 PP.
713 708 864 749 Geoiyio
896 707 1022 750 Crispo
1050 708 1132 750 (qui
1158 709 1196 740 in
1224 708 1340 740 eodem
1367 707 1509 749 cotteyio
1537 708 1747 740 illinisti-mn
1774 707 1915 750 agebat)

146 764 177 792 et
194 760 331 792 Ioanne
349 760 483 803 Dyrsio
512 762 597 803 (qui
615 761 852 804 Maydatenae
870 761 1013 803 reyinae
1039 771 1060 793 (ι
1087 761 1203 794 sacris
1229 761 1507 802 confessionibus
1532 761 1628 800 erat)
1656 761 1740 793 llaec·
1765 764 1918 793 narrat:

147 815 232 856 „Ait
269 813 418 855 Crispas
453 814 491 846 P.
523 814 786 847 Prouincialem
824 825 912 856 opus
946 815 1064 857 'ipsum
1099 814 1245 856 Reyinis
1281 815 1537 846 commendasse
1574 814 1677 846 etiam
1718 813 1847 855 literis,
1887 817 1916 845 et

145 867 307 908 ipsarum
330 867 513 908 primario
539 868 759 909 confessario
788 868 977 900 mandasse
1002 871 1040 900 ut
1066 878 1138 900 rem
1166 867 1266 910 apud
1291 867 1375 900 illas
1394 871 1622 910 promoueret
1648 871 1679 899 et
1704 867 1826 899 literas
1850 866 1919 898 sibe*

145 919 320 952 exhibitas
349 917 452 953 esse.“

265 989 435 1023 Societati
455 1001 475 1023 a
494 989 718 1024 Ferdinando
737 990 763 1024 Ι.
791 990 965 1024 traditum
992 992 1071 1024 erat
1088 990 1263 1035 templum
1283 990 1318 1024 S.
1338 989 1550 1031 Salvatoris‚
1578 989 1672 1033 quod
1690 989 1756 1023 sub
1776 1000 1807 1022 a.
1826 988 1916 1023 1500

145 1043 371 1076 exstructum
385 1043 429 1076 ad
445 1043 748 1077 valetudinarium
764 1055 971 1078 caesareum
990 1043 1215 1088 pertinuerat
1233 1044 1409 1086 (Leclmer
1424 1044 1446 1078 l.
1459 1055 1489 1078 c.
1504 1042 1563 1087 [cf.
1574 1053 1685 1087 supra
1698 1053 1731 1087 p.
1745 1041 1779 1086 3]
1795 1042 1810 1075 I
1827 1042 1913 1085 121).

266 1095 434 1129 Fortasse
463 1095 628 1130 Canisius
654 1097 893 1140 Magdalenae
920 1098 956 1130 et
982 1097 1140 1131 Helenae
1175 1097 1243 1131 hoc
1268 1097 1452 1141 negotium
1480 1095 1747 1131 commendavit
1772 1095 1915 1132 litteris,

146 1159 237 1192 quas
263 1149 329 1183 sub
356 1149 513 1183 medium
540 1150 598 1184 vel
625 1150 808 1184 ineuntem
827 1162 872 1185 m.
892 1150 1133 1184 Novembrem
1155 1150 1244 1184 1567
1272 1150 1316 1184 ab
1343 1162 1383 1184 eo
1410 1150 1483 1184 illis
1509 1150 1640 1183 missas
1666 1160 1746 1182 esse
1773 1148 1916 1182 aliunde

146 1203 306 1243 constat;
343 1202 508 1246 equidem
535 1206 655 1237 tamen
683 1203 749 1238 has
776 1204 918 1238 litteras
945 1203 989 1237 ab
1016 1203 1100 1245 illis,
1137 1203 1268 1247 quibus
1295 1203 1337 1237 de
1364 1203 1499 1248 templo
1525 1202 1717 1243 scribebat,
1751 1202 1916 1235 diversas

146 1266 224 1288 esse
251 1256 429 1290 existimo.

264 1308 374 1343 Plura
401 1309 443 1343 de
470 1309 536 1344 1100
561 1310 706 1353 negotio
733 1323 767 1344 v.
796 1310 900 1352 infra,
929 1322 1022 1345 mon.
1050 1322 1127 1345 oen.
1158 1310 1210 1354 (2)
1243 1310 1307 1354 (8).

146 1424 301 1462 1508.
402 1427 620 1463 CANISIUS
655 1427 716 1463 P.
745 1426 1163 1464 RIERONYMO
1201 1426 1464 1463 NATALI
1508 1427 1688 1462 visitatori
1725 1424 1916 1461 Societatis

335 1480 427 1515 Iesu.
887 1483 1054 1526 Augusta
1081 1481 1348 1516 Vindelicorum
1375 1481 1476 1515 initio
1504 1493 1549 1515 m.
1569 1480 1736 1515 Octobris
1765 1479 1866 1514 1567.

267 1546 322 1580 Ex
350 1546 505 1591 epistula
531 1547 576 1580 ad
604 1547 784 1589 Borgiam,
812 1547 853 1580 de
881 1559 951 1591 qua
978 1546 1081 1587 infra,
1110 1558 1164 1591 ep.
1192 1546 1347 1580 11.1510.

267 1612 320 1644 De
348 1612 386 1645 P.
419 1613 574 1656 Gtralio,
602 1614 666 1656 qui
689 1613 737 1644 acl
763 1614 878 1655 ipsum
906 1614 1080 1655 mittatur,
1109 1613 1274 1646 iuvando.

271 1671 440 1704 Cani-sius
465 1673 629 1715 Auqasta
658 1672 919 1705 Vindelicoram
957 1673 988 1704 4.
1020 1672 1178 1704 Octobris
1211 1674 1298 1704 1567
1333 1672 1381 1704 ad
1417 1672 1452 1704 S.
1479 1671 1717 1704 Francis-cam
1744 1670 1913 1713 Boryiam

148 1724 331 1756 Sooietatis
350 1726 599 1767 praepositum
622 1726 820 1767 yeneralem
848 1727 890 1758 cle
916 1726 954 1758 P.
983 1725 1134 1758 Roberto
1165 1725 1321 1767 Giratt'o,
1358 1725 1419 1767 qui
1447 1726 1483 1757 in
1510 1724 1651 1767 colleyio
1679 1725 1915 1766 oenipontano

145 1776 361 1810 rhetoricam
387 1778 556 1811 docuerat
591 1780 639 1819 (v.
666 1790 779 1821 supra
814 1790 848 1821 ρ.
878 1781 953 1821 10),
988 1780 1154 1821 scripsit:
1192 1778 1319 1822 „Naue
1345 1778 1516 1810 mittimus
1542 1777 1582 1810 P.
1608 1777 1801 1810 Robertam
1827 1777 1915 1810 Leo-

146 1831 299 1863 ‹t'iensem
324 1831 371 1863 ad
397 1831 438 1864 R.
469 1832 504 1864 P.
533 1832 577 1864 N.
606 1833 843 1874 Visitatorena
878 1843 947 1865 ozon
985 1836 1078 1864 tama
1114 1836 1236 1864 nostra
1272 1831 1411 1874 quidem
1446 1831 1640 1874 uoluntate7
1676 1841 1782 1873 qaam
1817 1830 1915 1862 illius

148 1885 414 1926 importunitate
441 1886 611 1928 commoti,
638 1886 710 1928 qai,
740 1890 776 1918 nt
801 1896 902 1927 saepe
927 1886 1099 1928 scriptam
1126 1889 1184 1927 est,
1216 1885 1404 1927 Oeniponti
1437 1895 1503 1916 non
1526 1885 1646 1926 potuit
1672 1894 1741 1916 esse
1767 1884 1914 1926 quietus,

145 1948 317 1980 suamque
350 1939 525 1970 indiciam
551 1939 766 1971 author-[tati
791 1940 1019 1981 superiormn
1045 1938 1248 1971 submittere
1276 1936 1424 1971 noluttb.
1475 1938 1601 1979 ἅρπην
1627 1948 1669 1970 ne
1694 1939 1849 1970 inuitam
1885 1941 1913 1969 et

146 1996 399 2033 repaynantem
426 1992 527 2024 illum
553 1994 720 2024 retineret
746 1992 784 2024 P.
813 1993 997 2034 Lanoyus,
1023 1991 1091 2024 hnc
1117 1992 1258 2024 tandem
1283 1991 1390 2034 misit,
1419 1995 1449 2023 et
1475 1991 1522 2023 aa
1548 1991 1587 2024 P.
1614 1991 1778 2024 Natalem
1800 2000 1914 2033 porro

147 2045 352 2076 mittendam
379 2045 524 2077 eundem
555 2056 625 2077 una
651 2056 783 2078 mecam
812 2046 1042 2078 existimauit.
1095 2045 1313 2087 Scripsimus
1348 2045 1389 2077 (le
1424 2045 1484 2077 illo
1511 2045 1674 2077 tenuando
1708 2044 1756 2076 ad
1781 2044 1912 2076 dictum

146 2097 185 2130 P.
212 2098 447 2141 Visilatorem‚
481 2100 544 2141 qai
568 2099 707 2131 utinam
733 2099 797 2132 hoc·
822 2099 997 2140 mirabile,
1025 2103 1053 2131 et
1078 2098 1248 2139 fortassis
1275 2097 1448 2140 instabile,
1485 2099 1665 2141 inyem'ztm
1690 2098 1758 2130 rite
1784 2108 1914 2130 curare

139 2155 268 2194 posset,
297 2152 440 2184 domino
467 2150 699 2185 auxiliante.“

266 2222 305 2254 P.
333 2221 474 2256 Natalis
500 2221 568 2256 hoc
586 2224 747 2266 tempore
775 2222 809 2255 in
830 2220 1023 2255 Germania
1050 2220 1219 2255 inferiore
1241 2220 1419 2263 (Lovanii‚
1439 2219 1677 2265 Antverpiae)
1699 2220 1912 2255 versabatur

147 2274 197 2317 (v.
218 2274 307 2319 Epp.
326 2276 449 2309 Nadal
468 2275 516 2308 111
536 2275 634 2318 535).
667 2275 832 2308 Canisius
850 2275 943 2309 113110
962 2274 1155 2320 epistulam
1175 2274 1330 2308 fortasse
1349 2274 1514 2308 adiunxit
1533 2273 1599 2314 illi,
1619 2284 1725 2317 quain
1745 2274 1912 2316 Augusta

146 2328 178 2362 2.
198 2327 364 2362 Octobris
391 2329 435 2363 ad
462 2328 502 2362 P.
522 2328 726 2363 Kesselium
753 2328 870 2369 dedit;
897 2339 932 2363 v.
959 2328 1063 2369 infra,
1092 2339 1147 2372 ep.
1173 2339 1206 2361 n.
1230 2327 1331 2361 1509.

147 2444 300 2480 1509.
401 2444 618 2480 GANISIUS
651 2444 712 2480 P.
740 2441 1115 2479 LEONARDO
1144 2442 1414 2479 KESSEL
1443 2442 1497 2479 S.
1517 2442 1571 2478 J.
1604 2443 1733 2477 rectori
1769 2441 1910 2484 collegii

335 2498 558 2533 coloniensis.
1025 2500 1191 2541 Augusta
1218 2496 1487 2531 Vindelicorum
1514 2497 1544 2530 2.
1566 2495 1732 2530 Octobris
1760 2495 1860 2529 1567.

263 2569 319 2603 Ex
346 2568 554 2614 apographo
582 2569 642 2603 vel
668 2568 863 2603 summario
890 2568 1013 2602 eodem
1040 2568 1116 2602 fere
1143 2570 1303 2612 tempore
1330 2568 1476 2612 scripto,
1504 2566 1597 2610 quod
1623 2568 1744 2600 exstat
1770 2566 1806 2600 in
1825 2565 1909 2600 Cod.

145 2622 257 2657 colon.
298 2622 356 2664 „L.
384 2622 469 2663 Qu.“
512 2622 573 2665 (cf.
603 2624 690 2657 Can.
718 2622 767 2655 IV
795 2623 884 2665 Lxx)
927 2622 951 2655 f.
983 2621 1060 2655 121.
1110 2620 1166 2655 Ex
1207 2621 1330 2654 eodem
1370 2620 1576 2665 apographo
1615 2619 1704 2653 haec
1741 2620 1909 2662 vulgavit

146 2677 291 2710 Hansen
318 2676 339 2710 1.
367 2687 396 2710 c.
425 2676 503 2710 552.

145 2772 201 2776 —
233 2772 290 2775 —
323 2747 724 2789 Reuerendissimus
757 2747 967 2788 Dominus
989 2745 1230 2788 Cardinalis
1253 2746 1535 2798 Augustanus
1567 2744 1756 2787 fortasse
1788 2745 1908 2786 breui

144 2815 292 2854 vester
324 2812 684 2865 Archiepiscopus
726 2811 1031 2854 nominabitur.
1097 2810 1301 2852 Pontifex
1343 2812 1386 2851 et
1418 2809 1577 2851 Caesar
1618 2810 1698 2851 hoc
1730 2809 1907 2863 cupiunt

145 2877 477 2927 consentienter,
512 2877 820 2918 Canonicorum
855 2878 1115 2930 expectatur
1147 2889 1394 2917 consensus.
1429 2898 1485 2902 —
1518 2900 1573 2904 —

270 2965 309 2997 In
336 2963 457 2997 codice
483 2963 566 2997 huic
592 2963 793 2997 litterarum
822 2964 915 3007 parti
942 2963 1000 2996 vel
1027 2962 1221 2996 summario
1256 2961 1345 2995 haec
1370 2961 1613 3006 superscripta
1639 2963 1742 2995 sunt:
1781 2961 1843 3003 „R
1870 2960 1910 2994 P.

145 3017 322 3062 Canysius
351 3019 515 3059 Augusta
540 3018 561 3050 ‘2
588 3015 713 3050 Octob.
741 3027 833 3049 311110
863 3016 988 3050 1567“.
1041 3015 1153 3049 Valde
1185 3016 1305 3048 autem
1333 3014 1528 3048 verisimile
1564 3016 1620 3048 est
1646 3013 1827 3048 Canisium
1863 3014 1906 3047 ad

144 3070 346 3105 Kesselium
372 3069 582 3114 scripsisse;
610 3069 692 3103 huic
719 3070 812 3102 euim
840 3069 980 3103 litteras
998 3069 1193 3102 inscribere
1212 3067 1360 3108 solebat,
1385 3079 1464 3101 cum
1484 3067 1527 3101 ad
1547 3066 1669 3101 Socios
1687 3067 1906 3101 colonienses

263 3146 289 3171 31
312 3146 344 3169 In
366 3146 445 3169 arch.
465 3144 599 3175 sequitur
619 3149 666 3171 ex,
687 3144 775 3168 oblite.
850 3142 879 3173 b)
903 3144 960 3167 Hoc
982 3151 1004 3167 ι’.
1026 3151 1042 3167 α
1066 3144 1093 3168 C.
1117 3144 1177 3174 ipso
1199 3143 1227 3167 in
1250 3142 1381 3174 maraine
1402 3143 1562 3174 ascriptum
1583 3146 1632 3167 est.
