2044 3335
408 95 553 139 Dilinga
579 95 635 130 20.
654 95 789 141 Aprilis
817 95 905 130 1571
934 98 969 130 et
996 97 1162 140 Augusta
1187 96 1244 130 23.
1263 95 1399 140 Aprilis
1428 95 1530 129 1571.
1763 97 1848 138 439

87 214 301 256 iacturam
334 213 483 263 faciat,
526 213 562 255 si
594 212 704 254 liber
734 213 902 254 interea
935 215 983 255 ut
1014 213 1107 254 fieri
1140 213 1265 262 solet,
1308 214 1363 255 ab
1406 213 1503 267 alijs
1536 211 1693 254 alicubi
1725 225 1849 253 recu-

89 279 229 329 datur,
263 278 519 332 praesertim
555 292 649 319 cum
683 277 791 320 satis
825 278 983 320 crassis
1016 278 1341 320 characteribus
1373 278 1575 320 uideatur
1603 290 1850 331 expressus,

88 346 136 386 ut
167 343 211 385 111
232 344 441 385 minorem
464 342 648 384 formam
672 342 811 394 redigi
833 342 962 384 facile
984 343 1123 396 possit
1137 345 1163 385 1.
1214 343 1397 396 Reliqua
1419 343 1683 385 Procurator
1704 344 1854 384 noster

88 421 234 450 coram
257 410 447 461 exponet
463 408 492 449 2.
535 407 665 449 Faxit
687 407 911 458 Dominus,
947 411 994 449 ut
1017 407 1163 460 aliqua
1186 421 1241 449 ex
1263 410 1389 461 parte
1412 407 1668 450 satisfacere
1690 405 1853 461 possim

87 472 380 526 superioribus
412 472 533 522 meis,
568 472 780 526 simulque
811 473 925 514 tueri
958 472 1252 514 ualetudinem
1275 473 1318 513 in
1340 473 1458 514 hisce
1481 472 1712 515 laboribus.
1748 471 1855 514 Oret

87 551 164 591 pro
197 551 265 579 me
297 551 468 591 semper
499 537 749 579 Paternitas
780 541 858 580 tua
890 551 941 579 ac
974 536 1135 591 optime
1173 537 1322 579 ualeat
1362 537 1415 578 in
1456 538 1679 580 Christo
1722 537 1854 579 Jesu

88 601 314 644 Domino
348 603 584 645 nostro3.
648 602 850 655 Dilingae
884 604 939 644 20
963 601 1139 656 Aprilis.
1177 603 1304 644 1571.

1029 673 1189 715 Seruus
1222 675 1266 715 et
1297 673 1411 714 filius
1444 673 1490 716 P.
1525 672 1734 716 Canisius.

207 774 233 825 †
256 773 408 815 Visum
433 776 499 816 est
522 773 568 817 P.
592 773 647 816 N.
673 773 959 815 Prouintiali4
985 773 1224 815 consultius
1245 772 1354 823 fore,
1388 773 1425 814 si
1457 772 1564 814 haec
1587 772 1856 826 exemplaria

86 839 358 892 procuratori
390 853 474 881 non
509 839 896 889 committerentur,
931 838 1007 880 sed
1040 837 1235 880 faciliore
1268 838 1339 880 uia
1372 840 1416 880 et
1438 838 1638 880 breuiore
1660 841 1857 891 tempore

87 903 230 945 isthuc
274 906 396 946 recta
440 903 720 946 mitterentur
767 904 821 945 ad
865 903 1098 946 Jllustriss.
1133 903 1184 946 D.
1219 902 1492 945 Cardinalem
1536 903 1858 957 Augustanum.

90 969 216 1011 Hunc
248 968 382 1022 igitur
413 983 491 1023 per
521 969 674 1011 literas
706 983 873 1019 moneo,
917 971 965 1011 ut
1005 968 1169 1010 nullum
1211 969 1436 1022 exemplar
1468 968 1669 1022 cuiquam
1702 969 1858 1010 offerat

89 1034 156 1075 uel
198 1034 414 1084 ostendat,
457 1033 540 1075 nisi
579 1034 813 1076 accedente
854 1034 1038 1088 primum
1080 1047 1292 1075 consensu
1335 1037 1380 1076 et
1421 1034 1689 1077 authoritate
1727 1033 1775 1076 P.
1809 1033 1857 1075 Τ.

87 1098 199 1140 sicut
241 1098 574 1141 constitutiones
613 1101 790 1141 nostrae
832 1098 1186 1153 praescribunt5:
1229 1099 1419 1142 fortasse
1461 1099 1668 1141 nonnulla
1708 1099 1752 1140 in
1793 1097 1859 1140 his

88 1163 347 1217 corrigenda
380 1178 475 1205 esse
507 1178 586 1218 per
618 1167 804 1208 nostros.
859 1164 1097 1206 Praeterea
1128 1167 1230 1218 peto
1263 1164 1317 1206 ab
1350 1164 1436 1215 illo,
1471 1168 1519 1207 ut
1551 1165 1598 1207 P.
1623 1164 1670 1208 T.
1705 1165 1860 1206 offerat

87 1229 311 1283 exemplar
343 1229 384 1272 S.
409 1230 460 1272 D.
486 1229 540 1272 N.
566 1232 699 1282 utque
731 1229 870 1270 solum
904 1230 1131 1284 exemplar
1162 1243 1292 1271 unum
1327 1233 1526 1272 asseruet
1558 1230 1651 1284 ipse
1676 1243 1731 1271 ex
1753 1243 1860 1282 qua-

87 1297 199 1344 tuor,
242 1294 329 1336 tria
360 1294 495 1348 igitur
527 1295 755 1348 permittat
788 1295 833 1337 P.
858 1295 906 1337 Τ.
942 1295 1066 1349 plura
1104 1294 1277 1348 quidem
1320 1295 1373 1336 ad
1415 1294 1535 1337 illum
1577 1295 1692 1338 mitti
1732 1308 1860 1349 posse

86 1363 254 1414 postea.
318 1359 464 1413 Atque
496 1360 603 1402 haec
637 1374 718 1413 ego
752 1360 804 1401 de
836 1359 1079 1402 mutatione
1112 1359 1294 1414 consilij,
1338 1361 1451 1413 quod
1483 1360 1622 1403 literis
1656 1360 1752 1415 alijs
1785 1373 1861 1402 ex-

88 1425 214 1479 plico.
269 1425 575 1468 Conuenerunt
606 1426 687 1467 hoc
719 1425 812 1467 loco
845 1426 1011 1476 Patres,
1046 1428 1095 1467 ut
1126 1425 1402 1479 prouintialis
1435 1425 1717 1479 congregatio
1750 1425 1860 1467 cele-

87 1491 277 1532 bretur6.
332 1490 591 1532 Commendo
634 1505 702 1532 me
742 1490 899 1533 iterum
943 1490 1168 1544 sacrificijs
1209 1493 1254 1533 et
1285 1491 1484 1545 precibus
1517 1492 1562 1535 P.
1586 1492 1634 1534 T.
1669 1491 1714 1533 P.
1739 1490 1861 1532 Assi-

89 1555 297 1597 stentium
346 1558 390 1598 et
438 1555 573 1598 totius
615 1555 838 1598 societatis
889 1555 932 1597 in
978 1555 1148 1597 Christo
1191 1556 1363 1598 domino
1406 1559 1568 1599 nostro.
1633 1556 1861 1610 Augustae

92 1622 146 1662 23
173 1620 338 1675 Aprilis
375 1622 500 1663 1571.

1054 1680 1270 1734 Jndignus
1303 1681 1417 1722 filius
1450 1681 1496 1724 P.
1531 1680 1740 1723 Canisius.

209 1775 236 1827 †
269 1773 512 1816 Admodum
556 1775 812 1817 Reuerendo
853 1775 897 1816 in
937 1774 1108 1817 Christo
1150 1775 1273 1817 Patri
1315 1775 1361 1817 P.
1395 1775 1627 1818 Francis-co
1668 1774 1860 1829 Borgiae

91 1840 347 1894 Praeposito
380 1840 574 1894 generali
608 1840 840 1884 Societatis
872 1840 1058 1882 nominis
1090 1840 1246 1884 JESV.
1370 1840 1547 1883 Romae.

210 1932 263 1968 De
289 1933 357 1968 hac
384 1934 517 1969 Canisii
545 1934 700 1980 epistula
726 1934 815 1969 bene
842 1934 985 1968 notavit
1012 1934 1211 1968 Sacchz'nus
1238 1933 1342 1976 (Can.
1370 1933 1595 1977 273—274):
1627 1933 1865 1977 „Luculenter

92 1987 265 2028 edocebit,
383 1990 557 2032 quantum
592 1988 740 2023 aliorum
778 1988 921 2022 iudiciis
956 1987 1184 2022 tribuendum
1221 1987 1279 2029 sit,
1316 1988 1376 2032 qui
1413 1988 1522 2030 digna
1554 1987 1642 2029 luce,
1677 1989 1713 2021 et
1739 1998 1863 2032 appro—

214 2130 223 2149 ¹
249 2129 368 2163 Nullis
406 2141 519 2174 paene
557 2129 699 2173 legibus
737 2142 779 2164 ea
818 2131 937 2164 aetate
973 2131 1171 2171 auctorum,
1211 2129 1399 2171 editorum,
1438 2128 1747 2174 typographorum
1786 2128 1864 2162 iura

91 2182 394 2227 protegebantur3
421 2182 553 2217 idcirco
572 2182 624 2217 illi
647 2183 858 2228 „privilegia
876 2182 1161 2228 typographica“
1184 2182 1252 2216 sibi
1271 2183 1546 2227 comparabant3
1575 2193 1725 2227 quorum
1744 2184 1863 2216 tamen

91 2236 147 2271 vis
173 2248 281 2281 saepe
306 2236 419 2270 maior
444 2248 512 2271 non
540 2238 618 2270 erat
644 2248 751 2281 quam
783 2237 983 2281 principum
1011 2236 1070 2270 vel
1096 2236 1388 2280 magistratuum,
1422 2237 1483 2281 qui
1510 2248 1551 2270 ea
1577 2236 1759 2275 dederant,
1786 2235 1865 2269 sive

91 2291 252 2335 potentia
277 2290 355 2324 sive
380 2290 473 2324 bona
491 2289 679 2331 voluntas;
706 2293 742 2324 et
767 2291 947 2325 interdum
971 2291 1017 2324 ad
1043 2290 1315 2335 privilegiorum
1336 2290 1409 2324 vim
1428 2290 1642 2324 eludendam
1660 2289 1750 2323 satis
1776 2290 1864 2329 erat,

93 2344 187 2388 quod
221 2343 312 2378 liber
346 2343 416 2378 alio
451 2346 618 2388 typorum
654 2355 786 2387 genere
821 2344 1029 2388 minoreque
1065 2344 1191 2378 charta
1227 2344 1474 2377 excudebatur
1503 2343 1629 2387 (Kapp
1658 2342 1681 2376 l.
1708 2354 1739 2376 c.
1767 2341 1865 2385 748).

92 2397 198 2432 Liber
212 2397 357 2439 Canisii,
385 2409 416 2431 a.
434 2398 523 2431 1571
551 2397 588 2431 in
606 2397 644 2431 4⁰
662 2397 792 2439 editus,
819 2409 850 2431 a.
869 2398 958 2432 1572
987 2397 1030 2431 ab
1050 2397 1173 2431 eodem
1193 2396 1346 2431 Sebaldo
1365 2397 1492 2442 Mayer
1518 2398 1554 2430 et
1574 2416 1615 2419 ——
1635 2398 1674 2430 111
1701 2395 1866 2439 equidem

92 2462 219 2486 censeo
245 2471 291 2474 ——
318 2451 477 2485 eiusdem
505 2450 651 2493 Georgii
669 2450 813 2484 Willeri
848 2450 1009 2496 impensa
1036 2451 1072 2485 in
1098 2462 1210 2496 parvo
1237 2451 1275 2484 8⁰
1307 2461 1463 2484 excusus
1499 2452 1554 2484 est
1582 2449 1864 2493 (Sotnmm'voyel,

92 2504 183 2539 Bibl.
211 2505 244 2538 II
271 2505 370 2545 674).

213 2559 226 2579 2
252 2558 395 2592 Socium
422 2558 510 2591 dicit
536 2570 581 2592 ex
599 2557 790 2592 Soeietatis
815 2557 981 2592 instituto
1000 2557 1162 2602 proxime
1182 2569 1202 2591 a
1221 2557 1406 2602 provincia
1425 2556 1639 2592 Germaniae
1665 2555 1861 2601 superioris

93 2611 308 2655 eligendum,
335 2614 374 2645 ut
400 2611 550 2645 Romam
579 2613 636 2645 eat
669 2611 713 2644 ad
741 2610 948 2655 provinciae
974 2622 1032 2645 res
1060 2611 1264 2656 praeposito
1290 2610 1452 2653 generali
1479 2610 1699 2644 enarrandas
1726 2611 1762 2643 et
1788 2621 1866 2654 pro-

92 2665 233 2699 vinciae
259 2664 404 2708 negotia
430 2665 608 2705 curanda;
637 2665 682 2698 cf.
709 2675 819 2709 supra
845 2676 877 2708 p.
901 2664 977 2698 164.

213 2719 226 2738 ³
252 2718 340 2752 Rom
369 2720 400 2759 6,
422 2719 462 2752 11
491 2718 535 2753 23
563 2720 649 2757 eto.;
678 2729 712 2752 v.
740 2729 849 2762 supra
875 2729 909 2762 p.
929 2717 1025 2752 290⁹.
1172 2719 1184 2737 ‘²
1212 2716 1324 2750 Paulo
1351 2716 1510 2751 Hoffaeo.

213 2771 226 2790 ⁵
251 2770 347 2804 Libri
380 2771 455 2814 „edi
480 2783 551 2805 non
577 2773 746 2816 poterunt
774 2771 807 2804 in
834 2770 950 2804 lucem
970 2772 1046 2804 sine
1065 2770 1321 2815 approbatione
1340 2772 1450 2814 atque
1468 2781 1645 2804 consensu
1664 2769 1867 2814 Praepositi

94 2824 292 2859 Generalis.
406 2825 565 2868 Intelligi
592 2827 744 2870 oportet,
772 2836 792 2858 a
819 2824 960 2857 nemine
987 2824 1117 2857 librum
1144 2822 1257 2857 ullum
1284 2823 1361 2857 sine
1388 2823 1653 2857 examinatione
1680 2825 1717 2857 et
1742 2834 1868 2868 appro-

92 2878 236 2912 batione
262 2878 410 2922 speciali
429 2878 630 2923 Praepositi
651 2877 849 2917 Generalis,
877 2880 917 2911 ut
943 2877 1079 2911 dictum
1098 2879 1164 2919 est,
1190 2876 1366 2921 publicari
1393 2876 1533 2911 debere.
1645 2875 1713 2917 Qui
1731 2876 1868 2910 talento

94 2931 279 2974 praeditus
306 2931 350 2965 ad
377 2931 587 2966 scribendos
613 2931 724 2966 libros
750 2931 929 2965 communi
947 2930 1038 2965 bono
1056 2929 1165 2964 utiles
1185 2941 1245 2964 eos
1264 2930 1526 2971 conscriberem
1553 2930 1590 2964 in
1616 2931 1734 2965 lucem
1761 2930 1867 2963 edere

94 2996 163 3018 11011
191 2984 297 3018 debet
322 2984 444 3029 aliqua
463 2985 610 3030 scripta,
637 2985 706 3019 nisi
734 2984 833 3029 prius
852 2983 1085 3029 Praepositus
1105 2982 1294 3018 Generalis
1311 2994 1354 3017 ea
1372 2983 1494 3017 videat
1520 2987 1556 3018 et
1582 2984 1655 3027 legi
1673 2995 1715 3018 ac
1735 2983 1869 3017 exami-

92 3038 169 3073 nari
197 3038 351 3072 faciat“:
381 3039 656 3073 Constz’tutiones
682 3038 716 3073 S.
736 3038 767 3072 J.
795 3038 834 3071 P.
855 3037 886 3079 3,
913 3049 942 3071 0.
964 3038 994 3079 1,
1022 3049 1055 3071 11.
1077 3037 1139 3077 18;
1169 3036 1208 3072 Ρ.
1226 3037 1258 3077 4,
1287 3048 1316 3071 c.
1337 3037 1357 3070 6
1378 3036 1427 3078 O;
1454 3037 1494 3071 P.
1515 3038 1545 3078 7,
1573 3049 1602 3071 c.
1622 3037 1654 3079 4,
1682 3049 1715 3070 n.
1738 3037 1792 3071 11.

213 3092 225 3110 ⁶
250 3090 342 3125 Vide
368 3102 487 3136 supra,
515 3091 595 3126 adn.
615 3092 647 3131 2,
675 3094 711 3125 et
737 3091 840 3132 infra,
868 3102 961 3124 mon.
980 3102 1063 3133 aug.
1086 3090 1122 3133 (a
1137 3090 1188 3133 8).
