<?xml version="1.0" encoding="UTF-8"?>
<!DOCTYPE html PUBLIC "-//W3C//DTD XHTML 1.0 Transitional//EN"
    "http://www.w3.org/TR/xhtml1/DTD/xhtml1-transitional.dtd">
<html xmlns="http://www.w3.org/1999/xhtml" xml:lang="en" lang="en">
 <head>
  <title>
</title>
<meta http-equiv="Content-Type" content="text/html;charset=utf-8" />
  <meta name='ocr-system' content='tesseract 3.04.00' />
  <meta name='ocr-capabilities' content='ocr_page ocr_carea ocr_par ocr_line ocrx_word'/>
</head>
<body>
  <div class='ocr_page' id='page_1' title='image "beatipetricanisi06cani_0696.png"; bbox 0 0 2044 3335; ppageno 0'>
   <div class='ocr_carea' id='block_1_1' title="bbox 164 76 1714 123">
    <p class='ocr_par' dir='ltr' id='par_1_1' title="bbox 164 76 1714 123">
     <span class='ocr_line' id='line_1_1' title="bbox 164 76 1714 123; baseline -0.001 -9"><span class='ocrx_word' id='word_1_1' title='bbox 164 82 248 123; x_wconf 77' lang='lat'>622</span> <span class='ocrx_word' id='word_1_2' title='bbox 370 81 465 114; x_wconf 91' lang='lat' dir='ltr'><strong>Mon.</strong></span> <span class='ocrx_word' id='word_1_3' title='bbox 492 80 559 115; x_wconf 85' lang='grc'>988</span> <span class='ocrx_word' id='word_1_4' title='bbox 585 79 662 113; x_wconf 84' lang='lat' dir='ltr'>sive</span> <span class='ocrx_word' id='word_1_5' title='bbox 689 89 766 112; x_wconf 88' lang='grc'>0011.</span> <span class='ocrx_word' id='word_1_6' title='bbox 786 76 875 121; x_wconf 88' lang='grc'>(16).</span> <span class='ocrx_word' id='word_1_7' title='bbox 919 77 948 111; x_wconf 93' lang='grc' dir='ltr'><strong>Α</strong></span> <span class='ocrx_word' id='word_1_8' title='bbox 974 88 1020 111; x_wconf 87' lang='grc'>10.</span> <span class='ocrx_word' id='word_1_9' title='bbox 1040 76 1228 111; x_wconf 88' lang='lat' dir='ltr'>Decembri</span> <span class='ocrx_word' id='word_1_10' title='bbox 1256 76 1346 112; x_wconf 83' lang='lat'>1570</span> <span class='ocrx_word' id='word_1_11' title='bbox 1372 76 1416 111; x_wconf 87' lang='lat' dir='ltr'>ad</span> <span class='ocrx_word' id='word_1_12' title='bbox 1443 76 1583 111; x_wconf 88' lang='lat' dir='ltr'>Iunium</span> <span class='ocrx_word' id='word_1_13' title='bbox 1611 77 1714 112; x_wconf 85' lang='lat'><strong>1571.</strong></span> 
     </span>
    </p>
   </div>
   <div class='ocr_carea' id='block_1_2' title="bbox 160 191 1930 2739">
    <p class='ocr_par' dir='ltr' id='par_1_2' title="bbox 160 191 1930 2739">
     <span class='ocr_line' id='line_1_2' title="bbox 161 191 1922 239; baseline -0.003 -9"><span class='ocrx_word' id='word_1_14' title='bbox 161 195 322 239; x_wconf 77' lang='lat' dir='ltr'>intelligo</span> <span class='ocrx_word' id='word_1_15' title='bbox 350 206 428 229; x_wconf 84' lang='lat' dir='ltr'>esse</span> <span class='ocrx_word' id='word_1_16' title='bbox 455 194 498 227; x_wconf 90' lang='lat' dir='ltr'>ad</span> <span class='ocrx_word' id='word_1_17' title='bbox 525 193 771 227; x_wconf 79' lang='lat' dir='ltr'><strong>fundationem</strong></span> <span class='ocrx_word' id='word_1_18' title='bbox 788 195 943 237; x_wconf 86' lang='lat' dir='ltr'>paratos,</span> <span class='ocrx_word' id='word_1_19' title='bbox 970 192 1033 227; x_wconf 87' lang='lat' dir='ltr'>sed</span> <span class='ocrx_word' id='word_1_20' title='bbox 1058 192 1159 226; x_wconf 86' lang='grc'>100110</span> <span class='ocrx_word' id='word_1_21' title='bbox 1184 192 1273 226; x_wconf 87' lang='lat' dir='ltr'>liber</span> <span class='ocrx_word' id='word_1_22' title='bbox 1296 191 1413 226; x_wconf 85' lang='lat' dir='ltr'>adhuc</span> <span class='ocrx_word' id='word_1_23' title='bbox 1438 192 1549 226; x_wconf 88' lang='lat' dir='ltr'>deest.</span> <span class='ocrx_word' id='word_1_24' title='bbox 1585 193 1643 226; x_wconf 84' lang='lat' dir='ltr'>Ad</span> <span class='ocrx_word' id='word_1_25' title='bbox 1667 193 1752 225; x_wconf 84' lang='lat' dir='ltr'>haec</span> <span class='ocrx_word' id='word_1_26' title='bbox 1769 192 1922 235; x_wconf 72' lang='lat' dir='ltr'>Boryias</span> 
     </span>
     <span class='ocr_line' id='line_1_3' title="bbox 161 244 1921 292; baseline -0.003 -9"><span class='ocrx_word' id='word_1_27' title='bbox 161 250 311 292; x_wconf 78' lang='lat' dir='ltr'>Hoffaeo</span> <span class='ocrx_word' id='word_1_28' title='bbox 328 250 440 282; x_wconf 81' lang='lat' dir='ltr'>Roma</span> <span class='ocrx_word' id='word_1_29' title='bbox 460 250 490 280; x_wconf 94' lang='lat'>7.</span> <span class='ocrx_word' id='word_1_30' title='bbox 508 247 649 289; x_wconf 75' lang='lat' dir='ltr'>Aprilis</span> <span class='ocrx_word' id='word_1_31' title='bbox 668 248 758 280; x_wconf 87' lang='lat'><strong><em>1571</em></strong></span> <span class='ocrx_word' id='word_1_32' title='bbox 777 247 979 289; x_wconf 74' lang='lat' dir='ltr'><em>rescripsit:</em></span> <span class='ocrx_word' id='word_1_33' title='bbox 1005 245 1072 279; x_wconf 88' lang='lat' dir='ltr'>Del</span> <span class='ocrx_word' id='word_1_34' title='bbox 1097 247 1198 290; x_wconf 88' lang='lat' dir='ltr'>poter</span> <span class='ocrx_word' id='word_1_35' title='bbox 1224 245 1343 279; x_wconf 80' lang='lat' dir='ltr'>offerii·</span> <span class='ocrx_word' id='word_1_36' title='bbox 1367 244 1392 279; x_wconf 89' lang='lat' dir='ltr'>il</span> <span class='ocrx_word' id='word_1_37' title='bbox 1410 245 1448 279; x_wconf 90' lang='lat' dir='ltr'>P.</span> <span class='ocrx_word' id='word_1_38' title='bbox 1469 244 1611 280; x_wconf 85' lang='lat' dir='ltr'>Canisio</span> <span class='ocrx_word' id='word_1_39' title='bbox 1637 244 1671 278; x_wconf 88' lang='lat' dir='ltr'>al</span> <span class='ocrx_word' id='word_1_40' title='bbox 1689 244 1921 279; x_wconf 84' lang='lat' dir='ltr'>Serenissimo</span> 
     </span>
     <span class='ocr_line' id='line_1_4' title="bbox 160 297 1922 343; baseline -0.002 -9"><span class='ocrx_word' id='word_1_41' title='bbox 160 301 363 335; x_wconf 84' lang='lat' dir='ltr'>Archiduca</span> <span class='ocrx_word' id='word_1_42' title='bbox 381 300 427 334; x_wconf 89' lang='lat' dir='ltr'>mi</span> <span class='ocrx_word' id='word_1_43' title='bbox 454 299 598 333; x_wconf 84' lang='lat' dir='ltr'>rimetto</span> <span class='ocrx_word' id='word_1_44' title='bbox 617 310 637 333; x_wconf 89' lang='lat' dir='ltr'>a</span> <span class='ocrx_word' id='word_1_45' title='bbox 656 299 709 334; x_wconf 87' lang='lat' dir='ltr'>.V.</span> <span class='ocrx_word' id='word_1_46' title='bbox 728 298 934 333; x_wconf 86' lang='lat' dir='ltr'>Reuerenza</span> <span class='ocrx_word' id='word_1_47' title='bbox 953 298 1082 343; x_wconf 81' lang='lat' dir='ltr'>perche</span> <span class='ocrx_word' id='word_1_48' title='bbox 1099 298 1149 332; x_wconf 92' lang='lat' dir='ltr'>mi</span> <span class='ocrx_word' id='word_1_49' title='bbox 1174 310 1239 343; x_wconf 89' lang='lat' dir='ltr'>par</span> <span class='ocrx_word' id='word_1_50' title='bbox 1257 298 1346 332; x_wconf 85' lang='lat' dir='ltr'>bene</span> <span class='ocrx_word' id='word_1_51' title='bbox 1363 297 1460 332; x_wconf 85' lang='lat' dir='ltr'>accio</span> <span class='ocrx_word' id='word_1_52' title='bbox 1486 297 1579 332; x_wconf 90' lang='lat' dir='ltr'>torni</span> <span class='ocrx_word' id='word_1_53' title='bbox 1604 298 1628 331; x_wconf 95' lang='lat' dir='ltr'>il</span> <span class='ocrx_word' id='word_1_54' title='bbox 1648 298 1687 332; x_wconf 88' lang='lat' dir='ltr'>P.</span> <span class='ocrx_word' id='word_1_55' title='bbox 1706 297 1922 332; x_wconf 84' lang='lat' dir='ltr'>Alessandro</span> 
     </span>
     <span class='ocr_line' id='line_1_5' title="bbox 160 349 1922 396; baseline -0.002 -9"><span class='ocrx_word' id='word_1_56' title='bbox 160 355 196 388; x_wconf 87' lang='lat' dir='ltr'>in</span> <span class='ocrx_word' id='word_1_57' title='bbox 222 353 380 387; x_wconf 85' lang='lat' dir='ltr'>Austria.</span> <span class='ocrx_word' id='word_1_58' title='bbox 431 353 478 386; x_wconf 73' lang='lat' dir='ltr'>Ec</span> <span class='ocrx_word' id='word_1_59' title='bbox 508 353 694 396; x_wconf 76' lang='lat' dir='ltr'>aliquanto</span> <span class='ocrx_word' id='word_1_60' title='bbox 718 353 845 395; x_wconf 79' lang='lat' dir='ltr'>infra:</span> <span class='ocrx_word' id='word_1_61' title='bbox 877 351 966 393; x_wconf 80' lang='lat' dir='ltr'>Quel</span> <span class='ocrx_word' id='word_1_62' title='bbox 992 351 1057 386; x_wconf 91' lang='lat' dir='ltr'>che</span> <span class='ocrx_word' id='word_1_63' title='bbox 1093 351 1127 385; x_wconf 86' lang='lat' dir='ltr'>di</span> <span class='ocrx_word' id='word_1_64' title='bbox 1162 362 1268 396; x_wconf 82' lang='lat' dir='ltr'>sopra</span> <span class='ocrx_word' id='word_1_65' title='bbox 1294 351 1339 385; x_wconf 81' lang='lat' dir='ltr'>ho</span> <span class='ocrx_word' id='word_1_66' title='bbox 1366 351 1463 385; x_wconf 84' lang='lat' dir='ltr'>detto</span> <span class='ocrx_word' id='word_1_67' title='bbox 1498 350 1533 385; x_wconf 88' lang='lat' dir='ltr'>di</span> <span class='ocrx_word' id='word_1_68' title='bbox 1567 350 1706 385; x_wconf 86' lang='lat' dir='ltr'>offerire</span> <span class='ocrx_word' id='word_1_69' title='bbox 1740 350 1765 384; x_wconf 86' lang='lat' dir='ltr'>il</span> <span class='ocrx_word' id='word_1_70' title='bbox 1790 349 1830 385; x_wconf 91' lang='lat' dir='ltr'>P.</span> <span class='ocrx_word' id='word_1_71' title='bbox 1857 350 1922 385; x_wconf 84' lang='lat' dir='ltr'>Ga-</span> 
     </span>
     <span class='ocr_line' id='line_1_6' title="bbox 160 403 1921 446; baseline -0.002 -6"><span class='ocrx_word' id='word_1_72' title='bbox 160 406 250 441; x_wconf 79' lang='lat' dir='ltr'>nisio</span> <span class='ocrx_word' id='word_1_73' title='bbox 276 406 310 440; x_wconf 84' lang='lat' dir='ltr'>al</span> <span class='ocrx_word' id='word_1_74' title='bbox 338 405 572 440; x_wconf 85' lang='lat' dir='ltr'>Serenissimo</span> <span class='ocrx_word' id='word_1_75' title='bbox 598 404 812 446; x_wconf 87' lang='lat' dir='ltr'>Archiduoa,</span> <span class='ocrx_word' id='word_1_76' title='bbox 839 404 870 439; x_wconf 91' lang='lat' dir='ltr'>si</span> <span class='ocrx_word' id='word_1_77' title='bbox 907 405 1053 438; x_wconf 84' lang='lat' dir='ltr'>intenda</span> <span class='ocrx_word' id='word_1_78' title='bbox 1079 404 1144 438; x_wconf 89' lang='lat' dir='ltr'>che</span> <span class='ocrx_word' id='word_1_79' title='bbox 1170 404 1200 438; x_wconf 84' lang='lat' dir='ltr'>si</span> <span class='ocrx_word' id='word_1_80' title='bbox 1226 404 1272 438; x_wconf 79' lang='lat' dir='ltr'>ha</span> <span class='ocrx_word' id='word_1_81' title='bbox 1299 404 1332 437; x_wconf 87' lang='lat' dir='ltr'>di</span> <span class='ocrx_word' id='word_1_82' title='bbox 1359 404 1436 437; x_wconf 85' lang='lat' dir='ltr'>fare</span> <span class='ocrx_word' id='word_1_83' title='bbox 1461 405 1694 438; x_wconf 85' lang='lat' dir='ltr'>suauemente</span> <span class='ocrx_word' id='word_1_84' title='bbox 1725 403 1921 437; x_wconf 86' lang='lat' dir='ltr'>trattando-</span> 
     </span>
     <span class='ocr_line' id='line_1_7' title="bbox 160 455 1923 503; baseline -0.001 -11"><span class='ocrx_word' id='word_1_85' title='bbox 160 460 193 493; x_wconf 98' lang='grc'>10</span> <span class='ocrx_word' id='word_1_86' title='bbox 219 459 334 503; x_wconf 85' lang='lat' dir='ltr'>prima</span> <span class='ocrx_word' id='word_1_87' title='bbox 360 470 425 493; x_wconf 83' lang='lat' dir='ltr'>con</span> <span class='ocrx_word' id='word_1_88' title='bbox 444 469 525 492; x_wconf 84' lang='lat' dir='ltr'>esso</span> <span class='ocrx_word' id='word_1_89' title='bbox 544 458 660 492; x_wconf 87' lang='lat' dir='ltr'>Padre</span> <span class='ocrx_word' id='word_1_90' title='bbox 679 458 798 492; x_wconf 89' lang='lat' dir='ltr'>Pietro</span> <span class='ocrx_word' id='word_1_91' title='bbox 818 457 971 499; x_wconf 86' lang='lat' dir='ltr'>Canisio,</span> <span class='ocrx_word' id='word_1_92' title='bbox 999 460 1035 491; x_wconf 89' lang='lat' dir='ltr'>et</span> <span class='ocrx_word' id='word_1_93' title='bbox 1052 457 1323 491; x_wconf 85' lang='lat' dir='ltr'>contentandosi</span> <span class='ocrx_word' id='word_1_94' title='bbox 1350 457 1384 490; x_wconf 88' lang='lat' dir='ltr'>di</span> <span class='ocrx_word' id='word_1_95' title='bbox 1412 456 1540 501; x_wconf 84' lang='lat' dir='ltr'>quello,</span> <span class='ocrx_word' id='word_1_96' title='bbox 1567 458 1603 491; x_wconf 88' lang='lat' dir='ltr'>et</span> <span class='ocrx_word' id='word_1_97' title='bbox 1621 456 1762 500; x_wconf 83' lang='lat' dir='ltr'>quando</span> <span class='ocrx_word' id='word_1_98' title='bbox 1779 455 1923 490; x_wconf 84' lang='lat' dir='ltr'>hauessi</span> 
     </span>
     <span class='ocr_line' id='line_1_8' title="bbox 160 508 1923 555; baseline -0.002 -9"><span class='ocrx_word' id='word_1_99' title='bbox 160 512 298 555; x_wconf 81' lang='lat' dir='ltr'>ragioni</span> <span class='ocrx_word' id='word_1_100' title='bbox 325 512 389 546; x_wconf 83' lang='lat' dir='ltr'>ohe</span> <span class='ocrx_word' id='word_1_101' title='bbox 415 512 449 546; x_wconf 94' lang='lat' dir='ltr'>lo</span> <span class='ocrx_word' id='word_1_102' title='bbox 475 511 677 546; x_wconf 87' lang='lat' dir='ltr'>mouessino</span> <span class='ocrx_word' id='word_1_103' title='bbox 704 511 749 545; x_wconf 89' lang='lat' dir='ltr'>ad</span> <span class='ocrx_word' id='word_1_104' title='bbox 775 511 963 552; x_wconf 85' lang='lat' dir='ltr'>escusarsi,</span> <span class='ocrx_word' id='word_1_105' title='bbox 991 522 1060 544; x_wconf 91' lang='lat' dir='ltr'>non</span> <span class='ocrx_word' id='word_1_106' title='bbox 1087 510 1248 544; x_wconf 88' lang='lat' dir='ltr'>uenendo</span> <span class='ocrx_word' id='word_1_107' title='bbox 1274 510 1335 551; x_wconf 87' lang='lat' dir='ltr'>lui,</span> <span class='ocrx_word' id='word_1_108' title='bbox 1361 510 1393 544; x_wconf 83' lang='lat' dir='ltr'>si</span> <span class='ocrx_word' id='word_1_109' title='bbox 1426 511 1529 554; x_wconf 90' lang='lat' dir='ltr'>potra</span> <span class='ocrx_word' id='word_1_110' title='bbox 1554 510 1694 543; x_wconf 88' lang='lat' dir='ltr'>offerire</span> <span class='ocrx_word' id='word_1_111' title='bbox 1720 509 1745 543; x_wconf 89' lang='lat' dir='ltr'>il</span> <span class='ocrx_word' id='word_1_112' title='bbox 1770 509 1810 544; x_wconf 91' lang='lat' dir='ltr'>P.</span> <span class='ocrx_word' id='word_1_113' title='bbox 1838 508 1923 544; x_wconf 90' lang='lat' dir='ltr'>Gre-</span> 
     </span>
     <span class='ocr_line' id='line_1_9' title="bbox 160 562 1924 609; baseline -0.002 -10"><span class='ocrx_word' id='word_1_114' title='bbox 160 565 284 608; x_wconf 83' lang='lat' dir='ltr'>gorio¹</span> <span class='ocrx_word' id='word_1_115' title='bbox 311 565 345 599; x_wconf 87' lang='lat' dir='ltr'>al</span> <span class='ocrx_word' id='word_1_116' title='bbox 372 564 558 606; x_wconf 85' lang='lat' dir='ltr'>Arciduca,</span> <span class='ocrx_word' id='word_1_117' title='bbox 595 567 630 599; x_wconf 87' lang='lat' dir='ltr'>et</span> <span class='ocrx_word' id='word_1_118' title='bbox 664 566 767 609; x_wconf 85' lang='lat' dir='ltr'>potra</span> <span class='ocrx_word' id='word_1_119' title='bbox 801 564 827 598; x_wconf 91' lang='lat' dir='ltr'>il</span> <span class='ocrx_word' id='word_1_120' title='bbox 854 564 893 599; x_wconf 89' lang='lat' dir='ltr'>P.</span> <span class='ocrx_word' id='word_1_121' title='bbox 922 563 1065 598; x_wconf 86' lang='lat' dir='ltr'>Canisio</span> <span class='ocrx_word' id='word_1_122' title='bbox 1101 563 1136 597; x_wconf 91' lang='lat' dir='ltr'>in</span> <span class='ocrx_word' id='word_1_123' title='bbox 1171 574 1236 597; x_wconf 83' lang='lat' dir='ltr'>suo</span> <span class='ocrx_word' id='word_1_124' title='bbox 1270 562 1371 597; x_wconf 85' lang='lat' dir='ltr'>luoco</span> <span class='ocrx_word' id='word_1_125' title='bbox 1406 563 1571 597; x_wconf 87' lang='lat' dir='ltr'>fermarsi</span> <span class='ocrx_word' id='word_1_126' title='bbox 1605 563 1641 596; x_wconf 90' lang='lat' dir='ltr'>in</span> <span class='ocrx_word' id='word_1_127' title='bbox 1668 563 1832 606; x_wconf 86' lang='lat' dir='ltr'>Augusta</span> <span class='ocrx_word' id='word_1_128' title='bbox 1860 574 1924 607; x_wconf 91' lang='lat' dir='ltr'>per</span> 
     </span>
     <span class='ocr_line' id='line_1_10' title="bbox 160 615 1924 663; baseline -0.002 -10"><span class='ocrx_word' id='word_1_129' title='bbox 160 619 343 663; x_wconf 82' lang='lat' dir='ltr'>predicare</span> <span class='ocrx_word' id='word_1_130' title='bbox 371 621 448 653; x_wconf 85' lang='lat' dir='ltr'>.etc.</span> <span class='ocrx_word' id='word_1_131' title='bbox 469 645 476 652; x_wconf 94' lang='lat'>.</span> <span class='ocrx_word' id='word_1_132' title='bbox 497 645 503 652; x_wconf 94' lang='lat'>.</span> <span class='ocrx_word' id='word_1_133' title='bbox 525 645 532 652; x_wconf 94' lang='lat'>.</span> <span class='ocrx_word' id='word_1_134' title='bbox 572 618 642 652; x_wconf 90' lang='lat' dir='ltr'>Per</span> <span class='ocrx_word' id='word_1_135' title='bbox 668 617 893 660; x_wconf 82' lang='lat' dir='ltr'>Jngolstadio</span> <span class='ocrx_word' id='word_1_136' title='bbox 920 617 1016 651; x_wconf 86' lang='lat' dir='ltr'>saria</span> <span class='ocrx_word' id='word_1_137' title='bbox 1042 617 1109 651; x_wconf 91' lang='lat' dir='ltr'>ben</span> <span class='ocrx_word' id='word_1_138' title='bbox 1136 616 1170 650; x_wconf 87' lang='lat' dir='ltr'>al</span> <span class='ocrx_word' id='word_1_139' title='bbox 1195 616 1377 661; x_wconf 90' lang='lat' dir='ltr'>proposito</span> <span class='ocrx_word' id='word_1_140' title='bbox 1402 627 1450 650; x_wconf 91' lang='lat' dir='ltr'>un</span> <span class='ocrx_word' id='word_1_141' title='bbox 1476 615 1591 649; x_wconf 90' lang='lat' dir='ltr'>Padre</span> <span class='ocrx_word' id='word_1_142' title='bbox 1616 617 1756 650; x_wconf 88' lang='lat' dir='ltr'>maturo</span> <span class='ocrx_word' id='word_1_143' title='bbox 1782 618 1818 649; x_wconf 87' lang='lat' dir='ltr'>et</span> <span class='ocrx_word' id='word_1_144' title='bbox 1842 627 1924 660; x_wconf 92' lang='lat' dir='ltr'>pru-</span> 
     </span>
     <span class='ocr_line' id='line_1_11' title="bbox 161 668 1924 716; baseline -0.002 -10"><span class='ocrx_word' id='word_1_145' title='bbox 161 672 276 713; x_wconf 87' lang='lat' dir='ltr'>dente,</span> <span class='ocrx_word' id='word_1_146' title='bbox 305 672 389 716; x_wconf 87' lang='lat' dir='ltr'>qual</span> <span class='ocrx_word' id='word_1_147' title='bbox 407 672 449 706; x_wconf 92' lang='lat' dir='ltr'>V.</span> <span class='ocrx_word' id='word_1_148' title='bbox 468 671 509 705; x_wconf 86' lang='lat' dir='ltr'>R.</span> <span class='ocrx_word' id='word_1_149' title='bbox 536 671 570 705; x_wconf 93' lang='lat' dir='ltr'>lo</span> <span class='ocrx_word' id='word_1_150' title='bbox 597 671 769 712; x_wconf 89' lang='lat' dir='ltr'>ricercha,</span> <span class='ocrx_word' id='word_1_151' title='bbox 797 673 833 705; x_wconf 88' lang='lat' dir='ltr'>et</span> <span class='ocrx_word' id='word_1_152' title='bbox 851 670 925 704; x_wconf 87' lang='lat' dir='ltr'>cosi</span> <span class='ocrx_word' id='word_1_153' title='bbox 950 670 1000 704; x_wconf 91' lang='lat' dir='ltr'>mi</span> <span class='ocrx_word' id='word_1_154' title='bbox 1026 673 1044 704; x_wconf 83' lang='grc'>0</span> <span class='ocrx_word' id='word_1_155' title='bbox 1071 680 1225 710; x_wconf 75' lang='lat' dir='ltr'><strong>occurso,</strong></span> <span class='ocrx_word' id='word_1_156' title='bbox 1252 669 1402 703; x_wconf 86' lang='lat' dir='ltr'>sarebbe</span> <span class='ocrx_word' id='word_1_157' title='bbox 1428 669 1462 703; x_wconf 84' lang='lat' dir='ltr'>al</span> <span class='ocrx_word' id='word_1_158' title='bbox 1488 668 1669 714; x_wconf 88' lang='lat' dir='ltr'>proposito</span> <span class='ocrx_word' id='word_1_159' title='bbox 1694 668 1719 702; x_wconf 90' lang='lat' dir='ltr'>il</span> <span class='ocrx_word' id='word_1_160' title='bbox 1738 668 1778 703; x_wconf 87' lang='lat' dir='ltr'>P.</span> <span class='ocrx_word' id='word_1_161' title='bbox 1796 669 1924 702; x_wconf 90' lang='lat' dir='ltr'>Dottor</span> 
     </span>
     <span class='ocr_line' id='line_1_12' title="bbox 160 721 1923 770; baseline -0.002 -11"><span class='ocrx_word' id='word_1_162' title='bbox 160 725 294 770; x_wconf 86' lang='lat' dir='ltr'>Lanoy,</span> <span class='ocrx_word' id='word_1_163' title='bbox 321 724 506 759; x_wconf 85' lang='lat' dir='ltr'>facendolo</span> <span class='ocrx_word' id='word_1_164' title='bbox 532 724 847 769; x_wconf 84' lang='lat' dir='ltr'>superintendente</span> <span class='ocrx_word' id='word_1_165' title='bbox 874 723 908 757; x_wconf 91' lang='lat' dir='ltr'>di</span> <span class='ocrx_word' id='word_1_166' title='bbox 928 723 1010 767; x_wconf 90' lang='lat' dir='ltr'>quel</span> <span class='ocrx_word' id='word_1_167' title='bbox 1036 722 1186 766; x_wconf 89' lang='lat' dir='ltr'>collegio</span> <span class='ocrx_word' id='word_1_168' title='bbox 1213 722 1356 766; x_wconf 85' lang='lat' dir='ltr'>alquale</span> <span class='ocrx_word' id='word_1_169' title='bbox 1382 722 1429 756; x_wconf 80' lang='lat' dir='ltr'>ha</span> <span class='ocrx_word' id='word_1_170' title='bbox 1445 724 1620 756; x_wconf 87' lang='lat' dir='ltr'>mostrato</span> <span class='ocrx_word' id='word_1_171' title='bbox 1638 721 1790 766; x_wconf 87' lang='lat' dir='ltr'>qualche</span> <span class='ocrx_word' id='word_1_172' title='bbox 1815 721 1923 766; x_wconf 83' lang='lat' dir='ltr'>parti-</span> 
     </span>
     <span class='ocr_line' id='line_1_13' title="bbox 161 774 1924 822; baseline -0.002 -10"><span class='ocrx_word' id='word_1_173' title='bbox 161 779 278 813; x_wconf 88' lang='lat' dir='ltr'>colare</span> <span class='ocrx_word' id='word_1_174' title='bbox 303 778 543 819; x_wconf 76' lang='lat' dir='ltr'>inclinatione,</span> <span class='ocrx_word' id='word_1_175' title='bbox 570 780 606 812; x_wconf 89' lang='lat' dir='ltr'>et</span> <span class='ocrx_word' id='word_1_176' title='bbox 630 789 701 812; x_wconf 91' lang='lat' dir='ltr'>non</span> <span class='ocrx_word' id='word_1_177' title='bbox 726 777 951 822; x_wconf 86' lang='lat' dir='ltr'>patirebbero</span> <span class='ocrx_word' id='word_1_178' title='bbox 978 775 1191 810; x_wconf 84' lang='lat' dir='ltr'>detrimento</span> <span class='ocrx_word' id='word_1_179' title='bbox 1218 775 1242 809; x_wconf 93' lang='lat' dir='ltr'>li</span> <span class='ocrx_word' id='word_1_180' title='bbox 1270 775 1410 820; x_wconf 85' lang='lat' dir='ltr'>collegij</span> <span class='ocrx_word' id='word_1_181' title='bbox 1446 775 1488 809; x_wconf 88' lang='lat' dir='ltr'>de</span> <span class='ocrx_word' id='word_1_182' title='bbox 1514 775 1670 819; x_wconf 80' lang='lat' dir='ltr'>Jspruch</span> <span class='ocrx_word' id='word_1_183' title='bbox 1695 776 1731 809; x_wconf 89' lang='lat' dir='ltr'>et</span> <span class='ocrx_word' id='word_1_184' title='bbox 1756 774 1859 816; x_wconf 87' lang='lat' dir='ltr'>Hala,</span> <span class='ocrx_word' id='word_1_185' title='bbox 1885 785 1924 808; x_wconf 86' lang='lat' dir='ltr'>se</span> 
     </span>
     <span class='ocr_line' id='line_1_14' title="bbox 161 827 1924 876; baseline -0.003 -9"><span class='ocrx_word' id='word_1_186' title='bbox 161 832 186 866; x_wconf 91' lang='lat' dir='ltr'>il</span> <span class='ocrx_word' id='word_1_187' title='bbox 212 833 252 867; x_wconf 91' lang='lat' dir='ltr'>P.</span> <span class='ocrx_word' id='word_1_188' title='bbox 272 832 391 866; x_wconf 89' lang='lat' dir='ltr'>Pietro</span> <span class='ocrx_word' id='word_1_189' title='bbox 419 831 560 866; x_wconf 88' lang='grc'>0301010</span> <span class='ocrx_word' id='word_1_190' title='bbox 587 830 751 876; x_wconf 82' lang='lat' dir='ltr'>pigliassi</span> <span class='ocrx_word' id='word_1_191' title='bbox 776 830 799 864; x_wconf 82' lang='grc' dir='ltr'><strong>Γ</strong></span> <span class='ocrx_word' id='word_1_192' title='bbox 814 832 961 864; x_wconf 82' lang='lat' dir='ltr'>assunto</span> <span class='ocrx_word' id='word_1_193' title='bbox 988 830 1023 863; x_wconf 90' lang='lat' dir='ltr'>di</span> <span class='ocrx_word' id='word_1_194' title='bbox 1048 829 1232 874; x_wconf 87' lang='lat' dir='ltr'>predicare</span> <span class='ocrx_word' id='word_1_195' title='bbox 1259 829 1293 862; x_wconf 90' lang='lat' dir='ltr'>al</span> <span class='ocrx_word' id='word_1_196' title='bbox 1319 828 1553 864; x_wconf 84' lang='lat' dir='ltr'>Serenissimo</span> <span class='ocrx_word' id='word_1_197' title='bbox 1581 828 1767 869; x_wconf 87' lang='lat' dir='ltr'>Arciduca,</span> <span class='ocrx_word' id='word_1_198' title='bbox 1793 827 1924 872; x_wconf 86' lang='lat' dir='ltr'>perche</span> 
     </span>
     <span class='ocr_line' id='line_1_15' title="bbox 160 880 1925 930; baseline -0.003 -10"><span class='ocrx_word' id='word_1_199' title='bbox 160 886 309 920; x_wconf 81' lang='lat' dir='ltr'>insieme</span> <span class='ocrx_word' id='word_1_200' title='bbox 335 885 505 930; x_wconf 81' lang='lat' dir='ltr'>potrebbe</span> <span class='ocrx_word' id='word_1_201' title='bbox 530 885 643 919; x_wconf 84' lang='lat' dir='ltr'>bauer</span> <span class='ocrx_word' id='word_1_202' title='bbox 668 883 998 929; x_wconf 86' lang='lat' dir='ltr'>superintendentia</span> <span class='ocrx_word' id='word_1_203' title='bbox 1023 882 1111 916; x_wconf 88' lang='lat' dir='ltr'>nelli</span> <span class='ocrx_word' id='word_1_204' title='bbox 1146 882 1202 916; x_wconf 89' lang='lat' dir='ltr'>doi</span> <span class='ocrx_word' id='word_1_205' title='bbox 1230 882 1318 915; x_wconf 85' lang='lat' dir='ltr'>detti</span> <span class='ocrx_word' id='word_1_206' title='bbox 1354 881 1507 926; x_wconf 80' lang='lat' dir='ltr'>collegij,</span> <span class='ocrx_word' id='word_1_207' title='bbox 1542 883 1579 915; x_wconf 81' lang='lat' dir='ltr'>et</span> <span class='ocrx_word' id='word_1_208' title='bbox 1603 881 1646 916; x_wconf 91' lang='lat' dir='ltr'>V.</span> <span class='ocrx_word' id='word_1_209' title='bbox 1671 881 1712 916; x_wconf 84' lang='lat' dir='ltr'>R.</span> <span class='ocrx_word' id='word_1_210' title='bbox 1738 883 1838 915; x_wconf 91' lang='lat' dir='ltr'>tanto</span> <span class='ocrx_word' id='word_1_211' title='bbox 1863 880 1925 926; x_wconf 77' lang='lat' dir='ltr'>piu</span> 
     </span>
     <span class='ocr_line' id='line_1_16' title="bbox 162 935 1926 983; baseline -0.003 -10"><span class='ocrx_word' id='word_1_212' title='bbox 162 939 258 973; x_wconf 85' lang='lat' dir='ltr'>saria</span> <span class='ocrx_word' id='word_1_213' title='bbox 294 939 433 983; x_wconf 87' lang='lat' dir='ltr'>spedito</span> <span class='ocrx_word' id='word_1_214' title='bbox 470 950 534 983; x_wconf 87' lang='lat' dir='ltr'>per</span> <span class='ocrx_word' id='word_1_215' title='bbox 571 937 591 971; x_wconf 79' lang='lat'>1’</span> <span class='ocrx_word' id='word_1_216' title='bbox 608 937 723 971; x_wconf 85' lang='lat' dir='ltr'>officio</span> <span class='ocrx_word' id='word_1_217' title='bbox 761 949 835 971; x_wconf 85' lang='lat' dir='ltr'>suo.</span> <span class='ocrx_word' id='word_1_218' title='bbox 887 938 1053 970; x_wconf 76' lang='lat' dir='ltr'>Attamen</span> <span class='ocrx_word' id='word_1_219' title='bbox 1087 947 1128 969; x_wconf 84' lang='lat' dir='ltr'>ea</span> <span class='ocrx_word' id='word_1_220' title='bbox 1164 947 1299 979; x_wconf 75' lang='lat' dir='ltr'>qaoque</span> <span class='ocrx_word' id='word_1_221' title='bbox 1334 946 1422 979; x_wconf 70' lang='lat' dir='ltr'>qaae</span> <span class='ocrx_word' id='word_1_222' title='bbox 1447 936 1622 978; x_wconf 83' lang='lat' dir='ltr'>Hoffaeus</span> <span class='ocrx_word' id='word_1_223' title='bbox 1650 937 1703 968; x_wconf 80' lang='lat'>14.</span> <span class='ocrx_word' id='word_1_224' title='bbox 1729 935 1926 968; x_wconf 78' lang='lat' dir='ltr'>Februarii</span> 
     </span>
     <span class='ocr_line' id='line_1_17' title="bbox 163 988 1926 1035; baseline -0.003 -9"><span class='ocrx_word' id='word_1_225' title='bbox 163 993 290 1026; x_wconf 69' lang='lat' dir='ltr'>Natali</span> <span class='ocrx_word' id='word_1_226' title='bbox 323 993 363 1025; x_wconf 86' lang='lat' dir='ltr'>de</span> <span class='ocrx_word' id='word_1_227' title='bbox 388 993 543 1026; x_wconf 72' lang='lat' dir='ltr'>Kleselzto</span> <span class='ocrx_word' id='word_1_228' title='bbox 572 996 811 1035; x_wconf 73' lang='lat' dir='ltr'>proposuerat</span> <span class='ocrx_word' id='word_1_229' title='bbox 848 996 896 1032; x_wconf 77' lang='lat' dir='ltr'>(v.</span> <span class='ocrx_word' id='word_1_230' title='bbox 922 1001 1036 1033; x_wconf 76' lang='lat' dir='ltr'>supra</span> <span class='ocrx_word' id='word_1_231' title='bbox 1057 1001 1094 1033; x_wconf 76' lang='lat'>2).</span> <span class='ocrx_word' id='word_1_232' title='bbox 1123 989 1223 1032; x_wconf 83' lang='lat'>621),</span> <span class='ocrx_word' id='word_1_233' title='bbox 1261 990 1414 1032; x_wconf 73' lang='lat' dir='ltr'>Boryz‘ae</span> <span class='ocrx_word' id='word_1_234' title='bbox 1440 989 1620 1031; x_wconf 71' lang='lat' dir='ltr'>placuisse</span> <span class='ocrx_word' id='word_1_235' title='bbox 1653 988 1835 1029; x_wconf 61' lang='lat' dir='ltr'>videntum</span> <span class='ocrx_word' id='word_1_236' title='bbox 1869 988 1926 1021; x_wconf 77' lang='lat' dir='ltr'>die</span> 
     </span>
     <span class='ocr_line' id='line_1_18' title="bbox 162 1042 1926 1088; baseline -0.003 -9"><span class='ocrx_word' id='word_1_237' title='bbox 162 1048 253 1079; x_wconf 71' lang='lat' dir='ltr'>enim</span> <span class='ocrx_word' id='word_1_238' title='bbox 280 1048 336 1079; x_wconf 82' lang='grc'>21.</span> <span class='ocrx_word' id='word_1_239' title='bbox 364 1046 505 1088; x_wconf 72' lang='lat' dir='ltr'>Aprilis</span> <span class='ocrx_word' id='word_1_240' title='bbox 531 1048 622 1079; x_wconf 86' lang='lat'><strong><em>1571</em></strong></span> <span class='ocrx_word' id='word_1_241' title='bbox 649 1045 801 1087; x_wconf 83' lang='lat' dir='ltr'>Hoffaeo</span> <span class='ocrx_word' id='word_1_242' title='bbox 824 1045 988 1087; x_wconf 72' lang='lat' dir='ltr'>scripsit:</span> <span class='ocrx_word' id='word_1_243' title='bbox 1021 1043 1213 1076; x_wconf 75' lang='lat' dir='ltr'>Klesetitcm</span> <span class='ocrx_word' id='word_1_244' title='bbox 1249 1042 1422 1075; x_wconf 75' lang='lat' dir='ltr'>haeresim</span> <span class='ocrx_word' id='word_1_245' title='bbox 1457 1042 1641 1075; x_wconf 76' lang='lat' dir='ltr'>abiurasse</span> <span class='ocrx_word' id='word_1_246' title='bbox 1674 1045 1704 1074; x_wconf 88' lang='lat' dir='ltr'>et</span> <span class='ocrx_word' id='word_1_247' title='bbox 1727 1042 1810 1083; x_wconf 79' lang='lat' dir='ltr'>fidel</span> <span class='ocrx_word' id='word_1_248' title='bbox 1837 1051 1926 1084; x_wconf 74' lang='lat' dir='ltr'>pro-</span> 
     </span>
     <span class='ocr_line' id='line_1_19' title="bbox 162 1095 1926 1141; baseline -0.003 -9"><span class='ocrx_word' id='word_1_249' title='bbox 162 1100 346 1141; x_wconf 73' lang='lat' dir='ltr'>fessionem</span> <span class='ocrx_word' id='word_1_250' title='bbox 371 1100 493 1141; x_wconf 75' lang='lat' dir='ltr'>fecisse</span> <span class='ocrx_word' id='word_1_251' title='bbox 517 1103 617 1132; x_wconf 83' lang='lat' dir='ltr'>tanta</span> <span class='ocrx_word' id='word_1_252' title='bbox 644 1110 722 1132; x_wconf 80' lang='lat' dir='ltr'>cum</span> <span class='ocrx_word' id='word_1_253' title='bbox 741 1099 889 1141; x_wconf 70' lang='lat' dir='ltr'>pietatis</span> <span class='ocrx_word' id='word_1_254' title='bbox 923 1097 1191 1140; x_wconf 66' lang='lat' dir='ltr'>sz&#39;ynificatione,</span> <span class='ocrx_word' id='word_1_255' title='bbox 1227 1100 1266 1128; x_wconf 80' lang='lat' dir='ltr'>ut</span> <span class='ocrx_word' id='word_1_256' title='bbox 1291 1106 1409 1129; x_wconf 80' lang='lat' dir='ltr'>omnes</span> <span class='ocrx_word' id='word_1_257' title='bbox 1439 1096 1574 1138; x_wconf 67' lang='lat' dir='ltr'>glaudio</span> <span class='ocrx_word' id='word_1_258' title='bbox 1609 1095 1861 1137; x_wconf 76' lang='lat' dir='ltr'>afficerentctr;</span> <span class='ocrx_word' id='word_1_259' title='bbox 1893 1095 1926 1128; x_wconf 77' lang='lat' dir='ltr'>si</span> 
     </span>
     <span class='ocr_line' id='line_1_20' title="bbox 162 1147 1926 1195; baseline -0.003 -10"><span class='ocrx_word' id='word_1_260' title='bbox 162 1154 274 1195; x_wconf 54' lang='lat' dir='ltr'>witm-</span> <span class='ocrx_word' id='word_1_261' title='bbox 300 1153 490 1193; x_wconf 71' lang='lat' dir='ltr'>archidaoe,</span> <span class='ocrx_word' id='word_1_262' title='bbox 520 1156 556 1185; x_wconf 83' lang='lat' dir='ltr'>ut</span> <span class='ocrx_word' id='word_1_263' title='bbox 581 1152 640 1185; x_wconf 76' lang='lat' dir='ltr'>ille</span> <span class='ocrx_word' id='word_1_264' title='bbox 666 1153 779 1184; x_wconf 72' lang='lat' dir='ltr'>denuo</span> <span class='ocrx_word' id='word_1_265' title='bbox 814 1153 852 1183; x_wconf 66' lang='lat' dir='ltr'>in</span> <span class='ocrx_word' id='word_1_266' title='bbox 884 1150 971 1183; x_wconf 74' lang='lat' dir='ltr'>(mla</span> <span class='ocrx_word' id='word_1_267' title='bbox 996 1160 1062 1183; x_wconf 82' lang='lat' dir='ltr'>saa</span> <span class='ocrx_word' id='word_1_268' title='bbox 1097 1150 1375 1191; x_wconf 73' lang='lat' dir='ltr'>contionaretur,</span> <span class='ocrx_word' id='word_1_269' title='bbox 1407 1152 1547 1191; x_wconf 79' lang='lat' dir='ltr'>peteret,</span> <span class='ocrx_word' id='word_1_270' title='bbox 1581 1148 1620 1180; x_wconf 81' lang='lat' dir='ltr'>id</span> <span class='ocrx_word' id='word_1_271' title='bbox 1645 1147 1785 1180; x_wconf 78' lang='lat' dir='ltr'>concedi</span> <span class='ocrx_word' id='word_1_272' title='bbox 1803 1157 1926 1190; x_wconf 74' lang='lat' dir='ltr'>posse;</span> 
     </span>
     <span class='ocr_line' id='line_1_21' title="bbox 163 1200 1926 1246; baseline -0.003 -8"><span class='ocrx_word' id='word_1_273' title='bbox 163 1207 238 1239; x_wconf 73' lang='lat' dir='ltr'>eius</span> <span class='ocrx_word' id='word_1_274' title='bbox 263 1206 318 1238; x_wconf 73' lang='lat' dir='ltr'>rei</span> <span class='ocrx_word' id='word_1_275' title='bbox 343 1216 451 1238; x_wconf 77' lang='lat' dir='ltr'>causa</span> <span class='ocrx_word' id='word_1_276' title='bbox 475 1216 510 1238; x_wconf 84' lang='lat' dir='ltr'>se</span> <span class='ocrx_word' id='word_1_277' title='bbox 536 1206 584 1238; x_wconf 86' lang='lat' dir='ltr'>ad</span> <span class='ocrx_word' id='word_1_278' title='bbox 608 1206 648 1238; x_wconf 89' lang='lat' dir='ltr'>P.</span> <span class='ocrx_word' id='word_1_279' title='bbox 675 1205 874 1238; x_wconf 69' lang='lat' dir='ltr'>Hem-icum</span> <span class='ocrx_word' id='word_1_280' title='bbox 899 1204 1133 1246; x_wconf 74' lang='lat' dir='ltr'>Blyssemz&#39;um</span> <span class='ocrx_word' id='word_1_281' title='bbox 1159 1202 1296 1245; x_wconf 68' lang='lat' dir='ltr'>colleyz&#39;i</span> <span class='ocrx_word' id='word_1_282' title='bbox 1316 1201 1506 1244; x_wconf 37' lang='lat' dir='ltr'>pra-oensis</span> <span class='ocrx_word' id='word_1_283' title='bbox 1539 1205 1707 1234; x_wconf 84' lang='lat' dir='ltr'>rectorem</span> <span class='ocrx_word' id='word_1_284' title='bbox 1741 1202 1792 1233; x_wconf 80' lang='lat' dir='ltr'>ita</span> <span class='ocrx_word' id='word_1_285' title='bbox 1817 1200 1926 1233; x_wconf 75' lang='lat' dir='ltr'>scribi</span> 
     </span>
     <span class='ocr_line' id='line_1_22' title="bbox 163 1254 1927 1302; baseline -0.004 -10"><span class='ocrx_word' id='word_1_286' title='bbox 163 1260 305 1292; x_wconf 69' lang='lat' dir='ltr'>iussisse</span> <span class='ocrx_word' id='word_1_287' title='bbox 316 1271 327 1291; x_wconf 94' lang='grc'>.·</span> <span class='ocrx_word' id='word_1_288' title='bbox 357 1259 486 1302; x_wconf 78' lang='lat' dir='ltr'>Optare</span> <span class='ocrx_word' id='word_1_289' title='bbox 509 1260 751 1301; x_wconf 73' lang='lat' dir='ltr'>praepositam</span> <span class='ocrx_word' id='word_1_290' title='bbox 783 1257 991 1300; x_wconf 70' lang='lat' dir='ltr'>yeneralem,</span> <span class='ocrx_word' id='word_1_291' title='bbox 1029 1260 1064 1288; x_wconf 78' lang='lat' dir='ltr'>ut</span> <span class='ocrx_word' id='word_1_292' title='bbox 1090 1255 1267 1289; x_wconf 79' lang='lat' dir='ltr'>Klesele&#39;us</span> <span class='ocrx_word' id='word_1_293' title='bbox 1292 1255 1339 1287; x_wconf 87' lang='lat' dir='ltr'>ad</span> <span class='ocrx_word' id='word_1_294' title='bbox 1365 1254 1556 1296; x_wconf 73' lang='lat' dir='ltr'>Hoffaezcm</span> <span class='ocrx_word' id='word_1_295' title='bbox 1590 1255 1732 1297; x_wconf 75' lang='lat' dir='ltr'>veniret,</span> <span class='ocrx_word' id='word_1_296' title='bbox 1760 1254 1927 1287; x_wconf 71' lang='lat' dir='ltr'>Societati</span> 
     </span>
     <span class='ocr_line' id='line_1_23' title="bbox 163 1307 1928 1355; baseline -0.003 -10"><span class='ocrx_word' id='word_1_297' title='bbox 163 1314 394 1355; x_wconf 73' lang='lat' dir='ltr'>satisfaceret,</span> <span class='ocrx_word' id='word_1_298' title='bbox 420 1314 508 1345; x_wconf 76' lang='lat' dir='ltr'>rotis</span> <span class='ocrx_word' id='word_1_299' title='bbox 532 1313 707 1354; x_wconf 72' lang='lat' dir='ltr'>rele&#39;yiosis</span> <span class='ocrx_word' id='word_1_300' title='bbox 722 1312 935 1351; x_wconf 70' lang='lat' dir='ltr'>solveretm·;</span> <span class='ocrx_word' id='word_1_301' title='bbox 961 1309 1086 1353; x_wconf 73' lang='lat' dir='ltr'>quodsi</span> <span class='ocrx_word' id='word_1_302' title='bbox 1111 1308 1316 1342; x_wconf 77' lang='lat' dir='ltr'>arche&#39;ducz&#39;s</span> <span class='ocrx_word' id='word_1_303' title='bbox 1333 1308 1558 1341; x_wconf 72' lang='lat' dir='ltr'>contionator</span> <span class='ocrx_word' id='word_1_304' title='bbox 1582 1307 1690 1350; x_wconf 79' lang='lat' dir='ltr'>fieret,</span> <span class='ocrx_word' id='word_1_305' title='bbox 1717 1317 1754 1340; x_wconf 90' lang='lat' dir='ltr'>eo</span> <span class='ocrx_word' id='word_1_306' title='bbox 1779 1307 1928 1349; x_wconf 76' lang='lat' dir='ltr'>facilius</span> 
     </span>
     <span class='ocr_line' id='line_1_24' title="bbox 168 1360 1927 1407; baseline -0.004 -8"><span class='ocrx_word' id='word_1_307' title='bbox 168 1366 207 1399; x_wconf 91' lang='lat' dir='ltr'>P.</span> <span class='ocrx_word' id='word_1_308' title='bbox 235 1367 419 1399; x_wconf 77' lang='lat' dir='ltr'>Ho&#39;llerzmz</span> <span class='ocrx_word' id='word_1_309' title='bbox 446 1376 482 1398; x_wconf 88' lang='lat' dir='ltr'>eo</span> <span class='ocrx_word' id='word_1_310' title='bbox 509 1366 627 1407; x_wconf 78' lang='lat' dir='ltr'>officio</span> <span class='ocrx_word' id='word_1_311' title='bbox 652 1365 802 1397; x_wconf 77' lang='lat' dir='ltr'>liberari</span> <span class='ocrx_word' id='word_1_312' title='bbox 822 1374 933 1406; x_wconf 76' lang='lat' dir='ltr'>posse.</span> <span class='ocrx_word' id='word_1_313' title='bbox 975 1362 1168 1405; x_wconf 72' lang='lat' dir='ltr'>Respondit</span> <span class='ocrx_word' id='word_1_314' title='bbox 1193 1362 1348 1404; x_wconf 69' lang='lat' dir='ltr'>Borytae</span> <span class='ocrx_word' id='word_1_315' title='bbox 1373 1361 1588 1403; x_wconf 70' lang='lat' dir='ltr'>Blyssemius</span> <span class='ocrx_word' id='word_1_316' title='bbox 1612 1360 1732 1403; x_wconf 74' lang='lat' dir='ltr'>Praya</span> <span class='ocrx_word' id='word_1_317' title='bbox 1760 1362 1813 1393; x_wconf 86' lang='lat'>13.</span> <span class='ocrx_word' id='word_1_318' title='bbox 1833 1360 1927 1392; x_wconf 82' lang='lat' dir='ltr'>Maii</span> 
     </span>
     <span class='ocr_line' id='line_1_25' title="bbox 168 1412 1927 1460; baseline -0.005 -7"><span class='ocrx_word' id='word_1_319' title='bbox 168 1422 281 1453; x_wconf 85' lang='lat'><strong><em>1571:</em></strong></span> <span class='ocrx_word' id='word_1_320' title='bbox 306 1418 462 1452; x_wconf 86' lang='lat' dir='ltr'>Vltimas</span> <span class='ocrx_word' id='word_1_321' title='bbox 488 1417 528 1452; x_wconf 82' lang='lat' dir='ltr'>R.</span> <span class='ocrx_word' id='word_1_322' title='bbox 548 1417 588 1451; x_wconf 88' lang='lat' dir='ltr'>P.</span> <span class='ocrx_word' id='word_1_323' title='bbox 608 1417 649 1451; x_wconf 90' lang='lat' dir='ltr'>V.</span> <span class='ocrx_word' id='word_1_324' title='bbox 668 1417 793 1451; x_wconf 81' lang='lat' dir='ltr'>literas</span> <span class='ocrx_word' id='word_1_325' title='bbox 819 1417 860 1450; x_wconf 84' lang='grc'>21</span> <span class='ocrx_word' id='word_1_326' title='bbox 889 1415 1024 1460; x_wconf 88' lang='lat' dir='ltr'>Aprilis</span> <span class='ocrx_word' id='word_1_327' title='bbox 1058 1415 1161 1448; x_wconf 84' lang='lat' dir='ltr'>datas</span> <span class='ocrx_word' id='word_1_328' title='bbox 1188 1414 1319 1458; x_wconf 85' lang='lat' dir='ltr'>accepi,</span> <span class='ocrx_word' id='word_1_329' title='bbox 1355 1413 1484 1457; x_wconf 87' lang='lat' dir='ltr'>quibus</span> <span class='ocrx_word' id='word_1_330' title='bbox 1518 1412 1697 1454; x_wconf 84' lang='lat' dir='ltr'>scribitur,</span> <span class='ocrx_word' id='word_1_331' title='bbox 1724 1414 1765 1446; x_wconf 92' lang='lat' dir='ltr'>vt</span> <span class='ocrx_word' id='word_1_332' title='bbox 1790 1412 1829 1447; x_wconf 91' lang='lat' dir='ltr'>P.</span> <span class='ocrx_word' id='word_1_333' title='bbox 1858 1413 1927 1446; x_wconf 87' lang='lat' dir='ltr'>An—</span> 
     </span>
     <span class='ocr_line' id='line_1_26' title="bbox 166 1465 1926 1514; baseline -0.004 -8"><span class='ocrx_word' id='word_1_334' title='bbox 166 1472 312 1506; x_wconf 84' lang='lat' dir='ltr'>thonius</span> <span class='ocrx_word' id='word_1_335' title='bbox 338 1471 518 1506; x_wconf 85' lang='lat' dir='ltr'>Kleselius</span> <span class='ocrx_word' id='word_1_336' title='bbox 544 1470 721 1514; x_wconf 86' lang='lat' dir='ltr'>dirigatur</span> <span class='ocrx_word' id='word_1_337' title='bbox 747 1470 1005 1514; x_wconf 88' lang='lat' dir='ltr'>Oenepontum,</span> <span class='ocrx_word' id='word_1_338' title='bbox 1032 1470 1073 1502; x_wconf 89' lang='lat' dir='ltr'>vt</span> <span class='ocrx_word' id='word_1_339' title='bbox 1098 1468 1157 1501; x_wconf 89' lang='lat' dir='ltr'>vbi</span> <span class='ocrx_word' id='word_1_340' title='bbox 1185 1467 1286 1501; x_wconf 88' lang='lat' dir='ltr'>foedo</span> <span class='ocrx_word' id='word_1_341' title='bbox 1313 1467 1417 1511; x_wconf 87' lang='lat' dir='ltr'>lapsu</span> <span class='ocrx_word' id='word_1_342' title='bbox 1442 1466 1575 1500; x_wconf 86' lang='lat' dir='ltr'>multos</span> <span class='ocrx_word' id='word_1_343' title='bbox 1609 1465 1926 1507; x_wconf 85' lang='lat' dir='ltr'>scandalizauerat,</span> 
     </span>
     <span class='ocr_line' id='line_1_27' title="bbox 166 1518 1926 1564; baseline -0.004 -5"><span class='ocrx_word' id='word_1_344' title='bbox 166 1525 240 1559; x_wconf 91' lang='lat' dir='ltr'>illic</span> <span class='ocrx_word' id='word_1_345' title='bbox 258 1537 382 1559; x_wconf 88' lang='lat' dir='ltr'>verum</span> <span class='ocrx_word' id='word_1_346' title='bbox 411 1529 447 1559; x_wconf 84' lang='lat' dir='ltr'>et</span> <span class='ocrx_word' id='word_1_347' title='bbox 473 1525 619 1558; x_wconf 88' lang='lat' dir='ltr'>euidens</span> <span class='ocrx_word' id='word_1_348' title='bbox 646 1523 888 1558; x_wconf 87' lang='lat' dir='ltr'>conuersionis</span> <span class='ocrx_word' id='word_1_349' title='bbox 907 1534 993 1556; x_wconf 89' lang='grc'>0030</span> <span class='ocrx_word' id='word_1_350' title='bbox 1018 1521 1264 1556; x_wconf 87' lang='lat' dir='ltr'>testimonium</span> <span class='ocrx_word' id='word_1_351' title='bbox 1283 1520 1368 1554; x_wconf 84' lang='lat' dir='ltr'>dare</span> <span class='ocrx_word' id='word_1_352' title='bbox 1394 1519 1517 1564; x_wconf 84' lang='lat' dir='ltr'>possit,</span> <span class='ocrx_word' id='word_1_353' title='bbox 1543 1531 1614 1553; x_wconf 92' lang='lat' dir='ltr'>non</span> <span class='ocrx_word' id='word_1_354' title='bbox 1632 1519 1746 1554; x_wconf 81' lang='lat' dir='ltr'>solum</span> <span class='ocrx_word' id='word_1_355' title='bbox 1772 1518 1926 1564; x_wconf 87' lang='lat' dir='ltr'>scriptis,</span> 
     </span>
     <span class='ocr_line' id='line_1_28' title="bbox 166 1572 1927 1622; baseline -0.005 -9"><span class='ocrx_word' id='word_1_356' title='bbox 166 1579 228 1613; x_wconf 87' lang='lat' dir='ltr'>sed</span> <span class='ocrx_word' id='word_1_357' title='bbox 257 1579 363 1613; x_wconf 87' lang='lat' dir='ltr'>etiam</span> <span class='ocrx_word' id='word_1_358' title='bbox 390 1579 500 1612; x_wconf 87' lang='lat' dir='ltr'>verbo</span> <span class='ocrx_word' id='word_1_359' title='bbox 527 1580 562 1612; x_wconf 90' lang='lat' dir='ltr'>et</span> <span class='ocrx_word' id='word_1_360' title='bbox 588 1577 752 1622; x_wconf 80' lang='lat' dir='ltr'>exemplo</span> <span class='ocrx_word' id='word_1_361' title='bbox 779 1577 823 1611; x_wconf 91' lang='lat' dir='ltr'>ad</span> <span class='ocrx_word' id='word_1_362' title='bbox 849 1575 1074 1621; x_wconf 86' lang='lat' dir='ltr'>spiritualem</span> <span class='ocrx_word' id='word_1_363' title='bbox 1099 1574 1293 1609; x_wconf 89' lang='lat' dir='ltr'>multorum</span> <span class='ocrx_word' id='word_1_364' title='bbox 1320 1573 1615 1607; x_wconf 88' lang='lat' dir='ltr'>aedificationem.</span> <span class='ocrx_word' id='word_1_365' title='bbox 1657 1572 1789 1616; x_wconf 81' lang='lat' dir='ltr'>Jtaque</span> <span class='ocrx_word' id='word_1_366' title='bbox 1814 1572 1927 1617; x_wconf 85' lang='lat' dir='ltr'>primo</span> 
     </span>
     <span class='ocr_line' id='line_1_29' title="bbox 167 1626 1928 1677; baseline -0.005 -10"><span class='ocrx_word' id='word_1_367' title='bbox 167 1644 308 1676; x_wconf 89' lang='lat' dir='ltr'>quoque</span> <span class='ocrx_word' id='word_1_368' title='bbox 334 1635 494 1677; x_wconf 86' lang='lat' dir='ltr'>tempore</span> <span class='ocrx_word' id='word_1_369' title='bbox 520 1632 612 1666; x_wconf 86' lang='grc'>11300</span> <span class='ocrx_word' id='word_1_370' title='bbox 638 1631 679 1665; x_wconf 78' lang='lat' dir='ltr'>R.</span> <span class='ocrx_word' id='word_1_371' title='bbox 699 1631 738 1665; x_wconf 89' lang='lat' dir='ltr'>P.</span> <span class='ocrx_word' id='word_1_372' title='bbox 757 1630 800 1664; x_wconf 89' lang='lat' dir='ltr'><strong>V.</strong></span> <span class='ocrx_word' id='word_1_373' title='bbox 818 1629 1034 1664; x_wconf 78' lang='lat' dir='ltr'>sententiam</span> <span class='ocrx_word' id='word_1_374' title='bbox 1070 1628 1102 1662; x_wconf 88' lang='lat' dir='ltr'>ei</span> <span class='ocrx_word' id='word_1_375' title='bbox 1127 1627 1350 1671; x_wconf 87' lang='lat' dir='ltr'>significabo,</span> <span class='ocrx_word' id='word_1_376' title='bbox 1385 1638 1450 1661; x_wconf 84' lang='lat' dir='ltr'>nec</span> <span class='ocrx_word' id='word_1_377' title='bbox 1486 1626 1619 1666; x_wconf 85' lang='lat' dir='ltr'>diffido,</span> <span class='ocrx_word' id='word_1_378' title='bbox 1656 1626 1742 1670; x_wconf 88' lang='lat' dir='ltr'>quin</span> <span class='ocrx_word' id='word_1_379' title='bbox 1768 1637 1846 1659; x_wconf 88' lang='lat' dir='ltr'>eam</span> <span class='ocrx_word' id='word_1_380' title='bbox 1879 1626 1928 1660; x_wconf 87' lang='lat' dir='ltr'>sit</span> 
     </span>
     <span class='ocr_line' id='line_1_30' title="bbox 166 1678 1929 1730; baseline -0.005 -10"><span class='ocrx_word' id='word_1_381' title='bbox 166 1686 318 1720; x_wconf 84' lang='lat' dir='ltr'>libenter</span> <span class='ocrx_word' id='word_1_382' title='bbox 344 1697 386 1720; x_wconf 96' lang='grc'>30</span> <span class='ocrx_word' id='word_1_383' title='bbox 411 1688 574 1730; x_wconf 87' lang='lat' dir='ltr'>prompte</span> <span class='ocrx_word' id='word_1_384' title='bbox 600 1686 818 1728; x_wconf 84' lang='lat' dir='ltr'>sequuturus</span> <span class='ocrx_word' id='word_1_385' title='bbox 837 1710 843 1718; x_wconf 97' lang='lat'>.</span> <span class='ocrx_word' id='word_1_386' title='bbox 865 1710 871 1717; x_wconf 98' lang='lat'>.</span> <span class='ocrx_word' id='word_1_387' title='bbox 892 1710 898 1716; x_wconf 95' lang='lat'>.</span> <span class='ocrx_word' id='word_1_388' title='bbox 950 1683 1135 1716; x_wconf 83' lang='lat' dir='ltr'>Hactenus</span> <span class='ocrx_word' id='word_1_389' title='bbox 1161 1683 1241 1726; x_wconf 84' lang='lat' dir='ltr'>post</span> <span class='ocrx_word' id='word_1_390' title='bbox 1267 1680 1546 1721; x_wconf 87' lang='lat' dir='ltr'>conuersionem,</span> <span class='ocrx_word' id='word_1_391' title='bbox 1572 1679 1640 1713; x_wconf 87' lang='lat' dir='ltr'>fuit</span> <span class='ocrx_word' id='word_1_392' title='bbox 1665 1679 1701 1712; x_wconf 90' lang='lat' dir='ltr'>in</span> <span class='ocrx_word' id='word_1_393' title='bbox 1727 1678 1867 1724; x_wconf 83' lang='lat' dir='ltr'>patria²</span> <span class='ocrx_word' id='word_1_394' title='bbox 1893 1681 1929 1712; x_wconf 90' lang='lat' dir='ltr'>et</span> 
     </span>
     <span class='ocr_line' id='line_1_31' title="bbox 168 1731 1929 1782; baseline -0.005 -8"><span class='ocrx_word' id='word_1_395' title='bbox 168 1740 203 1773; x_wconf 90' lang='lat' dir='ltr'>in</span> <span class='ocrx_word' id='word_1_396' title='bbox 230 1739 449 1773; x_wconf 84' lang='lat' dir='ltr'>Monasterio</span> <span class='ocrx_word' id='word_1_397' title='bbox 476 1738 672 1779; x_wconf 79' lang='lat' dir='ltr'>Catholico,</span> <span class='ocrx_word' id='word_1_398' title='bbox 698 1736 842 1782; x_wconf 86' lang='lat' dir='ltr'>parochj</span> <span class='ocrx_word' id='word_1_399' title='bbox 879 1736 995 1770; x_wconf 83' lang='lat' dir='ltr'>vicem</span> <span class='ocrx_word' id='word_1_400' title='bbox 1030 1747 1094 1780; x_wconf 90' lang='lat' dir='ltr'>per</span> <span class='ocrx_word' id='word_1_401' title='bbox 1128 1734 1245 1768; x_wconf 90' lang='lat' dir='ltr'>omnia</span> <span class='ocrx_word' id='word_1_402' title='bbox 1279 1732 1453 1767; x_wconf 86' lang='lat' dir='ltr'>sustinuit</span> <span class='ocrx_word' id='word_1_403' title='bbox 1471 1759 1479 1767; x_wconf 92' lang='lat'>.</span> <span class='ocrx_word' id='word_1_404' title='bbox 1499 1760 1505 1767; x_wconf 93' lang='lat'>.</span> <span class='ocrx_word' id='word_1_405' title='bbox 1527 1760 1534 1767; x_wconf 97' lang='lat'>.</span> <span class='ocrx_word' id='word_1_406' title='bbox 1584 1732 1748 1766; x_wconf 91' lang='lat' dir='ltr'>Nondum</span> <span class='ocrx_word' id='word_1_407' title='bbox 1775 1731 1929 1766; x_wconf 85' lang='lat' dir='ltr'>absoluit</span> 
     </span>
     <span class='ocr_line' id='line_1_32' title="bbox 167 1784 1928 1835; baseline -0.005 -9"><span class='ocrx_word' id='word_1_408' title='bbox 167 1792 328 1826; x_wconf 89' lang='lat' dir='ltr'>libellum</span> <span class='ocrx_word' id='word_1_409' title='bbox 355 1792 610 1835; x_wconf 82' lang='lat' dir='ltr'>germanicum,</span> <span class='ocrx_word' id='word_1_410' title='bbox 637 1802 743 1835; x_wconf 89' lang='lat' dir='ltr'>quem</span> <span class='ocrx_word' id='word_1_411' title='bbox 770 1790 812 1824; x_wconf 90' lang='lat' dir='ltr'>de</span> <span class='ocrx_word' id='word_1_412' title='bbox 839 1788 1081 1823; x_wconf 87' lang='lat' dir='ltr'>conuersionis</span> <span class='ocrx_word' id='word_1_413' title='bbox 1107 1799 1193 1822; x_wconf 85' lang='lat' dir='ltr'>suae</span> <span class='ocrx_word' id='word_1_414' title='bbox 1213 1787 1331 1821; x_wconf 84' lang='lat' dir='ltr'>causis</span> <span class='ocrx_word' id='word_1_415' title='bbox 1357 1786 1560 1820; x_wconf 86' lang='lat' dir='ltr'>conscribit.</span> <span class='ocrx_word' id='word_1_416' title='bbox 1596 1784 1708 1826; x_wconf 84' lang='lat' dir='ltr'>Quem</span> <span class='ocrx_word' id='word_1_417' title='bbox 1735 1785 1842 1818; x_wconf 85' lang='lat' dir='ltr'>etiam</span> <span class='ocrx_word' id='word_1_418' title='bbox 1867 1784 1928 1818; x_wconf 89' lang='lat' dir='ltr'>vbi</span> 
     </span>
     <span class='ocr_line' id='line_1_33' title="bbox 169 1837 1929 1886; baseline -0.005 -6"><span class='ocrx_word' id='word_1_419' title='bbox 169 1846 373 1886; x_wconf 69' lang='lat' dir='ltr'>absoluerit,</span> <span class='ocrx_word' id='word_1_420' title='bbox 400 1845 542 1879; x_wconf 84' lang='lat' dir='ltr'>facilius</span> <span class='ocrx_word' id='word_1_421' title='bbox 569 1844 607 1878; x_wconf 92' lang='lat' dir='ltr'><strong>P.</strong></span> <span class='ocrx_word' id='word_1_422' title='bbox 628 1843 792 1878; x_wconf 85' lang='lat' dir='ltr'>Canisius</span> <span class='ocrx_word' id='word_1_423' title='bbox 817 1842 853 1876; x_wconf 91' lang='lat' dir='ltr'>in</span> <span class='ocrx_word' id='word_1_424' title='bbox 881 1842 1033 1876; x_wconf 80' lang='lat' dir='ltr'>Bauaria</span> <span class='ocrx_word' id='word_1_425' title='bbox 1058 1841 1238 1883; x_wconf 86' lang='lat' dir='ltr'>corrigere</span> <span class='ocrx_word' id='word_1_426' title='bbox 1263 1851 1305 1874; x_wconf 84' lang='lat' dir='ltr'>ac</span> <span class='ocrx_word' id='word_1_427' title='bbox 1330 1839 1452 1884; x_wconf 89' lang='lat' dir='ltr'>praelo</span> <span class='ocrx_word' id='word_1_428' title='bbox 1478 1838 1701 1873; x_wconf 86' lang='lat' dir='ltr'>committere</span> <span class='ocrx_word' id='word_1_429' title='bbox 1727 1838 1858 1882; x_wconf 88' lang='lat' dir='ltr'>poterit</span> <span class='ocrx_word' id='word_1_430' title='bbox 1883 1837 1929 1872; x_wconf 89' lang='lat' dir='ltr'>ad</span> 
     </span>
     <span class='ocr_line' id='line_1_34' title="bbox 168 1892 1929 1942; baseline -0.006 -9"><span class='ocrx_word' id='word_1_431' title='bbox 168 1911 418 1942; x_wconf 81' lang='lat' dir='ltr'>germanorum</span> <span class='ocrx_word' id='word_1_432' title='bbox 437 1898 730 1932; x_wconf 85' lang='lat' dir='ltr'>aedificationem.</span> <span class='ocrx_word' id='word_1_433' title='bbox 766 1897 920 1939; x_wconf 75' lang='lat' dir='ltr'>Boryias</span> <span class='ocrx_word' id='word_1_434' title='bbox 942 1901 1058 1929; x_wconf 78' lang='lat' dir='ltr'>autem</span> <span class='ocrx_word' id='word_1_435' title='bbox 1076 1896 1226 1937; x_wconf 81' lang='lat' dir='ltr'>Hoffaeo</span> <span class='ocrx_word' id='word_1_436' title='bbox 1245 1896 1372 1927; x_wconf 70' lang='lat' dir='ltr'>iterum</span> <span class='ocrx_word' id='word_1_437' title='bbox 1392 1895 1563 1936; x_wconf 69' lang='lat' dir='ltr'>neyottum</span> <span class='ocrx_word' id='word_1_438' title='bbox 1582 1892 1645 1925; x_wconf 82' lang='lat' dir='ltr'>hoc</span> <span class='ocrx_word' id='word_1_439' title='bbox 1668 1892 1929 1934; x_wconf 75' lang='lat' dir='ltr'>commendavit,</span> 
     </span>
     <span class='ocr_line' id='line_1_35' title="bbox 167 1943 1927 1990; baseline -0.005 -4"><span class='ocrx_word' id='word_1_440' title='bbox 167 1954 281 1986; x_wconf 82' lang='lat' dir='ltr'>Roma</span> <span class='ocrx_word' id='word_1_441' title='bbox 311 1956 363 1986; x_wconf 82' lang='lat'>19.</span> <span class='ocrx_word' id='word_1_442' title='bbox 392 1954 484 1985; x_wconf 68' lang='lat' dir='ltr'>Mate·</span> <span class='ocrx_word' id='word_1_443' title='bbox 512 1954 602 1985; x_wconf 86' lang='lat'><strong><em>1571</em></strong></span> <span class='ocrx_word' id='word_1_444' title='bbox 637 1952 814 1984; x_wconf 69' lang='lat' dir='ltr'>scribens:</span> <span class='ocrx_word' id='word_1_445' title='bbox 850 1949 895 1983; x_wconf 90' lang='lat' dir='ltr'>Di</span> <span class='ocrx_word' id='word_1_446' title='bbox 922 1949 1069 1983; x_wconf 87' lang='lat' dir='ltr'>Austria</span> <span class='ocrx_word' id='word_1_447' title='bbox 1104 1948 1212 1981; x_wconf 86' lang='lat' dir='ltr'>fanno</span> <span class='ocrx_word' id='word_1_448' title='bbox 1249 1946 1383 1990; x_wconf 88' lang='lat' dir='ltr'>grande</span> <span class='ocrx_word' id='word_1_449' title='bbox 1419 1946 1583 1979; x_wconf 88' lang='lat' dir='ltr'>instanza</span> <span class='ocrx_word' id='word_1_450' title='bbox 1621 1956 1684 1989; x_wconf 90' lang='lat' dir='ltr'>per</span> <span class='ocrx_word' id='word_1_451' title='bbox 1721 1944 1864 1978; x_wconf 88' lang='lat' dir='ltr'>rihauer</span> <span class='ocrx_word' id='word_1_452' title='bbox 1900 1943 1927 1978; x_wconf 88' lang='lat' dir='ltr'>il</span> 
     </span>
     <span class='ocr_line' id='line_1_36' title="bbox 167 1997 1929 2046; baseline -0.005 -7"><span class='ocrx_word' id='word_1_453' title='bbox 167 2006 207 2040; x_wconf 91' lang='lat' dir='ltr'><strong>P.</strong></span> <span class='ocrx_word' id='word_1_454' title='bbox 234 2005 452 2039; x_wconf 82' lang='lat' dir='ltr'>Alessandro</span> <span class='ocrx_word' id='word_1_455' title='bbox 487 2007 597 2045; x_wconf 82' lang='lat' dir='ltr'>tanto,</span> <span class='ocrx_word' id='word_1_456' title='bbox 633 2004 698 2038; x_wconf 89' lang='lat' dir='ltr'>che</span> <span class='ocrx_word' id='word_1_457' title='bbox 733 2015 802 2037; x_wconf 89' lang='lat' dir='ltr'>non</span> <span class='ocrx_word' id='word_1_458' title='bbox 840 2002 943 2037; x_wconf 83' lang='lat' dir='ltr'>credo</span> <span class='ocrx_word' id='word_1_459' title='bbox 979 2002 1009 2036; x_wconf 85' lang='lat' dir='ltr'>si</span> <span class='ocrx_word' id='word_1_460' title='bbox 1044 2002 1147 2046; x_wconf 70' lang='lat' dir='ltr'>poti-a</span> <span class='ocrx_word' id='word_1_461' title='bbox 1182 2000 1238 2033; x_wconf 87' lang='lat' dir='ltr'>far</span> <span class='ocrx_word' id='word_1_462' title='bbox 1273 2000 1307 2033; x_wconf 91' lang='lat' dir='ltr'>di</span> <span class='ocrx_word' id='word_1_463' title='bbox 1343 2011 1445 2033; x_wconf 88' lang='lat' dir='ltr'>meno</span> <span class='ocrx_word' id='word_1_464' title='bbox 1480 1998 1515 2032; x_wconf 89' lang='lat' dir='ltr'>di</span> <span class='ocrx_word' id='word_1_465' title='bbox 1550 1997 1797 2041; x_wconf 85' lang='lat' dir='ltr'>renderglielo,</span> <span class='ocrx_word' id='word_1_466' title='bbox 1834 1999 1869 2031; x_wconf 86' lang='lat' dir='ltr'>et</span> <span class='ocrx_word' id='word_1_467' title='bbox 1903 1997 1929 2031; x_wconf 89' lang='lat' dir='ltr'>il</span> 
     </span>
     <span class='ocr_line' id='line_1_37' title="bbox 166 2051 1929 2102; baseline -0.005 -9"><span class='ocrx_word' id='word_1_468' title='bbox 166 2060 205 2094; x_wconf 88' lang='lat' dir='ltr'><strong>P.</strong></span> <span class='ocrx_word' id='word_1_469' title='bbox 233 2059 388 2093; x_wconf 79' lang='lat' dir='ltr'>Mar-tino</span> <span class='ocrx_word' id='word_1_470' title='bbox 414 2070 482 2092; x_wconf 87' lang='lat' dir='ltr'>non</span> <span class='ocrx_word' id='word_1_471' title='bbox 509 2069 594 2102; x_wconf 86' lang='lat' dir='ltr'>pare</span> <span class='ocrx_word' id='word_1_472' title='bbox 621 2057 781 2102; x_wconf 79' lang='lat' dir='ltr'>supplira</span> <span class='ocrx_word' id='word_1_473' title='bbox 814 2068 877 2101; x_wconf 89' lang='lat' dir='ltr'>per</span> <span class='ocrx_word' id='word_1_474' title='bbox 912 2055 937 2089; x_wconf 90' lang='lat' dir='ltr'>il</span> <span class='ocrx_word' id='word_1_475' title='bbox 964 2055 1112 2097; x_wconf 84' lang='lat' dir='ltr'>bisogno</span> <span class='ocrx_word' id='word_1_476' title='bbox 1146 2053 1221 2087; x_wconf 89' lang='lat' dir='ltr'>loro</span> <span class='ocrx_word' id='word_1_477' title='bbox 1248 2052 1342 2086; x_wconf 87' lang='lat' dir='ltr'>della</span> <span class='ocrx_word' id='word_1_478' title='bbox 1368 2063 1452 2086; x_wconf 88' lang='grc'>0303</span> <span class='ocrx_word' id='word_1_479' title='bbox 1487 2051 1522 2086; x_wconf 91' lang='lat' dir='ltr'>di</span> <span class='ocrx_word' id='word_1_480' title='bbox 1557 2051 1765 2096; x_wconf 86' lang='lat' dir='ltr'>probatione</span> <span class='ocrx_word' id='word_1_481' title='bbox 1791 2052 1827 2084; x_wconf 89' lang='lat' dir='ltr'>et</span> <span class='ocrx_word' id='word_1_482' title='bbox 1851 2062 1929 2095; x_wconf 87' lang='lat' dir='ltr'>pre-</span> 
     </span>
     <span class='ocr_line' id='line_1_38' title="bbox 168 2104 1928 2156; baseline -0.006 -9"><span class='ocrx_word' id='word_1_483' title='bbox 168 2114 286 2147; x_wconf 87' lang='lat' dir='ltr'>dicare</span> <span class='ocrx_word' id='word_1_484' title='bbox 300 2113 322 2152; x_wconf 71' lang='grc'>3,</span> <span class='ocrx_word' id='word_1_485' title='bbox 348 2111 490 2156; x_wconf 87' lang='lat' dir='ltr'>procuri</span> <span class='ocrx_word' id='word_1_486' title='bbox 509 2111 551 2145; x_wconf 92' lang='lat' dir='ltr'>V.</span> <span class='ocrx_word' id='word_1_487' title='bbox 570 2110 611 2145; x_wconf 81' lang='lat' dir='ltr'>R.</span> <span class='ocrx_word' id='word_1_488' title='bbox 632 2111 796 2154; x_wconf 86' lang='lat' dir='ltr'>adunque</span> <span class='ocrx_word' id='word_1_489' title='bbox 821 2108 942 2143; x_wconf 88' lang='lat' dir='ltr'>horsia</span> <span class='ocrx_word' id='word_1_490' title='bbox 968 2108 1070 2142; x_wconf 86' lang='lat' dir='ltr'>conla</span> <span class='ocrx_word' id='word_1_491' title='bbox 1088 2110 1221 2141; x_wconf 87' lang='lat' dir='ltr'>uenuta</span> <span class='ocrx_word' id='word_1_492' title='bbox 1248 2106 1304 2140; x_wconf 79' lang='lat' dir='ltr'>del</span> <span class='ocrx_word' id='word_1_493' title='bbox 1323 2106 1361 2139; x_wconf 91' lang='lat' dir='ltr'>P.</span> <span class='ocrx_word' id='word_1_494' title='bbox 1383 2105 1534 2140; x_wconf 88' lang='grc'>01000110</span> <span class='ocrx_word' id='word_1_495' title='bbox 1560 2105 1625 2139; x_wconf 87' lang='grc'>1101·</span> <span class='ocrx_word' id='word_1_496' title='bbox 1651 2104 1707 2138; x_wconf 89' lang='lat' dir='ltr'>del</span> <span class='ocrx_word' id='word_1_497' title='bbox 1726 2104 1765 2139; x_wconf 93' lang='lat' dir='ltr'>P.</span> <span class='ocrx_word' id='word_1_498' title='bbox 1784 2104 1928 2139; x_wconf 84' lang='grc'>0301010</span> 
     </span>
     <span class='ocr_line' id='line_1_39' title="bbox 166 2159 1930 2211; baseline -0.006 -11"><span class='ocrx_word' id='word_1_499' title='bbox 166 2177 365 2211; x_wconf 84' lang='lat' dir='ltr'>sparagnar</span> <span class='ocrx_word' id='word_1_500' title='bbox 397 2167 523 2209; x_wconf 86' lang='lat' dir='ltr'>questo</span> <span class='ocrx_word' id='word_1_501' title='bbox 556 2164 597 2199; x_wconf 88' lang='lat' dir='ltr'>P.</span> <span class='ocrx_word' id='word_1_502' title='bbox 629 2162 858 2197; x_wconf 80' lang='lat' dir='ltr'>Alessandro.</span> <span class='ocrx_word' id='word_1_503' title='bbox 909 2163 1046 2195; x_wconf 74' lang='lat' dir='ltr'>Deinde</span> <span class='ocrx_word' id='word_1_504' title='bbox 1077 2163 1133 2194; x_wconf 83' lang='lat'>26.</span> <span class='ocrx_word' id='word_1_505' title='bbox 1160 2161 1254 2194; x_wconf 65' lang='lat' dir='ltr'>Maii</span> <span class='ocrx_word' id='word_1_506' title='bbox 1282 2162 1371 2193; x_wconf 81' lang='grc'>1571</span> <span class='ocrx_word' id='word_1_507' title='bbox 1398 2160 1551 2201; x_wconf 70' lang='lat' dir='ltr'>Boryias</span> <span class='ocrx_word' id='word_1_508' title='bbox 1576 2159 1767 2201; x_wconf 81' lang='lat' dir='ltr'>Hoffaeam</span> <span class='ocrx_word' id='word_1_509' title='bbox 1800 2168 1930 2191; x_wconf 79' lang='lat' dir='ltr'>rursus</span> 
     </span>
     <span class='ocr_line' id='line_1_40' title="bbox 166 2211 1927 2262; baseline -0.005 -9"><span class='ocrx_word' id='word_1_510' title='bbox 166 2221 314 2262; x_wconf 76' lang='lat' dir='ltr'>monuit,</span> <span class='ocrx_word' id='word_1_511' title='bbox 350 2223 386 2252; x_wconf 70' lang='lat' dir='ltr'>rut</span> <span class='ocrx_word' id='word_1_512' title='bbox 413 2218 599 2252; x_wconf 78' lang='lat' dir='ltr'>Hb&#39;llerum</span> <span class='ocrx_word' id='word_1_513' title='bbox 635 2219 672 2250; x_wconf 76' lang='lat' dir='ltr'>in</span> <span class='ocrx_word' id='word_1_514' title='bbox 700 2217 886 2250; x_wconf 75' lang='lat' dir='ltr'>Azcstriam</span> <span class='ocrx_word' id='word_1_515' title='bbox 911 2217 1109 2248; x_wconf 75' lang='lat' dir='ltr'>remitteret.</span> <span class='ocrx_word' id='word_1_516' title='bbox 1159 2215 1305 2257; x_wconf 76' lang='lat' dir='ltr'>Aliquot</span> <span class='ocrx_word' id='word_1_517' title='bbox 1330 2218 1446 2246; x_wconf 74' lang='lat' dir='ltr'>tamen</span> <span class='ocrx_word' id='word_1_518' title='bbox 1471 2212 1697 2246; x_wconf 75' lang='lat' dir='ltr'>hebdomadis</span> <span class='ocrx_word' id='word_1_519' title='bbox 1715 2215 1796 2254; x_wconf 78' lang='lat' dir='ltr'>post</span> <span class='ocrx_word' id='word_1_520' title='bbox 1818 2211 1927 2254; x_wconf 81' lang='lat' dir='ltr'>paulo</span> 
     </span>
     <span class='ocr_line' id='line_1_41' title="bbox 167 2262 1929 2313; baseline -0.006 -7"><span class='ocrx_word' id='word_1_521' title='bbox 167 2275 272 2306; x_wconf 74' lang='lat' dir='ltr'>aliter</span> <span class='ocrx_word' id='word_1_522' title='bbox 296 2273 424 2313; x_wconf 74' lang='lat' dir='ltr'>sensit;</span> <span class='ocrx_word' id='word_1_523' title='bbox 449 2272 562 2305; x_wconf 82' lang='lat' dir='ltr'>Roma</span> <span class='ocrx_word' id='word_1_524' title='bbox 589 2272 681 2304; x_wconf 77' lang='lat' dir='ltr'>enim</span> <span class='ocrx_word' id='word_1_525' title='bbox 709 2272 762 2304; x_wconf 79' lang='grc'>13.</span> <span class='ocrx_word' id='word_1_526' title='bbox 782 2270 881 2302; x_wconf 67' lang='lat' dir='ltr'>Iunii</span> <span class='ocrx_word' id='word_1_527' title='bbox 907 2270 995 2302; x_wconf 85' lang='lat'><strong><em>1571</em></strong></span> <span class='ocrx_word' id='word_1_528' title='bbox 1016 2269 1166 2310; x_wconf 83' lang='lat' dir='ltr'>Hoffaeo</span> <span class='ocrx_word' id='word_1_529' title='bbox 1185 2267 1328 2309; x_wconf 70' lang='lat' dir='ltr'>scripsit</span> <span class='ocrx_word' id='word_1_530' title='bbox 1338 2278 1349 2299; x_wconf 91' lang='grc'>.·</span> <span class='ocrx_word' id='word_1_531' title='bbox 1376 2265 1438 2299; x_wconf 91' lang='lat' dir='ltr'>Poi</span> <span class='ocrx_word' id='word_1_532' title='bbox 1457 2265 1523 2299; x_wconf 90' lang='lat' dir='ltr'>che</span> <span class='ocrx_word' id='word_1_533' title='bbox 1537 2264 1560 2299; x_wconf 69' lang='lat' dir='ltr'>&#39;l</span> <span class='ocrx_word' id='word_1_534' title='bbox 1579 2264 1811 2298; x_wconf 83' lang='lat' dir='ltr'>Serenissimo</span> <span class='ocrx_word' id='word_1_535' title='bbox 1829 2262 1929 2297; x_wconf 91' lang='lat' dir='ltr'>Arci-</span> 
     </span>
     <span class='ocr_line' id='line_1_42' title="bbox 167 2316 1928 2366; baseline -0.005 -7"><span class='ocrx_word' id='word_1_536' title='bbox 167 2326 257 2360; x_wconf 88' lang='lat' dir='ltr'>duca</span> <span class='ocrx_word' id='word_1_537' title='bbox 283 2324 506 2359; x_wconf 86' lang='lat' dir='ltr'>Ferdinando</span> <span class='ocrx_word' id='word_1_538' title='bbox 541 2335 609 2357; x_wconf 90' lang='lat' dir='ltr'>non</span> <span class='ocrx_word' id='word_1_539' title='bbox 645 2322 749 2357; x_wconf 90' lang='lat' dir='ltr'>uuole</span> <span class='ocrx_word' id='word_1_540' title='bbox 783 2321 935 2356; x_wconf 88' lang='lat' dir='ltr'>lasciare</span> <span class='ocrx_word' id='word_1_541' title='bbox 960 2333 1023 2366; x_wconf 91' lang='lat' dir='ltr'>per</span> <span class='ocrx_word' id='word_1_542' title='bbox 1050 2320 1175 2354; x_wconf 86' lang='lat' dir='ltr'>adesso</span> <span class='ocrx_word' id='word_1_543' title='bbox 1203 2319 1227 2353; x_wconf 92' lang='lat' dir='ltr'>il</span> <span class='ocrx_word' id='word_1_544' title='bbox 1251 2319 1290 2353; x_wconf 91' lang='lat' dir='ltr'>P.</span> <span class='ocrx_word' id='word_1_545' title='bbox 1321 2318 1548 2360; x_wconf 86' lang='lat' dir='ltr'>Alessandro,</span> <span class='ocrx_word' id='word_1_546' title='bbox 1574 2317 1623 2351; x_wconf 86' lang='lat' dir='ltr'>mi</span> <span class='ocrx_word' id='word_1_547' title='bbox 1648 2329 1713 2362; x_wconf 88' lang='lat' dir='ltr'>par</span> <span class='ocrx_word' id='word_1_548' title='bbox 1737 2316 1836 2357; x_wconf 88' lang='lat' dir='ltr'>bene,</span> <span class='ocrx_word' id='word_1_549' title='bbox 1864 2316 1928 2350; x_wconf 87' lang='lat' dir='ltr'>che</span> 
     </span>
     <span class='ocr_line' id='line_1_43' title="bbox 166 2370 1927 2414; baseline -0.006 -2"><span class='ocrx_word' id='word_1_550' title='bbox 166 2378 190 2412; x_wconf 88' lang='lat' dir='ltr'>’l</span> <span class='ocrx_word' id='word_1_551' title='bbox 214 2378 254 2413; x_wconf 91' lang='lat' dir='ltr'>P.</span> <span class='ocrx_word' id='word_1_552' title='bbox 281 2378 436 2412; x_wconf 87' lang='lat' dir='ltr'>Martino</span> <span class='ocrx_word' id='word_1_553' title='bbox 462 2377 555 2410; x_wconf 81' lang='lat' dir='ltr'>uada</span> <span class='ocrx_word' id='word_1_554' title='bbox 590 2376 625 2410; x_wconf 92' lang='lat' dir='ltr'>in</span> <span class='ocrx_word' id='word_1_555' title='bbox 652 2388 715 2410; x_wconf 84' lang='lat' dir='ltr'>suo</span> <span class='ocrx_word' id='word_1_556' title='bbox 749 2375 826 2409; x_wconf 90' lang='grc'>1000</span> <span class='ocrx_word' id='word_1_557' title='bbox 853 2374 924 2408; x_wconf 88' lang='grc'>3113</span> <span class='ocrx_word' id='word_1_558' title='bbox 950 2373 1139 2408; x_wconf 88' lang='lat' dir='ltr'>Prouincia</span> <span class='ocrx_word' id='word_1_559' title='bbox 1174 2372 1205 2406; x_wconf 87' lang='lat' dir='ltr'>d&#39;</span> <span class='ocrx_word' id='word_1_560' title='bbox 1222 2372 1379 2412; x_wconf 86' lang='lat' dir='ltr'>Austria,</span> <span class='ocrx_word' id='word_1_561' title='bbox 1416 2374 1450 2405; x_wconf 85' lang='lat' dir='ltr'>et</span> <span class='ocrx_word' id='word_1_562' title='bbox 1476 2383 1544 2405; x_wconf 89' lang='lat' dir='ltr'>non</span> <span class='ocrx_word' id='word_1_563' title='bbox 1580 2370 1611 2404; x_wconf 85' lang='lat' dir='ltr'>si</span> <span class='ocrx_word' id='word_1_564' title='bbox 1636 2370 1694 2404; x_wconf 91' lang='lat' dir='ltr'>dia</span> <span class='ocrx_word' id='word_1_565' title='bbox 1720 2372 1847 2414; x_wconf 86' lang='lat' dir='ltr'>questa</span> <span class='ocrx_word' id='word_1_566' title='bbox 1873 2380 1927 2403; x_wconf 85' lang='lat' dir='ltr'>oc-</span> 
     </span>
     <span class='ocr_line' id='line_1_44' title="bbox 167 2422 1927 2476; baseline -0.006 -11"><span class='ocrx_word' id='word_1_567' title='bbox 167 2432 356 2476; x_wconf 82' lang='lat' dir='ltr'>cupatione</span> <span class='ocrx_word' id='word_1_568' title='bbox 382 2431 416 2464; x_wconf 89' lang='lat' dir='ltr'>di</span> <span class='ocrx_word' id='word_1_569' title='bbox 443 2430 606 2474; x_wconf 84' lang='lat' dir='ltr'>predicar</span> <span class='ocrx_word' id='word_1_570' title='bbox 631 2429 665 2463; x_wconf 85' lang='lat' dir='ltr'>al</span> <span class='ocrx_word' id='word_1_571' title='bbox 691 2429 788 2462; x_wconf 87' lang='lat' dir='ltr'>detto</span> <span class='ocrx_word' id='word_1_572' title='bbox 814 2428 992 2462; x_wconf 87' lang='lat' dir='ltr'>Arciduca</span> <span class='ocrx_word' id='word_1_573' title='bbox 1018 2427 1052 2461; x_wconf 90' lang='lat' dir='ltr'>al</span> <span class='ocrx_word' id='word_1_574' title='bbox 1079 2427 1118 2461; x_wconf 93' lang='lat' dir='ltr'>P.</span> <span class='ocrx_word' id='word_1_575' title='bbox 1145 2425 1266 2459; x_wconf 89' lang='lat' dir='ltr'>Pietro</span> <span class='ocrx_word' id='word_1_576' title='bbox 1293 2424 1444 2465; x_wconf 84' lang='lat' dir='ltr'>Canisio,</span> <span class='ocrx_word' id='word_1_577' title='bbox 1471 2436 1529 2458; x_wconf 87' lang='lat' dir='ltr'>ma</span> <span class='ocrx_word' id='word_1_578' title='bbox 1554 2435 1593 2458; x_wconf 91' lang='lat' dir='ltr'>se</span> <span class='ocrx_word' id='word_1_579' title='bbox 1608 2423 1628 2456; x_wconf 88' lang='lat' dir='ltr'>&#39;l</span> <span class='ocrx_word' id='word_1_580' title='bbox 1657 2422 1807 2457; x_wconf 86' lang='grc'>01000110</span> <span class='ocrx_word' id='word_1_581' title='bbox 1833 2423 1927 2456; x_wconf 85' lang='lat' dir='ltr'>fosse</span> 
     </span>
     <span class='ocr_line' id='line_1_45' title="bbox 167 2475 1929 2528; baseline -0.006 -9"><span class='ocrx_word' id='word_1_582' title='bbox 167 2487 346 2519; x_wconf 86' lang='lat' dir='ltr'>accettato</span> <span class='ocrx_word' id='word_1_583' title='bbox 373 2484 418 2518; x_wconf 87' lang='lat' dir='ltr'>da</span> <span class='ocrx_word' id='word_1_584' title='bbox 444 2484 478 2518; x_wconf 77' lang='lat' dir='ltr'>S.</span> <span class='ocrx_word' id='word_1_585' title='bbox 505 2485 547 2517; x_wconf 90' lang='lat' dir='ltr'>A.</span> <span class='ocrx_word' id='word_1_586' title='bbox 574 2495 637 2528; x_wconf 90' lang='lat' dir='ltr'>per</span> <span class='ocrx_word' id='word_1_587' title='bbox 663 2482 900 2523; x_wconf 87' lang='lat' dir='ltr'>Predicatore‚</span> <span class='ocrx_word' id='word_1_588' title='bbox 933 2481 968 2514; x_wconf 92' lang='lat' dir='ltr'>in</span> <span class='ocrx_word' id='word_1_589' title='bbox 1004 2480 1107 2514; x_wconf 90' lang='lat' dir='ltr'>modo</span> <span class='ocrx_word' id='word_1_590' title='bbox 1142 2479 1207 2513; x_wconf 87' lang='lat' dir='ltr'>che</span> <span class='ocrx_word' id='word_1_591' title='bbox 1242 2490 1281 2513; x_wconf 92' lang='lat' dir='ltr'>se</span> <span class='ocrx_word' id='word_1_592' title='bbox 1316 2478 1364 2522; x_wconf 76' lang='lat' dir='ltr'>gli</span> <span class='ocrx_word' id='word_1_593' title='bbox 1401 2479 1543 2522; x_wconf 89' lang='lat' dir='ltr'>potesse</span> <span class='ocrx_word' id='word_1_594' title='bbox 1578 2476 1678 2510; x_wconf 89' lang='lat' dir='ltr'>leuar</span> <span class='ocrx_word' id='word_1_595' title='bbox 1704 2477 1738 2510; x_wconf 92' lang='lat' dir='ltr'>di</span> <span class='ocrx_word' id='word_1_596' title='bbox 1764 2487 1867 2509; x_wconf 90' lang='lat' dir='ltr'>mano</span> <span class='ocrx_word' id='word_1_597' title='bbox 1902 2475 1929 2509; x_wconf 94' lang='lat' dir='ltr'>il</span> 
     </span>
     <span class='ocr_line' id='line_1_46' title="bbox 168 2530 1928 2574; baseline -0.006 -2"><span class='ocrx_word' id='word_1_598' title='bbox 168 2539 207 2573; x_wconf 93' lang='lat' dir='ltr'>P.</span> <span class='ocrx_word' id='word_1_599' title='bbox 226 2538 444 2572; x_wconf 84' lang='lat' dir='ltr'>Alessandro</span> <span class='ocrx_word' id='word_1_600' title='bbox 472 2536 712 2570; x_wconf 83' lang='lat' dir='ltr'>conuerrebbe</span> <span class='ocrx_word' id='word_1_601' title='bbox 737 2535 795 2569; x_wconf 90' lang='lat' dir='ltr'>all’</span> <span class='ocrx_word' id='word_1_602' title='bbox 810 2535 895 2568; x_wconf 85' lang='lat' dir='ltr'>hora</span> <span class='ocrx_word' id='word_1_603' title='bbox 922 2533 1149 2574; x_wconf 85' lang='lat' dir='ltr'>rimandarlo,</span> <span class='ocrx_word' id='word_1_604' title='bbox 1176 2534 1211 2566; x_wconf 90' lang='lat' dir='ltr'>et</span> <span class='ocrx_word' id='word_1_605' title='bbox 1229 2532 1373 2565; x_wconf 87' lang='lat' dir='ltr'>rihauer</span> <span class='ocrx_word' id='word_1_606' title='bbox 1391 2531 1415 2564; x_wconf 84' lang='lat' dir='ltr'>il</span> <span class='ocrx_word' id='word_1_607' title='bbox 1434 2531 1472 2564; x_wconf 91' lang='lat' dir='ltr'>P.</span> <span class='ocrx_word' id='word_1_608' title='bbox 1492 2530 1659 2564; x_wconf 85' lang='lat' dir='ltr'>Martino.</span> <span class='ocrx_word' id='word_1_609' title='bbox 1697 2530 1796 2571; x_wconf 76' lang='lat' dir='ltr'>Quod</span> <span class='ocrx_word' id='word_1_610' title='bbox 1813 2534 1928 2562; x_wconf 80' lang='lat' dir='ltr'>autem</span> 
     </span>
     <span class='ocr_line' id='line_1_47' title="bbox 169 2583 1928 2633; baseline -0.006 -8"><span class='ocrx_word' id='word_1_611' title='bbox 169 2593 215 2625; x_wconf 82' lang='lat' dir='ltr'>ad</span> <span class='ocrx_word' id='word_1_612' title='bbox 241 2592 433 2625; x_wconf 77' lang='lat' dir='ltr'>Kleselt&#39;am</span> <span class='ocrx_word' id='word_1_613' title='bbox 460 2591 593 2631; x_wconf 73' lang='lat' dir='ltr'>attinet,</span> <span class='ocrx_word' id='word_1_614' title='bbox 621 2590 678 2623; x_wconf 78' lang='lat' dir='ltr'>hic</span> <span class='ocrx_word' id='word_1_615' title='bbox 706 2594 826 2633; x_wconf 76' lang='lat' dir='ltr'>postea</span> <span class='ocrx_word' id='word_1_616' title='bbox 853 2589 992 2631; x_wconf 77' lang='lat' dir='ltr'>quidem</span> <span class='ocrx_word' id='word_1_617' title='bbox 1029 2589 1066 2620; x_wconf 71' lang='lat' dir='ltr'>in</span> <span class='ocrx_word' id='word_1_618' title='bbox 1092 2587 1296 2620; x_wconf 71' lang='lat' dir='ltr'>archiduces</span> <span class='ocrx_word' id='word_1_619' title='bbox 1327 2586 1484 2629; x_wconf 61' lang='lat' dir='ltr'>qratiam</span> <span class='ocrx_word' id='word_1_620' title='bbox 1518 2585 1625 2617; x_wconf 74' lang='lat' dir='ltr'>rediit</span> <span class='ocrx_word' id='word_1_621' title='bbox 1659 2584 1755 2625; x_wconf 80' lang='lat' dir='ltr'>adeo,</span> <span class='ocrx_word' id='word_1_622' title='bbox 1790 2587 1829 2615; x_wconf 80' lang='lat' dir='ltr'>ut</span> <span class='ocrx_word' id='word_1_623' title='bbox 1854 2583 1928 2615; x_wconf 82' lang='lat' dir='ltr'>eius</span> 
     </span>
     <span class='ocr_line' id='line_1_48' title="bbox 169 2637 1925 2686; baseline -0.005 -10"><span class='ocrx_word' id='word_1_624' title='bbox 169 2646 410 2686; x_wconf 64' lang='lat' dir='ltr'>confessarius</span> <span class='ocrx_word' id='word_1_625' title='bbox 435 2647 517 2677; x_wconf 82' lang='lat' dir='ltr'>esset</span> <span class='ocrx_word' id='word_1_626' title='bbox 544 2644 660 2684; x_wconf 74' lang='lat' dir='ltr'>(Hirn</span> <span class='ocrx_word' id='word_1_627' title='bbox 689 2644 710 2676; x_wconf 84' lang='lat' dir='ltr'>Z.</span> <span class='ocrx_word' id='word_1_628' title='bbox 739 2654 764 2675; x_wconf 90' lang='lat' dir='ltr'>c.</span> <span class='ocrx_word' id='word_1_629' title='bbox 793 2643 815 2675; x_wconf 89' lang='lat' dir='ltr'><em>I</em></span> <span class='ocrx_word' id='word_1_630' title='bbox 835 2642 921 2675; x_wconf 73' lang='lat'><em>2422</em></span> <span class='ocrx_word' id='word_1_631' title='bbox 946 2643 1036 2682; x_wconf 77' lang='lat'>347;</span> <span class='ocrx_word' id='word_1_632' title='bbox 1061 2641 1104 2673; x_wconf 91' lang='lat' dir='ltr'>II</span> <span class='ocrx_word' id='word_1_633' title='bbox 1127 2640 1239 2679; x_wconf 73' lang='lat'>518),·</span> <span class='ocrx_word' id='word_1_634' title='bbox 1270 2639 1333 2671; x_wconf 79' lang='lat' dir='ltr'>hoc</span> <span class='ocrx_word' id='word_1_635' title='bbox 1358 2648 1437 2671; x_wconf 67' lang='lat' dir='ltr'>vero</span> <span class='ocrx_word' id='word_1_636' title='bbox 1463 2642 1615 2679; x_wconf 77' lang='lat' dir='ltr'>tempore</span> <span class='ocrx_word' id='word_1_637' title='bbox 1641 2637 1823 2669; x_wconf 76' lang='lat' dir='ltr'>consilium</span> <span class='ocrx_word' id='word_1_638' title='bbox 1850 2646 1925 2668; x_wconf 77' lang='lat' dir='ltr'>enm</span> 
     </span>
     <span class='ocr_line' id='line_1_49' title="bbox 171 2688 1928 2739; baseline -0.006 -9"><span class='ocrx_word' id='word_1_639' title='bbox 171 2700 207 2730; x_wconf 77' lang='lat' dir='ltr'>in</span> <span class='ocrx_word' id='word_1_640' title='bbox 233 2709 379 2730; x_wconf 52' lang='lat' dir='ltr'>saerfmn.</span> <span class='ocrx_word' id='word_1_641' title='bbox 404 2701 599 2739; x_wconf 68' lang='lat' dir='ltr'>suyyestum</span> <span class='ocrx_word' id='word_1_642' title='bbox 627 2697 730 2729; x_wconf 68' lang='lat' dir='ltr'>cudae</span> <span class='ocrx_word' id='word_1_643' title='bbox 757 2696 1013 2737; x_wconf 72' lang='lat' dir='ltr'>oeniponcanae</span> <span class='ocrx_word' id='word_1_644' title='bbox 1038 2694 1229 2727; x_wconf 72' lang='lat' dir='ltr'>reducendi</span> <span class='ocrx_word' id='word_1_645' title='bbox 1257 2693 1402 2724; x_wconf 69' lang='lat' dir='ltr'>irritum</span> <span class='ocrx_word' id='word_1_646' title='bbox 1427 2691 1562 2732; x_wconf 77' lang='lat' dir='ltr'>factum</span> <span class='ocrx_word' id='word_1_647' title='bbox 1589 2694 1645 2723; x_wconf 84' lang='lat' dir='ltr'>est.</span> <span class='ocrx_word' id='word_1_648' title='bbox 1697 2690 1861 2722; x_wconf 80' lang='lat' dir='ltr'>Attamen</span> <span class='ocrx_word' id='word_1_649' title='bbox 1886 2688 1928 2721; x_wconf 83' lang='lat' dir='ltr'>de</span> 
     </span>
    </p>
   </div>
   <div class='ocr_carea' id='block_1_3' title="bbox 169 2770 245 2772">
    <p class='ocr_par' dir='ltr' id='par_1_3' title="bbox 169 2770 245 2772">
     <span class='ocr_line' id='line_1_50' title="bbox 169 2770 245 2772; baseline 0 0"><span class='ocrx_word' id='word_1_650' title='bbox 169 2770 245 2772; x_wconf 95' lang='lat' dir='ltr'> </span> 
     </span>
    </p>
   </div>
   <div class='ocr_carea' id='block_1_4' title="bbox 170 2795 1927 3105">
    <p class='ocr_par' dir='ltr' id='par_1_4' title="bbox 290 2795 1771 2845">
     <span class='ocr_line' id='line_1_51' title="bbox 290 2795 1771 2845; baseline -0.004 -12"><span class='ocrx_word' id='word_1_651' title='bbox 290 2804 297 2822; x_wconf 84' lang='lat'>¹</span> <span class='ocrx_word' id='word_1_652' title='bbox 326 2802 537 2845; x_wconf 68' lang='lat' dir='ltr'>Gregorium</span> <span class='ocrx_word' id='word_1_653' title='bbox 564 2801 763 2835; x_wconf 80' lang='lat' dir='ltr'>Roseffium</span> <span class='ocrx_word' id='word_1_654' title='bbox 789 2799 1004 2834; x_wconf 82' lang='lat' dir='ltr'>cathedralis</span> <span class='ocrx_word' id='word_1_655' title='bbox 1031 2798 1203 2832; x_wconf 85' lang='lat' dir='ltr'>ecclesiae</span> <span class='ocrx_word' id='word_1_656' title='bbox 1230 2798 1454 2840; x_wconf 84' lang='lat' dir='ltr'>augustanae</span> <span class='ocrx_word' id='word_1_657' title='bbox 1482 2795 1771 2829; x_wconf 79' lang='lat' dir='ltr'>contionatorem.</span> 
     </span>
    </p>

    <p class='ocr_par' dir='ltr' id='par_1_5' title="bbox 288 2848 1501 2898">
     <span class='ocr_line' id='line_1_52' title="bbox 288 2848 1501 2898; baseline -0.006 -9"><span class='ocrx_word' id='word_1_658' title='bbox 288 2856 299 2874; x_wconf 75' lang='lat'>‘2</span> <span class='ocrx_word' id='word_1_659' title='bbox 328 2856 381 2888; x_wconf 81' lang='lat' dir='ltr'>Ex</span> <span class='ocrx_word' id='word_1_660' title='bbox 408 2854 618 2889; x_wconf 82' lang='lat' dir='ltr'>Liebenthal</span> <span class='ocrx_word' id='word_1_661' title='bbox 644 2854 793 2888; x_wconf 82' lang='lat' dir='ltr'>Silesiae</span> <span class='ocrx_word' id='word_1_662' title='bbox 819 2853 946 2898; x_wconf 87' lang='lat' dir='ltr'>oppido</span> <span class='ocrx_word' id='word_1_663' title='bbox 974 2854 1072 2886; x_wconf 88' lang='lat' dir='ltr'>ortus</span> <span class='ocrx_word' id='word_1_664' title='bbox 1099 2853 1176 2885; x_wconf 82' lang='lat' dir='ltr'>erat</span> <span class='ocrx_word' id='word_1_665' title='bbox 1205 2851 1310 2894; x_wconf 73' lang='lat' dir='ltr'><strong>(Can.</strong></span> <span class='ocrx_word' id='word_1_666' title='bbox 1335 2849 1385 2883; x_wconf 88' lang='lat' dir='ltr'>IV</span> <span class='ocrx_word' id='word_1_667' title='bbox 1411 2848 1501 2892; x_wconf 71' lang='lat'><strong>214).</strong></span> 
     </span>
    </p>

    <p class='ocr_par' dir='ltr' id='par_1_6' title="bbox 170 2899 1927 3105">
     <span class='ocr_line' id='line_1_53' title="bbox 291 2899 1927 2949; baseline -0.006 -7"><span class='ocrx_word' id='word_1_668' title='bbox 291 2909 302 2926; x_wconf 74' lang='lat'>³</span> <span class='ocrx_word' id='word_1_669' title='bbox 328 2908 366 2941; x_wconf 89' lang='lat' dir='ltr'>P.</span> <span class='ocrx_word' id='word_1_670' title='bbox 386 2908 580 2941; x_wconf 72' lang='lat' dir='ltr'>Mai-tinum</span> <span class='ocrx_word' id='word_1_671' title='bbox 600 2907 839 2941; x_wconf 84' lang='lat' dir='ltr'>Leubenstain</span> <span class='ocrx_word' id='word_1_672' title='bbox 862 2905 1056 2949; x_wconf 85' lang='lat' dir='ltr'>significari</span> <span class='ocrx_word' id='word_1_673' title='bbox 1083 2903 1305 2947; x_wconf 85' lang='lat' dir='ltr'>intellegitur</span> <span class='ocrx_word' id='word_1_674' title='bbox 1328 2914 1373 2936; x_wconf 82' lang='lat' dir='ltr'>ex</span> <span class='ocrx_word' id='word_1_675' title='bbox 1392 2902 1536 2944; x_wconf 79' lang='lat' dir='ltr'>Hoffaei</span> <span class='ocrx_word' id='word_1_676' title='bbox 1552 2899 1711 2934; x_wconf 83' lang='lat' dir='ltr'>*litteris</span> <span class='ocrx_word' id='word_1_677' title='bbox 1730 2899 1927 2943; x_wconf 87' lang='lat' dir='ltr'>Oeniponte</span> 
     </span>
     <span class='ocr_line' id='line_1_54' title="bbox 171 2952 1925 3004; baseline -0.006 -9"><span class='ocrx_word' id='word_1_678' title='bbox 171 2961 202 2995; x_wconf 86' lang='lat'>9.</span> <span class='ocrx_word' id='word_1_679' title='bbox 230 2960 309 2993; x_wconf 86' lang='lat' dir='ltr'>Iulii</span> <span class='ocrx_word' id='word_1_680' title='bbox 338 2960 425 2994; x_wconf 77' lang='lat'>1571</span> <span class='ocrx_word' id='word_1_681' title='bbox 455 2961 547 2994; x_wconf 74' lang='lat' dir='ltr'>datis</span> <span class='ocrx_word' id='word_1_682' title='bbox 577 2960 746 3004; x_wconf 87' lang='lat' dir='ltr'>(autogr.;</span> <span class='ocrx_word' id='word_1_683' title='bbox 776 2960 816 2994; x_wconf 84' lang='lat' dir='ltr'>G.</span> <span class='ocrx_word' id='word_1_684' title='bbox 844 2959 908 3004; x_wconf 81' lang='lat' dir='ltr'>Ep.</span> <span class='ocrx_word' id='word_1_685' title='bbox 937 2958 1014 2992; x_wconf 87' lang='lat' dir='ltr'>coll.</span> <span class='ocrx_word' id='word_1_686' title='bbox 1041 2958 1057 2991; x_wconf 88' lang='lat' dir='ltr'>I</span> <span class='ocrx_word' id='word_1_687' title='bbox 1083 2958 1107 2992; x_wconf 91' lang='lat' dir='ltr'>f.</span> <span class='ocrx_word' id='word_1_688' title='bbox 1133 2956 1230 3000; x_wconf 84' lang='lat'><strong>363).</strong></span> <span class='ocrx_word' id='word_1_689' title='bbox 1275 2956 1314 2990; x_wconf 88' lang='grc' dir='ltr'>Ρ.</span> <span class='ocrx_word' id='word_1_690' title='bbox 1333 2955 1538 2989; x_wconf 82' lang='lat' dir='ltr'>Alexander</span> <span class='ocrx_word' id='word_1_691' title='bbox 1564 2953 1689 2987; x_wconf 76' lang='lat' dir='ltr'>Holler</span> <span class='ocrx_word' id='word_1_692' title='bbox 1714 2953 1750 2986; x_wconf 92' lang='lat' dir='ltr'>in</span> <span class='ocrx_word' id='word_1_693' title='bbox 1776 2952 1925 2995; x_wconf 84' lang='lat' dir='ltr'>collegio</span> 
     </span>
     <span class='ocr_line' id='line_1_55' title="bbox 170 3004 1926 3057; baseline -0.005 -11"><span class='ocrx_word' id='word_1_694' title='bbox 170 3013 337 3057; x_wconf 82' lang='lat' dir='ltr'>pragensi</span> <span class='ocrx_word' id='word_1_695' title='bbox 364 3013 534 3055; x_wconf 75' lang='lat' dir='ltr'>magister</span> <span class='ocrx_word' id='word_1_696' title='bbox 560 3014 779 3046; x_wconf 87' lang='lat' dir='ltr'>noviciorum</span> <span class='ocrx_word' id='word_1_697' title='bbox 806 3014 841 3046; x_wconf 82' lang='lat' dir='ltr'>et</span> <span class='ocrx_word' id='word_1_698' title='bbox 868 3012 1088 3045; x_wconf 88' lang='lat' dir='ltr'>contionator</span> <span class='ocrx_word' id='word_1_699' title='bbox 1113 3010 1232 3044; x_wconf 81' lang='lat' dir='ltr'>fuerat</span> <span class='ocrx_word' id='word_1_700' title='bbox 1260 3008 1333 3051; x_wconf 78' lang='lat' dir='ltr'><strong>(Al.</strong></span> <span class='ocrx_word' id='word_1_701' title='bbox 1361 3009 1474 3042; x_wconf 77' lang='lat' dir='ltr'>Krb&#39;ss</span> <span class='ocrx_word' id='word_1_702' title='bbox 1500 3007 1533 3041; x_wconf 80' lang='lat' dir='ltr'>S.</span> <span class='ocrx_word' id='word_1_703' title='bbox 1554 3007 1597 3048; x_wconf 87' lang='lat' dir='ltr'>J.,</span> <span class='ocrx_word' id='word_1_704' title='bbox 1625 3005 1838 3041; x_wconf 83' lang='lat' dir='ltr'>Geschichte</span> <span class='ocrx_word' id='word_1_705' title='bbox 1864 3004 1926 3038; x_wconf 90' lang='lat' dir='ltr'>der</span> 
     </span>
     <span class='ocr_line' id='line_1_56' title="bbox 170 3059 1582 3105; baseline -0.004 -6"><span class='ocrx_word' id='word_1_706' title='bbox 170 3064 401 3099; x_wconf 66' lang='lat' dir='ltr'>bohmischen</span> <span class='ocrx_word' id='word_1_707' title='bbox 428 3065 579 3099; x_wconf 77' lang='lat' dir='ltr'>Provinz</span> <span class='ocrx_word' id='word_1_708' title='bbox 607 3066 667 3099; x_wconf 85' lang='lat' dir='ltr'>der</span> <span class='ocrx_word' id='word_1_709' title='bbox 694 3065 935 3099; x_wconf 82' lang='lat' dir='ltr'>Gesellschaft</span> <span class='ocrx_word' id='word_1_710' title='bbox 961 3065 1049 3098; x_wconf 79' lang='lat' dir='ltr'>Jesu</span> <span class='ocrx_word' id='word_1_711' title='bbox 1076 3063 1101 3105; x_wconf 90' lang='lat' dir='ltr'>I,</span> <span class='ocrx_word' id='word_1_712' title='bbox 1128 3063 1234 3096; x_wconf 78' lang='grc'>117100</span> <span class='ocrx_word' id='word_1_713' title='bbox 1264 3062 1363 3103; x_wconf 84' lang='lat'>1910,</span> <span class='ocrx_word' id='word_1_714' title='bbox 1394 3061 1457 3095; x_wconf 81' lang='lat'>137</span> <span class='ocrx_word' id='word_1_715' title='bbox 1485 3059 1582 3104; x_wconf 81' lang='lat'><strong>296).</strong></span> 
     </span>
    </p>
   </div>
  </div>
 </body>
</html>
