2044 3335
650 95 695 130 Π.
724 94 948 129 Prooemium
974 91 1168 127 voluminis
1193 90 1300 126 sexti.
1793 98 1862 121 xix

93 215 363 251 admirationem
390 224 534 248 movere
561 214 712 257 possunt
738 212 806 246 duo
825 211 896 245 alia
923 210 999 244 eius
1025 209 1104 243 sive
1123 218 1296 252 responsa
1322 206 1401 241 sive
1420 204 1638 240 constituta:
1665 203 1863 238 Concilium

92 268 339 303 Tridentinum
382 266 647 312 „pluralitatem
682 264 956 299 beneficiorum“
995 261 1323 296 ecclesiasticorum
1356 258 1572 302 gravissime
1610 257 1862 302 prohibuerat:

92 322 178 356 Pius
204 332 299 361 ver0‚
327 332 406 354 cum
433 319 471 354 in
497 318 690 353 Germania
717 330 737 352 a
763 317 944 352 canonicis
969 327 1040 349 non
1065 314 1146 359 plus
1173 325 1280 358 quam
1308 313 1400 347 3—4
1426 311 1602 346 mensium
1629 310 1861 344 residentiam

93 374 192 417 exigi
217 374 368 417 ideoque
395 373 488 407 3-4
514 371 748 406 canonicatus
783 371 827 405 ab
863 370 907 404 iis
939 367 1047 402 simul
1081 367 1206 401 haberi
1242 365 1484 408 cognovisset,
1519 364 1555 398 id
1591 363 1645 405 iis,
1681 363 1863 408 paucitate

92 439 233 472 quoque
260 427 471 461 clericorum
490 424 707 460 Germaniae
734 423 971 463 considerata,
998 420 1163 466 permisit
1184 419 1314 463 (205¹).
1351 419 1391 452 In
1410 418 1516 452 Bulla
1534 419 1655 451 autem
1677 416 1859 459 „Goenae“

92 478 474 515 excommunicationis
510 489 660 523 poenam
697 478 774 521 ipse
800 476 965 522 pontifex
989 475 1217 516 irrogaverat
1243 472 1417 513 omnibus,
1457 471 1517 515 qui
1543 470 1580 504 in
1605 470 1863 504 iurisdictionis

91 533 360 568 ecclesiasticae
386 531 597 566 exercitium
623 542 662 564 se
688 529 913 574 ingererent;
941 528 1035 572 quod
1062 538 1142 561 cum
1170 526 1226 570 (ut
1252 526 1321 560 iam
1350 524 1441 567 dixi)
1469 525 1505 558 in
1532 523 1726 558 Germania
1752 522 1863 557 etiam

90 587 327 630 magistratus
354 585 453 630 probi
480 584 600 629 piique
618 584 713 617 haud
740 584 790 617 ita
817 594 898 616 raro
928 582 1099 621 facerent,
1127 579 1349 619 confessarii,
1376 578 1461 622 quid
1489 577 1531 611 de
1558 577 1603 610 iis
1629 577 1862 610 statuendum

92 643 198 679 esset,
225 639 331 674 anxie
357 638 647 681 interrogabant;
675 636 860 681 respondit
887 635 984 674 Pius.
1011 645 1048 668 re
1075 645 1155 668 cum
1183 633 1374 675 Francisco
1402 631 1533 674 Borgia
1559 641 1756 675 perpensa:
1783 628 1863 663 Non

92 693 224 728 habere
249 704 288 727 se
316 692 540 726 voluntatem
566 690 629 724 illa
655 690 736 732 lege
763 687 1024 734 complectendi
1052 699 1122 728 eos,
1150 687 1209 731 qui
1229 685 1403 720 ecclesiae
1422 684 1610 725 iuvandae,
1637 695 1707 717 non
1733 683 1863 717 damno

91 746 305 781 afficiendae
343 756 453 779 causa
479 745 530 778 ita
556 746 725 786 agerent;
762 743 797 777 id
831 743 944 786 igitur
971 744 1008 775 et
1033 753 1115 775 cum
1142 739 1373 775 confessariis
1400 741 1436 773 et
1462 749 1544 772 cum
1570 737 1659 782 ipsis
1685 736 1864 771 iudicibus

93 811 173 834 esse
200 798 536 833 communicandum
567 797 682 840 (197).

210 853 250 886 In
278 852 472 886 Germania
497 851 576 895 ipsa
609 850 844 884 Albertus
870 848 913 882 V.
950 848 1023 882 dux
1060 849 1096 881 et
1130 845 1466 880 Ferdinandus
1493 844 1538 878 ΙΙ.
1573 843 1749 878 archidux
1787 854 1863 886 „co-

91 906 233 940 lumnas
254 905 337 940 fidei
357 904 593 946 catholicae“‚
611 905 652 938 ut
670 902 866 938 cardinalis
882 901 1170 936 Commendonus
1191 900 1335 934 dicebat
1358 899 1472 943 (225),
1494 899 1530 932 et
1550 897 1697 940 „heroes
1715 897 1864 931 catholi-

92 960 233 994 corum“
255 971 294 993 se
313 958 559 1004 praestabant,
586 959 627 992 ut
646 957 812 991 Canisius
831 955 978 1000 scripsit
997 955 1088 999 (37).
1123 954 1296 988 Albertus
1316 953 1423 993 enim,
1441 952 1634 998 praecipuo
1652 950 1866 985 administro

91 1015 196 1048 utens
223 1012 366 1047 Simone
389 1011 581 1046 Thaddaeo
606 1010 683 1045 Eck
709 1009 923 1045 cancellario
949 1007 1135 1052 religionis
1162 1007 1426 1041 studiosissimo
1456 1006 1517 1049 (89
1545 1005 1642 1047 275),
1670 1004 1864 1038 identidem

95 1066 362 1108 „visitationes“
386 1065 553 1106 habebat,
572 1066 613 1098 ut
633 1064 784 1103 videret,
805 1074 890 1097 num
911 1062 947 1096 in
966 1062 1123 1096 Bavaria
1154 1072 1219 1095 sua
1243 1072 1367 1094 omnes
1393 1061 1517 1094 essent
1543 1057 1712 1093 catholici
1739 1056 1863 1100 (311);

91 1131 173 1153 nam
201 1120 231 1154 si
259 1119 319 1163 qui
347 1118 523 1153 catholice
548 1117 674 1152 vivere
701 1117 882 1158 nolebant,
909 1115 1082 1150 Albertus
1116 1126 1177 1149 eos
1213 1114 1311 1149 abire
1338 1126 1401 1158 pro
1428 1114 1608 1158 potestate
1635 1123 1698 1156 per
1724 1110 1865 1155 imperii

91 1173 190 1217 leges
217 1173 286 1217 ipsi
313 1172 525 1206 confirmata
551 1171 699 1206 iubebat
727 1172 787 1214 (25
816 1169 922 1214 311);
961 1169 1085 1203 calicis
1111 1180 1252 1213 quoque
1278 1167 1509 1202 eucharistici
1543 1177 1649 1200 usum
1676 1164 1867 1198 coercebat

94 1227 236 1269 (380³);
274 1228 311 1260 et
345 1226 388 1260 de
422 1225 579 1269 negotiis
614 1224 872 1259 ecclesiasticis
907 1223 1095 1266 theologos
1131 1222 1301 1267 probatos
1338 1221 1549 1256 consulebat
1586 1219 1708 1263 (380);
1738 1218 1864 1252 iisdem

90 1279 302 1314 facultatem
337 1279 480 1323 legendi
515 1279 624 1313 libros
660 1278 863 1312 haereticos
899 1280 936 1311 et
974 1278 1191 1321 potestatem
1234 1275 1446 1310 absolvendi
1480 1273 1682 1308 haereticos
1726 1284 1747 1306 a
1779 1271 1865 1305 sede

91 1333 289 1378 apostolica
315 1333 422 1377 petiit
448 1336 484 1366 et
501 1332 712 1377 impetravit
732 1331 833 1376 (274)
849 1344 856 1372 ;
884 1330 1027 1374 collegii
1046 1332 1167 1365 autem
1186 1329 1383 1372 germanici
1412 1329 1632 1362 dotationem
1651 1328 1687 1360 et
1705 1325 1866 1370 pontifici

91 1390 127 1420 et
152 1386 332 1431 episcopis
358 1386 632 1420 commendabat
659 1386 782 1429 (290);
811 1385 981 1419 Societati
1008 1396 1148 1428 quoque
1175 1383 1256 1417 Iesu
1283 1383 1389 1416 valde
1415 1382 1582 1421 favebat;
1610 1380 1702 1414 unde
1728 1378 1866 1412 factum

92 1441 156 1481 est,
183 1443 224 1473 ut
249 1451 280 1473 a.
310 1439 401 1473 1570
427 1439 619 1482 collegium
646 1450 860 1472 monacense
888 1439 956 1472 540
983 1438 1133 1471 haberet
1151 1436 1346 1481 discipulos
1376 1435 1497 1479 (602);
1526 1434 1649 1468 eodem
1676 1433 1752 1467 fere
1778 1434 1867 1466 tem-

91 1504 176 1538 pore
194 1492 366 1526 Albertus
385 1492 498 1527 Sociis
525 1492 868 1536 ingolstadiensibus
895 1491 1076 1534 integrum
1105 1502 1250 1525 cursum
1277 1488 1563 1535 philosophicum
1590 1489 1627 1521 et
1652 1485 1867 1531 paedagogii

91 1547 168 1580 sive
195 1546 385 1591 gymnasii,
413 1546 506 1590 quod
532 1558 627 1579 nunc
653 1557 834 1587 vocamus,
862 1545 1208 1579 administrationem
1235 1544 1377 1577 tradere
1395 1541 1534 1582 statuit,
1561 1543 1602 1575 ut
1626 1541 1797 1574 iuventus
1823 1558 1868 1562 —

90 1600 142 1633 ita
174 1599 250 1644 ipse
278 1600 421 1633 dicebat
445 1616 487 1623 ἡ
517 1600 671 1641 eosdem,
698 1611 762 1644 per
788 1610 877 1643 quos
896 1598 1037 1632 litteras
1056 1598 1222 1639 disceret,
1253 1608 1411 1639 „morum
1431 1598 1467 1630 et
1486 1594 1631 1640 pietatis
1649 1593 1864 1636 magistros“

90 1653 241 1687 haberet
269 1654 382 1697 (449).
434 1653 509 1687 Nec
536 1653 655 1687 minus
680 1657 827 1687 strenue
864 1652 959 1697 apud
985 1652 1192 1686 Tirolenses
1219 1651 1346 1695 religio
1382 1648 1653 1684 defendebatur.
1707 1647 1873 1681 Canisius

91 1706 355 1740 Ferdinandum
381 1707 425 1741 ll.
462 1707 597 1747 laudat,
635 1707 727 1751 quod
767 1707 823 1747 „vi
851 1706 1027 1750 quadam“
1066 1717 1150 1740 suos
1185 1705 1221 1739 in
1256 1705 1325 1738 fide
1352 1703 1528 1737 maiorum
1564 1702 1719 1736 retineat
1746 1701 1873 1745 (456);

91 1760 376 1794 consiliariorum
411 1772 553 1805 quoque
581 1760 819 1794 constantiam
855 1759 1069 1794 catholicam
1096 1759 1283 1804 praedicat
1312 1758 1476 1801 (455s6);
1517 1757 1578 1800 qui
1604 1768 1713 1800 saepe
1739 1756 1775 1789 in
1802 1755 1871 1790 col-

91 1813 225 1856 legium
261 1814 536 1858 oenipontanum
576 1814 780 1854 veniebant,
816 1815 857 1847 ut
894 1813 1016 1847 Socios
1051 1814 1093 1847 de
1128 1812 1237 1847 rebus
1273 1812 1386 1846 sacris
1431 1810 1661 1846 consulerent
1699 1810 1796 1853 (15);
1837 1810 1872 1843 in

92 1867 317 1901 fundationis
343 1870 464 1901 autem
491 1867 623 1902 litteris
651 1868 803 1910 collegio
831 1868 925 1901 datis
953 1867 1129 1901 archidux
1154 1866 1332 1901 sodalium
1352 1865 1506 1905 scholas,
1534 1864 1728 1902 contiones,
1755 1875 1873 1898 mores

91 1921 258 1955 laudibus
293 1921 464 1955 efferebat
494 1922 615 1964 (608);
653 1921 783 1965 quibus
818 1933 913 1955 nova
948 1921 1101 1955 ecclesia
1135 1920 1249 1965 ipsius
1282 1923 1317 1954 et
1352 1919 1525 1954 nobilium
1561 1918 1785 1952 tirolensium
1813 1929 1872 1951 ex-

92 1975 215 2019 pensis
250 1975 440 2009 aedificata
479 1978 535 2009 est
565 1975 728 2018 (603s4);
769 1975 912 2009 Canisio
952 1974 1105 2018 denique
1132 1974 1334 2019 Oeniponte
1372 1973 1517 2017 degenti
1553 1971 1801 2006 Ferdinandus
1838 1973 1873 2005 et

92 2028 304 2073 scriptorem
330 2028 406 2063 suis
432 2029 635 2074 sumptibus
661 2029 819 2073 providit
848 2028 948 2070 (625)
979 2031 1016 2062 et
1040 2028 1231 2072 pecuniam
1258 2027 1301 2061 ad
1320 2027 1431 2061 libros
1450 2026 1619 2060 emendos
1637 2026 1736 2059 dedit
1756 2025 1872 2068 (639).

92 2082 165 2116 Nec
202 2081 346 2116 silentio
384 2082 572 2126 praeteriri
612 2082 718 2116 debet
752 2081 980 2116 Venerabilis
1016 2081 1307 2124 Magdalena
1342 2092 1442 2115 soror
1477 2080 1611 2124 ipsius;
1652 2090 1754 2123 quae,
1791 2090 1872 2112 cum

94 2135 293 2180 Oeniponte
319 2135 509 2177 habitaret,
546 2147 723 2180 pauperes
758 2138 1000 2179 aegrotosque
1033 2135 1225 2179 diligenter
1259 2134 1456 2169 adiuvabat
1485 2133 1586 2177 (607)
1624 2135 1660 2167 et
1686 2132 1871 2167 Sociorum

93 2200 201 2233 opera
227 2189 396 2223 utebatur
422 2189 467 2223 ad
493 2189 662 2223 mulieres
688 2189 830 2223 haeresi
856 2189 1011 2224 infectas
1037 2189 1097 2223 vel
1122 2189 1236 2223 vitam
1263 2188 1506 2222 meretriciam
1535 2189 1685 2231 agentes
1711 2187 1747 2220 in
1773 2185 1871 2220 viam

93 2242 223 2277 salutis
249 2243 472 2277 reducendas
510 2243 625 2287 (607).
677 2243 765 2277 Cum
803 2246 923 2277 autem
959 2243 1083 2277 eadem
1125 2243 1290 2286 „regina“
1321 2253 1401 2276 cum
1428 2241 1567 2275 Helena
1593 2252 1714 2275 sorore
1741 2240 1872 2273 Halani

93 2296 391 2340 transmigrasset
426 2299 463 2330 et
501 2296 634 2331 ibidem
670 2296 862 2331 Societatis
898 2296 1041 2331 domum
1077 2297 1298 2331 condidisset
1336 2296 1465 2339 (408¹),
1504 2294 1607 2334 Hala,
1653 2305 1746 2338 quae
1784 2295 1870 2327 tunc

95 2350 284 2384 civitatum
310 2350 534 2384 tirolensium
562 2351 721 2384 maxima
748 2353 825 2384 erat
854 2350 968 2394 (434),
995 2351 1202 2393 reginarum
1231 2349 1406 2394 exemplis
1434 2351 1468 2382 et
1487 2348 1671 2383 Sociorum
1690 2347 1872 2382 laboribus

96 2416 141 2437 ex
167 2403 308 2438 haeresi
333 2405 443 2449 probe
469 2404 587 2449 coepit
613 2416 796 2447 emergere
825 2404 940 2447 (619).
984 2403 1084 2438 Haec
1110 2403 1147 2437 in
1174 2415 1345 2449 praesens
1372 2402 1556 2437 sufficiant
1582 2404 1740 2447 oportet;
1768 2401 1872 2446 plura

96 2457 190 2492 enim
217 2458 258 2491 de
284 2457 441 2492 Bavaria
468 2460 504 2492 et
529 2458 638 2492 Tiroli
666 2460 792 2503 postea
819 2458 995 2493 dicentur.

214 2511 351 2545 Horum
386 2512 554 2555 vestigiis
592 2511 653 2546 alii
686 2523 911 2556 proceres
946 2511 1174 2546 insistebant.
1225 2510 1376 2545 Carolus
1411 2509 1588 2544 archidux
1622 2509 1808 2553 religionis
1834 2508 1871 2542 iu

96 2564 204 2599 Stiria
239 2568 275 2599 et
300 2565 486 2614 Carintffla
521 2566 778 2600 instaurandae
812 2576 922 2599 causa
954 2565 1145 2609 collegium
1181 2564 1372 2598 Societatis
1400 2563 1541 2598 Graecii
1579 2563 1799 2598 constituere
1835 2563 1870 2596 in

94 2619 252 2653 animum
278 2619 422 2653 induxit
450 2620 562 2663 (469).
608 2620 647 2653 ln
666 2618 796 2654 Suebia
815 2622 934 2653 autem
953 2621 1051 2653 terra
1078 2619 1289 2661 bissingana
1316 2630 1360 2651 ex
1387 2617 1672 2659 Lutheranismo,
1700 2617 1736 2650 in
1763 2628 1869 2660 quem

96 2684 159 2717 per
178 2673 421 2707 Schartlinum
448 2685 469 2707 a
494 2673 726 2707 Bul-tenbach
752 2674 789 2707 vi
808 2675 992 2717 pertracta
1011 2675 1099 2713 erat,
1127 2684 1191 2717 per
1209 2671 1392 2706 Sociorum
1412 2671 1668 2715 dilingensium
1687 2671 1872 2705 contiones

97 2728 154 2760 est
179 2727 308 2760 educta
337 2727 452 2771 (738).
504 2727 637 2760 lisdem
663 2727 766 2761 annis
794 2727 889 2761 Socii
915 2726 1143 2766 Germaniae,
1179 2725 1357 2770 imprimis
1394 2725 1570 2766 Canisius,
1607 2725 1651 2759 ab
1690 2724 1872 2758 Helvetiis

97 2779 285 2814 catholicis
310 2780 569 2822 invitabantur,
605 2783 645 2814 ut
680 2781 774 2825 apud
811 2780 907 2825 ipsos
943 2780 1176 2813 seminarium
1211 2779 1389 2823 quoddam
1425 2778 1636 2813 clericorum
1673 2777 1743 2818 vel,
1779 2778 1810 2812 si
1836 2778 1871 2811 id

96 2845 166 2867 non
191 2834 361 2878 placeret,
390 2834 582 2878 collegium
608 2834 800 2869 Societatis
827 2833 1037 2868 incoharent
1077 2832 1161 2877 (238
1189 2832 1293 2876 362>;
1331 2835 1366 2866 et
1392 2832 1612 2867 instantibus
1638 2831 1751 2866 Sociis
1778 2831 1871 2866 colo-

97 2887 281 2921 niensibus
317 2899 359 2922 ea
390 2888 596 2933 respublica
632 2888 825 2922 identidem
854 2887 1007 2921 Gensios
1044 2899 1087 2920 ex
1114 2887 1241 2930 Belgio
1277 2886 1450 2931 profugos
1476 2886 1564 2920 urbe
1590 2885 1759 2931 pellebat,
1786 2885 1873 2929 quia,

98 2940 357 2975 Calvinismum
383 2941 475 2975 clam
502 2953 566 2986 per
592 2953 670 2975 eam
698 2941 946 2975 diffundebant
973 2940 1058 2984 (330
1084 2940 1191 2984 414);
1220 2940 1265 2974 ad
1292 2940 1493 2974 ferventem
1519 2951 1660 2984 quoque
1685 2938 1871 2981 religionis

98 3003 256 3028 amorem
282 2995 471 3036 Augustae
498 2995 665 3029 catholici
691 2995 794 3029 multi
821 3007 885 3039 per
910 3005 1043 3039 paucos
1069 2994 1151 3028 illos
1178 2993 1310 3035 Socios,
1346 2994 1407 3038 qui
1434 2994 1528 3038 apud
1555 2994 1653 3038 ipsos
1679 2995 1793 3033 erant,
1819 2992 1870 3025 in-

98 3047 393 3089 flammabantur3
431 3049 492 3093 qui
527 3060 745 3093 quamquain
781 3048 898 3083 locum
925 3048 1019 3082 iusto
1046 3048 1198 3091 collegio
1233 3048 1408 3089 idoneum,
1447 3048 1629 3082 canonicis
1656 3046 1870 3091 quibusdam

98 3113 225 3145 parum
251 3102 458 3136 faventibus
487 3102 601 3146 (223),
626 3102 786 3136 nancisci
821 3114 892 3136 non
926 3104 1094 3147 poterant
1124 3102 1237 3145 (249),
1274 3101 1427 3136 reditum
1461 3101 1575 3135 eidem
1612 3100 1763 3144 collegio
1799 3100 1870 3134 iam
