2044 3335
691 119 892 164 Oeniponte
920 119 974 154 12.
995 117 1152 161 Augusti
1173 117 1275 151 1567.
1847 118 1871 157 9

99 241 231 285 tualis
264 238 523 289 obedientia,
558 239 719 281 uiuere.
773 239 912 280 Locus
946 238 1000 280 ad
1032 235 1276 278 huiusmodi
1309 234 1559 276 institutum
1592 233 1701 275 satis
1733 236 1874 287 aptus,

100 309 144 349 et
187 306 397 360 templum
442 306 732 358 opportunum
777 304 862 345 illis
910 317 1023 345 nunc
1069 301 1338 343 aedificatur.
1402 300 1565 351 Jtaque
1612 312 1698 340 non
1746 301 1877 341 uacat

100 371 371 420 difficultate,
405 372 454 411 ut
486 368 712 418 arbitror²‚
746 368 989 410 huiusmodi
1021 367 1234 409 foeminas
1266 365 1427 420 partim
1460 363 1677 416 Virgines,
1716 363 1875 417 partim

98 436 277 486 Viduas,
312 449 452 487 neque
484 448 662 488 prorsus
695 434 927 484 seculares,
962 447 1041 474 nec
1075 431 1206 474 etiam
1241 445 1296 473 ex
1326 429 1524 485 professo
1547 428 1786 481 regulares,
1821 442 1876 470 ex

99 501 260 544 nostris
291 500 480 554 pendere
513 499 814 552 Confessarijs,
850 501 894 541 et
927 512 982 540 ex
1013 497 1185 539 illorum
1219 494 1504 550 praescripto,
1539 493 1649 547 quod
1681 493 1877 546 Reginae

99 565 361 616 desiderant,
394 578 553 606 nouum
586 564 668 605 hoc
701 564 879 617 Collegij
914 577 1064 617 genus,
1100 562 1257 604 saltem
1290 561 1333 602 in
1366 558 1678 614 spiritualibus,
1717 559 1876 612 guber-

98 631 207 674 nari.
251 630 372 680 Quod
405 630 441 671 si
474 643 543 671 res
576 628 836 671 infoeliciter
868 628 1136 678 succederet,
1171 631 1248 669 aut
1280 625 1454 679 aliquod
1487 621 1766 666 scandalumb
1798 637 1875 665 na-

99 699 306 746 sceretur,
323 695 533 737 aduersus
545 694 571 735 J
576 693 740 736 esuitas
754 694 1011 736 multorum⁰
1027 693 1203 746 linguae
1218 695 1263 734 et
1278 691 1433 734 calami
1451 689 1580 732 facile
1599 691 1874 738 acuerentur,

98 775 177 803 nec
203 775 356 816 parum
380 762 497 802 esset
519 759 707 809 difficile,
732 758 942 813 paulatim
967 760 1012 800 et
1033 757 1265 812 praecipue
1289 759 1388 811 post
1406 754 1671 808 Reginarum
1695 753 1873 804 obitum,

97 829 224 881 aptos
258 840 281 868 e
312 825 474 868 nostris
507 824 702 866 homines
734 824 938 878 reperire,
983 823 1137 876 quibus
1180 823 1259 865 hoc
1294 836 1449 864 munus
1482 818 1744 873 Confessarij
1778 822 1874 862 tuto

98 891 483 934 committeremus.
526 889 619 938 Qua
651 889 694 931 in
728 903 773 930 re
806 889 932 930 uideo
967 889 1098 930 etiam
1133 889 1357 930 decretum
1381 884 1586 929 Jnstituti
1612 885 1752 927 nostri
1775 899 1875 938 pro-

97 957 235 1011 prium
260 959 305 999 et
327 954 619 998 necessarium
644 954 766 996 nobis
790 955 966 996 obstare
981 957 1008 1005 ¹,
1033 953 1328 1006 maioremque
1353 951 1656 995 difficultatem
1676 949 1873 999 aestimo,

98 1022 198 1076 quia
221 1021 417 1075 Reginae
448 1035 533 1062 non
567 1020 705 1062 solum
740 1020 840 1061 dum
871 1019 993 1074 ipsae
1025 1022 1273 1073 supersunt,
1308 1018 1384 1060 sed
1413 1018 1545 1061 etiam
1568 1020 1668 1073 post
1690 1018 1874 1058 mortem

97 1102 233 1135 suam,
268 1087 347 1128 hoc
381 1085 643 1128 domicilium
676 1085 929 1139 Virginibus
961 1084 1131 1138 pijsque
1163 1084 1361 1139 personis
1393 1084 1560 1125 alendis
1594 1082 1873 1131 destinatum,

97 1155 352 1207 perpetuum
397 1166 493 1193 esse
535 1152 701 1194 uolunt.
766 1151 822 1192 -Jn
865 1165 949 1204 quo
987 1151 1180 1205 ipsarum
1214 1149 1429 1191 domicilio
1463 1152 1507 1191 et
1538 1148 1715 1203 templo,
1760 1146 1874 1199 quod

96 1217 332 1272 templumd
364 1217 593 1271 magnifice
627 1216 798 1269 quidem
833 1220 1050 1267 extruere,
1086 1218 1130 1258 et
1162 1215 1323 1257 nostris
1350 1218 1505 1269 postea
1528 1215 1690 1256 donare
1713 1211 1874 1254 consti-

96 1286 240 1333 tuunt,
282 1287 458 1338 praeter
499 1297 631 1324 unum
671 1284 715 1324 et
748 1283 933 1324 alterum
968 1281 1304 1330 Confessarium,
1349 1280 1480 1323 etiam
1514 1279 1874 1322 Concionatorem

97 1349 151 1391 ad
183 1363 357 1391 manum
391 1361 486 1390 esse
520 1347 718 1402 cupiunt:
755 1351 943 1398 caetera,
978 1361 1090 1400 quae
1122 1347 1177 1388 ad
1210 1349 1386 1388 cantum
1420 1347 1464 1388 et
1493 1346 1656 1388 cultum
1681 1343 1873 1386 diuinum

97 1414 401 1457 celebrandum
435 1415 652 1468 spectant,
688 1427 765 1467 per
797 1427 954 1467 pueros
988 1415 1033 1455 et
1064 1413 1275 1454 Cantores
1308 1412 1417 1453 alios
1450 1410 1717 1453 conficienda
1749 1421 1874 1450 cura-

97 1483 194 1522 rent
207 1485 231 1522 Β.
276 1479 454 1521 Planius
487 1481 633 1521 autem
668 1479 830 1520 scribet
863 1479 909 1521 P.
934 1478 1116 1528 Dirsius,
1151 1492 1260 1531 quas
1294 1477 1563 1519 conditiones
1597 1490 1623 1518 a
1652 1474 1774 1517 nobis
1805 1473 1874 1515 hic

97 1546 320 1600 postulent
361 1544 598 1588 obseruari.
663 1544 878 1597 Quidquid
920 1546 1065 1586 autem
1101 1543 1364 1585 Pater-nitati
1399 1543 1518 1585 Tuae
1559 1542 1640 1584 hac
1672 1540 1715 1582 in
1748 1542 1875 1594 parte

97 1611 237 1652 uisum
270 1610 415 1661 fuerit,
449 1624 527 1652 nos
560 1610 692 1652 etiam
726 1609 855 1651 facile
887 1608 1180 1663 probabimus.
1225 1609 1283 1651 Et
1316 1607 1516 1661 quoniam
1546 1607 1621 1649 uix
1643 1619 1755 1648 anno
1779 1608 1872 1648 toto

96 1675 260 1718 Halaef
298 1676 552 1718 absoluetur
592 1676 672 1717 hoc
715 1675 990 1725 domicilium,
1035 1674 1149 1728 quod
1187 1674 1291 1729 ipsis
1323 1673 1504 1727 Reginis
1537 1676 1581 1715 et
1613 1671 1741 1714 sociis
1774 1670 1873 1712 Vir-

97 1741 269 1795 ginibus
303 1741 496 1783 construi
529 1741 730 1791 diximus,
765 1740 989 1794 negotium
1022 1754 1178 1793 urgere
1210 1739 1440 1790 noluimus,
1474 1738 1556 1780 nisi
1582 1737 1733 1780 audita
1754 1735 1874 1790 prius

96 1807 384 1849 Paternitatis
407 1807 527 1849 Tuae
558 1806 791 1849 sententia.
837 1805 1029 1859 Reginas
1051 1806 1132 1847 hoc
1156 1806 1439 1847 uehementer
1461 1807 1608 1846 mouet
1626 1803 1679 1845 ad
1698 1805 1873 1845 nostros

96 1873 221 1915 unice
264 1872 590 1927 amplectendos
631 1872 674 1913 in
716 1872 796 1914 hoc
838 1885 915 1914 suo
948 1871 1166 1921 instituto,
1210 1871 1322 1924 quod
1357 1873 1477 1912 certo
1509 1869 1775 1921 intelligant,
1819 1881 1873 1908 ex

96 1938 329 1992 Religiosis
362 1942 406 1981 et
437 1938 706 1981 secularibus
729 1937 905 1980 Clericis
938 1937 981 1978 in
1015 1937 1251 1979 Germania
1283 1936 1358 1978 uix
1385 1936 1496 1978 ullos
1526 1934 1709 1990 reperiri
1731 1946 1872 1988 posse,

97 2003 252 2057 quibus
284 2018 422 2058 aeque
454 2018 505 2046 ac
537 2003 712 2055 nostris,
746 2006 842 2046 tuto
875 2003 1024 2053 fidant,
1069 2006 1113 2045 et
1145 2017 1253 2056 quos
1286 2001 1383 2044 diug
1414 2001 1529 2043 ferre
1562 1999 1731 2055 possint
1763 1999 1873 2041 Con·

95 2069 316 2112 fessarios.
380 2070 506 2112 Vnde
550 2070 656 2112 illud
700 2069 910 2112 audacter
953 2068 1188 2119 affirmant,
1235 2068 1272 2110 si
1312 2067 1450 2110 nostri
1495 2066 1782 2116 discederent,
1827 2078 1874 2106 se

97 2135 369 2178 committere
401 2150 485 2177 non
518 2149 659 2190 posse,
704 2135 807 2189 quin
841 2135 1113 2177 discedentes
1146 2133 1279 2177 etiam
1311 2134 1658 2186 insequerentur,
1701 2133 1750 2173 ut
1782 2129 1874 2172 sine

97 2201 250 2254 quibus
291 2215 338 2243 se
380 2204 425 2244 et
467 2201 756 2244 conscientias
796 2215 898 2243 suas
940 2200 1053 2242 male
1095 2200 1321 2242 habituras
1359 2213 1445 2240 non
1487 2197 1698 2240 dubitent.
1765 2196 1873 2238 Oret

96 2281 173 2321 pro
214 2267 338 2310 nobis
379 2269 424 2309 et
454 2267 540 2309 illis
573 2266 824 2310 Paternitas
857 2267 951 2308 Tua
984 2265 1216 2316 dominum,
1261 2264 1381 2307 cuius
1413 2264 1618 2306 uoluntas
1650 2262 1693 2305 in
1737 2262 1874 2304 omni-

96 2332 175 2374 bus
206 2333 325 2375 fiat2.

217 2396 492 2453 Oenip[onti]
530 2400 582 2440 12
616 2397 805 2452 Augusti
843 2398 969 2440 1567.

985 2462 1146 2504 Seruus
1178 2461 1222 2503 in
1255 2461 1426 2504 Christo
1460 2461 1506 2505 P.
1541 2460 1751 2503 Canisius.

217 2547 244 2598 †
277 2545 522 2588 Admodum
546 2545 805 2588 Reuerendo
837 2545 882 2587 in
904 2545 1075 2587 Christo
1099 2544 1221 2587 Patri
1244 2543 1476 2586 Francisco
1509 2557 1535 2585 a
1556 2542 1720 2596 Borgia
1742 2542 1875 2584 Prae-

95 2611 238 2665 posito
273 2609 519 2666 [Generali]
555 2611 788 2654 Societatis
821 2610 976 2653 JESV.
1574 2609 1753 2651 Romae.

214 2698 368 2741 Borgias
394 2697 538 2733 Canisio
564 2698 751 2744 respondit
776 2698 833 2732 23.
861 2697 1084 2742 Septembris
1113 2697 1215 2731 1567.

215 2787 243 2818 a)
271 2787 411 2819 Sequitur
436 2785 484 2818 ad,
510 2787 601 2812 oblitt.
712 2784 742 2817 b)
770 2787 804 2810 In
831 2787 913 2810 arch.
933 2794 1008 2810 corr.
1036 2783 1305 2811 e.c‘se11andalum.
1404 2786 1430 2817 c)
1458 2785 1519 2809 Hoc
1547 2791 1569 2809 υ.
1590 2784 1625 2809 ab
1646 2784 1711 2815 ipso
1732 2785 1759 2808 C.
1780 2791 1874 2815 supra

96 2835 211 2853 versum
231 2829 374 2860 scriptum
394 2832 445 2854 est.
538 2827 568 2860 d)
596 2829 658 2853 Hoc
678 2836 702 2853 v.
723 2836 741 2852 a
763 2829 790 2853 C.
811 2836 905 2859 supra
926 2835 1042 2853 versum
1062 2828 1206 2859 scriptum
1227 2830 1276 2852 est.
1371 2827 1398 2858 e)
1426 2826 1585 2851 Duodecim
1611 2833 1655 2850 vv.
1675 2833 1733 2857 sqq.
1755 2833 1773 2850 α
1794 2827 1822 2851 C.
1842 2826 1874 2850 in

97 2871 229 2902 margine
249 2870 353 2895 addita
372 2873 450 2895 sunt.
543 2869 572 2902 f)
594 2871 733 2902 Sequitur
752 2876 823 2900 non,
844 2870 933 2894 oblitt.
1015 2869 1045 2900 g)
1068 2869 1128 2894 Hoc
1148 2876 1173 2893 v.
1194 2876 1288 2900 supra
1308 2875 1425 2893 versum
1445 2868 1589 2899 scriptum
1609 2870 1660 2892 est.

220 2968 227 2986 ¹
261 2966 454 3008 „Homines
473 2994 480 3001 .
500 2993 507 3000 .
529 2993 536 3000 .
563 2965 670 3000 huius
697 2964 889 3000 Societatis
911 2992 917 2998 .
937 2991 945 2999 .
966 2991 974 2998 .
1000 2976 1070 2998 non
1097 2964 1228 2998 debent
1255 2975 1377 2998 curam
1405 2964 1618 3005 animarum,
1645 2974 1762 3006 neque
1789 2962 1875 2996 item

97 3019 286 3054 mulierum
311 3019 574 3064 religiosarum,
609 3019 669 3053 vel
704 3019 855 3053 aliarum
892 3029 1201 3062 quarumcumque
1226 3017 1422 3062 suscipere,
1461 3019 1502 3051 ut
1527 3016 1705 3051 ordinarie
1731 3015 1873 3050 illarum

96 3073 342 3108 confessiones
368 3073 516 3108 audiant
541 3073 600 3107 vel
627 3074 726 3118 ipsas
753 3073 900 3115 regant“
934 3071 1229 3115 (Constitutiones
1255 3070 1289 3106 S.
1317 3071 1348 3105 J.
1377 3071 1416 3106 P.
1444 3071 1476 3112 6,
1504 3082 1532 3105 c.
1561 3071 1592 3112 3,
1619 3082 1652 3104 n.
1681 3070 1731 3114 5).

216 3127 229 3147 ²
256 3126 309 3161 Cf.
338 3126 393 3160 Mt
419 3127 451 3167 6,
474 3127 535 3167 1ος
564 3127 618 3166 26,
646 3127 712 3166 42;
740 3127 810 3159 Act
837 3125 892 3165 21,
924 3126 966 3159 14
992 3127 1060 3159 etc.
