<?xml version="1.0" encoding="UTF-8"?>
<!DOCTYPE html PUBLIC "-//W3C//DTD XHTML 1.0 Transitional//EN"
    "http://www.w3.org/TR/xhtml1/DTD/xhtml1-transitional.dtd">
<html xmlns="http://www.w3.org/1999/xhtml" xml:lang="en" lang="en">
 <head>
  <title>
</title>
<meta http-equiv="Content-Type" content="text/html;charset=utf-8" />
  <meta name='ocr-system' content='tesseract 3.04.00' />
  <meta name='ocr-capabilities' content='ocr_page ocr_carea ocr_par ocr_line ocrx_word'/>
</head>
<body>
  <div class='ocr_page' id='page_1' title='image "beatipetricanisi06cani_0566.png"; bbox 0 0 2044 3335; ppageno 0'>
   <div class='ocr_carea' id='block_1_1' title="bbox 141 107 1900 153">
    <p class='ocr_par' dir='ltr' id='par_1_1' title="bbox 141 107 1900 153">
     <span class='ocr_line' id='line_1_1' title="bbox 141 107 1900 153; baseline -0.001 -9"><span class='ocrx_word' id='word_1_1' title='bbox 141 112 226 153; x_wconf 84' lang='lat'>492</span> <span class='ocrx_word' id='word_1_2' title='bbox 281 111 382 145; x_wconf 87' lang='lat'>1761.</span> <span class='ocrx_word' id='word_1_3' title='bbox 402 110 457 144; x_wconf 89' lang='lat' dir='ltr'>Fr.</span> <span class='ocrx_word' id='word_1_4' title='bbox 475 110 602 144; x_wconf 85' lang='lat' dir='ltr'>Rocca.</span> <span class='ocrx_word' id='word_1_5' title='bbox 623 109 708 144; x_wconf 83' lang='lat' dir='ltr'>Can.</span> <span class='ocrx_word' id='word_1_6' title='bbox 738 108 839 142; x_wconf 76' lang='lat'>1762.</span> <span class='ocrx_word' id='word_1_7' title='bbox 860 107 943 142; x_wconf 85' lang='lat' dir='ltr'>Can.</span> <span class='ocrx_word' id='word_1_8' title='bbox 964 107 1076 142; x_wconf 84' lang='lat' dir='ltr'>Sociis</span> <span class='ocrx_word' id='word_1_9' title='bbox 1090 107 1435 142; x_wconf 86' lang='lat' dir='ltr'>Vindobonensibus.</span> <span class='ocrx_word' id='word_1_10' title='bbox 1464 108 1565 142; x_wconf 86' lang='lat'>1763.</span> <span class='ocrx_word' id='word_1_11' title='bbox 1586 108 1670 143; x_wconf 85' lang='lat' dir='ltr'>Can.</span> <span class='ocrx_word' id='word_1_12' title='bbox 1686 108 1725 143; x_wconf 84' lang='lat' dir='ltr'>P.</span> <span class='ocrx_word' id='word_1_13' title='bbox 1741 108 1900 143; x_wconf 85' lang='lat' dir='ltr'>Hoffaeo.</span> 
     </span>
    </p>
   </div>
   <div class='ocr_carea' id='block_1_2' title="bbox 138 225 1898 281">
    <p class='ocr_par' dir='ltr' id='par_1_2' title="bbox 138 225 1898 281">
     <span class='ocr_line' id='line_1_2' title="bbox 138 225 1898 281; baseline 0 -12"><span class='ocrx_word' id='word_1_14' title='bbox 138 227 249 281; x_wconf 86' lang='lat' dir='ltr'>plari</span> <span class='ocrx_word' id='word_1_15' title='bbox 282 241 359 281; x_wconf 86' lang='lat' dir='ltr'>per</span> <span class='ocrx_word' id='word_1_16' title='bbox 388 229 581 279; x_wconf 84' lang='lat' dir='ltr'>stampar</span> <span class='ocrx_word' id='word_1_17' title='bbox 613 226 655 267; x_wconf 91' lang='lat' dir='ltr'>in</span> <span class='ocrx_word' id='word_1_18' title='bbox 680 225 926 275; x_wconf 79' lang='lat' dir='ltr'>Germania,</span> <span class='ocrx_word' id='word_1_19' title='bbox 961 227 1241 267; x_wconf 82' lang='lat' dir='ltr'>oueramente</span> <span class='ocrx_word' id='word_1_20' title='bbox 1264 239 1310 266; x_wconf 89' lang='lat' dir='ltr'>se</span> <span class='ocrx_word' id='word_1_21' title='bbox 1343 225 1370 266; x_wconf 91' lang='lat' dir='ltr'>li</span> <span class='ocrx_word' id='word_1_22' title='bbox 1394 226 1674 267; x_wconf 80' lang='lat' dir='ltr'>mandaremo</span> <span class='ocrx_word' id='word_1_23' title='bbox 1709 225 1750 267; x_wconf 90' lang='lat' dir='ltr'>di</span> <span class='ocrx_word' id='word_1_24' title='bbox 1783 240 1898 279; x_wconf 89' lang='lat' dir='ltr'>qua.</span> 
     </span>
    </p>
   </div>
   <div class='ocr_carea' id='block_1_3' title="bbox 137 290 1902 474">
    <p class='ocr_par' dir='ltr' id='par_1_3' title="bbox 137 290 1902 474">
     <span class='ocr_line' id='line_1_3' title="bbox 137 290 1902 344; baseline -0.001 -10"><span class='ocrx_word' id='word_1_25' title='bbox 137 307 222 334; x_wconf 90' lang='lat' dir='ltr'>non</span> <span class='ocrx_word' id='word_1_26' title='bbox 266 304 441 333; x_wconf 87' lang='lat' dir='ltr'>occorre</span> <span class='ocrx_word' id='word_1_27' title='bbox 484 291 596 332; x_wconf 87' lang='lat' dir='ltr'>altro</span> <span class='ocrx_word' id='word_1_28' title='bbox 639 304 716 344; x_wconf 88' lang='lat' dir='ltr'>per</span> <span class='ocrx_word' id='word_1_29' title='bbox 758 293 913 343; x_wconf 86' lang='lat' dir='ltr'>questa</span> <span class='ocrx_word' id='word_1_30' title='bbox 947 325 954 332; x_wconf 93' lang='lat'>.</span> <span class='ocrx_word' id='word_1_31' title='bbox 988 304 1034 331; x_wconf 91' lang='lat' dir='ltr'>se</span> <span class='ocrx_word' id='word_1_32' title='bbox 1067 304 1152 331; x_wconf 86' lang='lat' dir='ltr'>non</span> <span class='ocrx_word' id='word_1_33' title='bbox 1185 291 1264 331; x_wconf 89' lang='lat' dir='ltr'>che</span> <span class='ocrx_word' id='word_1_34' title='bbox 1305 290 1363 331; x_wconf 89' lang='lat' dir='ltr'>mi</span> <span class='ocrx_word' id='word_1_35' title='bbox 1394 292 1681 332; x_wconf 84' lang='lat' dir='ltr'>raecomando</span> <span class='ocrx_word' id='word_1_36' title='bbox 1714 297 1784 334; x_wconf 83' lang='lat' dir='ltr'>etc.</span> <span class='ocrx_word' id='word_1_37' title='bbox 1848 290 1902 332; x_wconf 93' lang='lat' dir='ltr'>Di</span> 
     </span>
     <span class='ocr_line' id='line_1_4' title="bbox 137 355 951 398; baseline -0.001 0"><span class='ocrx_word' id='word_1_38' title='bbox 137 357 276 398; x_wconf 87' lang='lat' dir='ltr'>Roma</span> <span class='ocrx_word' id='word_1_39' title='bbox 307 355 337 397; x_wconf 90' lang='lat' dir='ltr'>li</span> <span class='ocrx_word' id='word_1_40' title='bbox 371 357 439 398; x_wconf 79' lang='lat'>24.</span> <span class='ocrx_word' id='word_1_41' title='bbox 469 355 509 396; x_wconf 86' lang='lat' dir='ltr'>di</span> <span class='ocrx_word' id='word_1_42' title='bbox 542 355 789 397; x_wconf 82' lang='lat' dir='ltr'>Nouembre</span> <span class='ocrx_word' id='word_1_43' title='bbox 828 356 951 398; x_wconf 81' lang='grc'><strong>1571.</strong></span> 
     </span>
     <span class='ocr_line' id='line_1_5' title="bbox 256 418 1900 474; baseline 0 -13"><span class='ocrx_word' id='word_1_44' title='bbox 256 445 302 448; x_wconf 72' lang='lat'>—-</span> <span class='ocrx_word' id='word_1_45' title='bbox 333 426 415 448; x_wconf 68' lang='lat'>——·²</span> <span class='ocrx_word' id='word_1_46' title='bbox 437 420 466 461; x_wconf 90' lang='lat' dir='ltr'>il</span> <span class='ocrx_word' id='word_1_47' title='bbox 501 420 757 462; x_wconf 88' lang='lat' dir='ltr'>medessimo</span> <span class='ocrx_word' id='word_1_48' title='bbox 791 421 941 462; x_wconf 87' lang='lat' dir='ltr'>effetto</span> <span class='ocrx_word' id='word_1_49' title='bbox 974 419 1009 460; x_wconf 90' lang='lat' dir='ltr'>si</span> <span class='ocrx_word' id='word_1_50' title='bbox 1044 418 1243 461; x_wconf 87' lang='lat' dir='ltr'>desidera</span> <span class='ocrx_word' id='word_1_51' title='bbox 1281 422 1325 461; x_wconf 88' lang='lat' dir='ltr'>et</span> <span class='ocrx_word' id='word_1_52' title='bbox 1357 422 1390 460; x_wconf 88' lang='lat' dir='ltr'>s’</span> <span class='ocrx_word' id='word_1_53' title='bbox 1410 419 1465 461; x_wconf 90' lang='lat' dir='ltr'>ha</span> <span class='ocrx_word' id='word_1_54' title='bbox 1499 420 1554 461; x_wconf 86' lang='lat' dir='ltr'>da</span> <span class='ocrx_word' id='word_1_55' title='bbox 1585 433 1795 474; x_wconf 86' lang='lat' dir='ltr'>procurar</span> <span class='ocrx_word' id='word_1_56' title='bbox 1825 434 1900 462; x_wconf 90' lang='lat' dir='ltr'>an—</span> 
     </span>
    </p>
   </div>
   <div class='ocr_carea' id='block_1_4' title="bbox 137 484 1901 593">
    <p class='ocr_par' dir='ltr' id='par_1_4' title="bbox 137 484 1901 593">
     <span class='ocr_line' id='line_1_6' title="bbox 138 484 1901 539; baseline 0 -12"><span class='ocrx_word' id='word_1_57' title='bbox 138 499 238 527; x_wconf 88' lang='lat' dir='ltr'>cora</span> <span class='ocrx_word' id='word_1_58' title='bbox 278 499 356 539; x_wconf 84' lang='lat' dir='ltr'>per</span> <span class='ocrx_word' id='word_1_59' title='bbox 396 484 425 526; x_wconf 89' lang='lat' dir='ltr'>i]</span> <span class='ocrx_word' id='word_1_60' title='bbox 467 485 514 527; x_wconf 90' lang='lat' dir='ltr'>P.</span> <span class='ocrx_word' id='word_1_61' title='bbox 548 485 771 526; x_wconf 86' lang='lat' dir='ltr'>Lorenzo1</span> <span class='ocrx_word' id='word_1_62' title='bbox 805 520 813 528; x_wconf 90' lang='lat'>.</span> <span class='ocrx_word' id='word_1_63' title='bbox 847 499 918 527; x_wconf 88' lang='lat' dir='ltr'>ma</span> <span class='ocrx_word' id='word_1_64' title='bbox 959 485 1024 526; x_wconf 87' lang='lat' dir='ltr'>sia</span> <span class='ocrx_word' id='word_1_65' title='bbox 1064 484 1246 538; x_wconf 83' lang='lat' dir='ltr'>giuditio</span> <span class='ocrx_word' id='word_1_66' title='bbox 1281 484 1321 526; x_wconf 82' lang='lat' dir='ltr'>di</span> <span class='ocrx_word' id='word_1_67' title='bbox 1355 485 1406 526; x_wconf 89' lang='lat' dir='ltr'>V.</span> <span class='ocrx_word' id='word_1_68' title='bbox 1443 485 1491 527; x_wconf 79' lang='lat' dir='ltr'>R.</span> <span class='ocrx_word' id='word_1_69' title='bbox 1526 498 1572 526; x_wconf 92' lang='lat' dir='ltr'>se</span> <span class='ocrx_word' id='word_1_70' title='bbox 1604 485 1814 527; x_wconf 86' lang='lat' dir='ltr'>l’hauera</span> <span class='ocrx_word' id='word_1_71' title='bbox 1847 485 1901 527; x_wconf 88' lang='lat' dir='ltr'>da</span> 
     </span>
     <span class='ocr_line' id='line_1_7' title="bbox 137 550 802 593; baseline 0.003 -2"><span class='ocrx_word' id='word_1_72' title='bbox 137 553 279 592; x_wconf 89' lang='lat' dir='ltr'>tratar</span> <span class='ocrx_word' id='word_1_73' title='bbox 311 550 465 591; x_wconf 84' lang='lat' dir='ltr'>adesso</span> <span class='ocrx_word' id='word_1_74' title='bbox 499 550 553 592; x_wconf 88' lang='lat' dir='ltr'>da</span> <span class='ocrx_word' id='word_1_75' title='bbox 586 550 645 591; x_wconf 91' lang='lat' dir='ltr'>lui</span> <span class='ocrx_word' id='word_1_76' title='bbox 677 564 701 590; x_wconf 88' lang='lat' dir='ltr'>o</span> <span class='ocrx_word' id='word_1_77' title='bbox 734 564 802 593; x_wconf 88' lang='lat' dir='ltr'>no.</span> 
     </span>
    </p>
   </div>
   <div class='ocr_carea' id='block_1_5' title="bbox 135 623 1902 1150">
    <p class='ocr_par' dir='ltr' id='par_1_5' title="bbox 135 623 1902 1097">
     <span class='ocr_line' id='line_1_8' title="bbox 256 623 1901 670; baseline 0.001 -11"><span class='ocrx_word' id='word_1_78' title='bbox 256 626 311 659; x_wconf 84' lang='lat' dir='ltr'>Ex</span> <span class='ocrx_word' id='word_1_79' title='bbox 339 625 448 660; x_wconf 90' lang='lat' dir='ltr'>hoece</span> <span class='ocrx_word' id='word_1_80' title='bbox 480 626 743 670; x_wconf 83' lang='lat' dir='ltr'>„Postscripto“</span> <span class='ocrx_word' id='word_1_81' title='bbox 773 625 863 660; x_wconf 88' lang='lat' dir='ltr'>haec</span> <span class='ocrx_word' id='word_1_82' title='bbox 890 624 1170 669; x_wconf 85' lang='lat' dir='ltr'>intelleguntur:</span> <span class='ocrx_word' id='word_1_83' title='bbox 1207 623 1274 665; x_wconf 83' lang='lat' dir='ltr'>Qui</span> <span class='ocrx_word' id='word_1_84' title='bbox 1301 625 1491 670; x_wconf 77' lang='lat' dir='ltr'><strong>epistulam</strong></span> <span class='ocrx_word' id='word_1_85' title='bbox 1518 625 1611 659; x_wconf 88' lang='lat' dir='ltr'>hanc</span> <span class='ocrx_word' id='word_1_86' title='bbox 1646 626 1681 660; x_wconf 91' lang='lat' dir='ltr'>in</span> <span class='ocrx_word' id='word_1_87' title='bbox 1707 626 1901 669; x_wconf 81' lang='lat' dir='ltr'>registrum</span> 
     </span>
     <span class='ocr_line' id='line_1_9' title="bbox 135 678 1900 724; baseline 0.001 -12"><span class='ocrx_word' id='word_1_88' title='bbox 135 678 385 723; x_wconf 79' lang='lat' dir='ltr'>transcripsit,</span> <span class='ocrx_word' id='word_1_89' title='bbox 425 690 469 712; x_wconf 83' lang='lat' dir='ltr'>ex</span> <span class='ocrx_word' id='word_1_90' title='bbox 508 679 738 722; x_wconf 78' lang='lat' dir='ltr'>neglegentia</span> <span class='ocrx_word' id='word_1_91' title='bbox 781 679 902 723; x_wconf 84' lang='lat' dir='ltr'>aliqua</span> <span class='ocrx_word' id='word_1_92' title='bbox 937 679 1075 719; x_wconf 86' lang='lat' dir='ltr'>omisit,</span> <span class='ocrx_word' id='word_1_93' title='bbox 1115 689 1206 722; x_wconf 86' lang='lat' dir='ltr'>quae</span> <span class='ocrx_word' id='word_1_94' title='bbox 1241 680 1304 712; x_wconf 87' lang='lat' dir='ltr'>aut</span> <span class='ocrx_word' id='word_1_95' title='bbox 1343 679 1379 712; x_wconf 87' lang='lat' dir='ltr'>in</span> <span class='ocrx_word' id='word_1_96' title='bbox 1417 678 1494 723; x_wconf 90' lang='lat' dir='ltr'>ipso</span> <span class='ocrx_word' id='word_1_97' title='bbox 1530 691 1675 724; x_wconf 87' lang='lat' dir='ltr'>corpore</span> <span class='ocrx_word' id='word_1_98' title='bbox 1714 680 1900 724; x_wconf 77' lang='lat' dir='ltr'>epistulae,</span> 
     </span>
     <span class='ocr_line' id='line_1_10' title="bbox 137 732 1902 777; baseline 0.001 -11"><span class='ocrx_word' id='word_1_99' title='bbox 137 734 200 766; x_wconf 89' lang='lat' dir='ltr'>aut</span> <span class='ocrx_word' id='word_1_100' title='bbox 225 732 387 777; x_wconf 78' lang='lat' dir='ltr'>proxime</span> <span class='ocrx_word' id='word_1_101' title='bbox 414 734 497 777; x_wconf 90' lang='lat' dir='ltr'>post</span> <span class='ocrx_word' id='word_1_102' title='bbox 522 732 620 774; x_wconf 85' lang='lat' dir='ltr'>illud,</span> <span class='ocrx_word' id='word_1_103' title='bbox 657 736 740 766; x_wconf 82' lang='lat' dir='ltr'>ante</span> <span class='ocrx_word' id='word_1_104' title='bbox 768 733 878 766; x_wconf 83' lang='lat' dir='ltr'>verba</span> <span class='ocrx_word' id='word_1_105' title='bbox 909 732 952 774; x_wconf 83' lang='lat' dir='ltr'>„il</span> <span class='ocrx_word' id='word_1_106' title='bbox 979 732 1212 765; x_wconf 83' lang='lat' dir='ltr'>medessim0“</span> <span class='ocrx_word' id='word_1_107' title='bbox 1244 734 1310 765; x_wconf 87' lang='lat' dir='ltr'>etc.</span> <span class='ocrx_word' id='word_1_108' title='bbox 1338 733 1455 776; x_wconf 83' lang='lat' dir='ltr'>posita</span> <span class='ocrx_word' id='word_1_109' title='bbox 1482 739 1593 766; x_wconf 82' lang='lat' dir='ltr'>eraut.</span> <span class='ocrx_word' id='word_1_110' title='bbox 1646 733 1700 766; x_wconf 86' lang='lat' dir='ltr'>Ex</span> <span class='ocrx_word' id='word_1_111' title='bbox 1736 733 1902 777; x_wconf 80' lang='lat' dir='ltr'>epistulis</span> 
     </span>
     <span class='ocr_line' id='line_1_11' title="bbox 136 785 1900 830; baseline 0.001 -11"><span class='ocrx_word' id='word_1_112' title='bbox 136 787 255 819; x_wconf 86' lang='lat' dir='ltr'>autem</span> <span class='ocrx_word' id='word_1_113' title='bbox 281 785 526 830; x_wconf 86' lang='lat' dir='ltr'>superioribus</span> <span class='ocrx_word' id='word_1_114' title='bbox 556 786 604 828; x_wconf 90' lang='lat' dir='ltr'>(v.</span> <span class='ocrx_word' id='word_1_115' title='bbox 633 797 740 830; x_wconf 86' lang='lat' dir='ltr'>supra</span> <span class='ocrx_word' id='word_1_116' title='bbox 767 797 800 830; x_wconf 88' lang='lat' dir='ltr'>p.</span> <span class='ocrx_word' id='word_1_117' title='bbox 827 785 912 827; x_wconf 76' lang='lat'>482)</span> <span class='ocrx_word' id='word_1_118' title='bbox 942 788 978 818; x_wconf 85' lang='lat' dir='ltr'>et</span> <span class='ocrx_word' id='word_1_119' title='bbox 1013 797 1057 819; x_wconf 85' lang='lat' dir='ltr'>ex</span> <span class='ocrx_word' id='word_1_120' title='bbox 1093 785 1225 818; x_wconf 80' lang='lat' dir='ltr'>litteris</span> <span class='ocrx_word' id='word_1_121' title='bbox 1252 785 1385 819; x_wconf 83' lang='lat' dir='ltr'>Canisii</span> <span class='ocrx_word' id='word_1_122' title='bbox 1417 786 1468 819; x_wconf 96' lang='lat'>17.</span> <span class='ocrx_word' id='word_1_123' title='bbox 1496 786 1704 820; x_wconf 84' lang='lat' dir='ltr'>Decembris</span> <span class='ocrx_word' id='word_1_124' title='bbox 1732 787 1819 820; x_wconf 91' lang='grc'><strong>1571</strong></span> <span class='ocrx_word' id='word_1_125' title='bbox 1857 787 1900 820; x_wconf 89' lang='lat' dir='ltr'>ad</span> 
     </span>
     <span class='ocr_line' id='line_1_12' title="bbox 136 837 1902 884; baseline 0.001 -12"><span class='ocrx_word' id='word_1_126' title='bbox 136 838 302 873; x_wconf 80' lang='lat' dir='ltr'>Natalem</span> <span class='ocrx_word' id='word_1_127' title='bbox 330 839 423 872; x_wconf 85' lang='lat' dir='ltr'>datis</span> <span class='ocrx_word' id='word_1_128' title='bbox 452 839 527 880; x_wconf 92' lang='lat' dir='ltr'>(ubi</span> <span class='ocrx_word' id='word_1_129' title='bbox 562 839 593 872; x_wconf 90' lang='lat' dir='ltr'>is</span> <span class='ocrx_word' id='word_1_130' title='bbox 623 839 819 881; x_wconf 71' lang='lat' dir='ltr'>„Literas“‚</span> <span class='ocrx_word' id='word_1_131' title='bbox 855 839 982 882; x_wconf 81' lang='lat' dir='ltr'>inquit,</span> <span class='ocrx_word' id='word_1_132' title='bbox 1015 837 1074 880; x_wconf 67' lang='grc' dir='ltr'>7Β.</span> <span class='ocrx_word' id='word_1_133' title='bbox 1103 838 1141 872; x_wconf 90' lang='lat' dir='ltr'>T.</span> <span class='ocrx_word' id='word_1_134' title='bbox 1170 839 1226 872; x_wconf 78' lang='lat'>24.</span> <span class='ocrx_word' id='word_1_135' title='bbox 1254 838 1468 872; x_wconf 89' lang='lat' dir='ltr'>Nouembris</span> <span class='ocrx_word' id='word_1_136' title='bbox 1503 839 1624 881; x_wconf 82' lang='lat' dir='ltr'>datas,</span> <span class='ocrx_word' id='word_1_137' title='bbox 1661 843 1697 873; x_wconf 83' lang='lat' dir='ltr'>et</span> <span class='ocrx_word' id='word_1_138' title='bbox 1731 839 1776 884; x_wconf 85' lang='lat' dir='ltr'>ijs</span> <span class='ocrx_word' id='word_1_139' title='bbox 1812 839 1902 873; x_wconf 81' lang='lat' dir='ltr'>alias</span> 
     </span>
     <span class='ocr_line' id='line_1_13' title="bbox 135 891 1901 938; baseline 0.001 -13"><span class='ocrx_word' id='word_1_140' title='bbox 135 891 174 925; x_wconf 82' lang='lat' dir='ltr'>P.</span> <span class='ocrx_word' id='word_1_141' title='bbox 203 891 398 926; x_wconf 84' lang='lat' dir='ltr'>Guilhelmi</span> <span class='ocrx_word' id='word_1_142' title='bbox 433 892 639 933; x_wconf 81' lang='lat' dir='ltr'>adiunctas,</span> <span class='ocrx_word' id='word_1_143' title='bbox 679 892 735 926; x_wconf 89' lang='lat' dir='ltr'>his</span> <span class='ocrx_word' id='word_1_144' title='bbox 775 892 898 926; x_wconf 85' lang='lat' dir='ltr'>diebus</span> <span class='ocrx_word' id='word_1_145' title='bbox 933 891 1076 936; x_wconf 62' lang='lat' dir='ltr'>accepi*</span> <span class='ocrx_word' id='word_1_146' title='bbox 1114 891 1198 935; x_wconf 86' lang='lat' dir='ltr'>etc.)</span> <span class='ocrx_word' id='word_1_147' title='bbox 1236 891 1458 934; x_wconf 82' lang='lat' dir='ltr'>intellegitur</span> <span class='ocrx_word' id='word_1_148' title='bbox 1491 891 1657 926; x_wconf 82' lang='lat' dir='ltr'>Natalem</span> <span class='ocrx_word' id='word_1_149' title='bbox 1693 893 1901 938; x_wconf 87' lang='lat' dir='ltr'>scripsisse:</span> 
     </span>
     <span class='ocr_line' id='line_1_14' title="bbox 135 944 1902 987; baseline 0.001 -9"><span class='ocrx_word' id='word_1_150' title='bbox 135 946 174 979; x_wconf 90' lang='lat' dir='ltr'>P.</span> <span class='ocrx_word' id='word_1_151' title='bbox 203 944 446 979; x_wconf 89' lang='lat' dir='ltr'>Guilhelmum</span> <span class='ocrx_word' id='word_1_152' title='bbox 474 945 627 979; x_wconf 80' lang='lat' dir='ltr'>Elderen</span> <span class='ocrx_word' id='word_1_153' title='bbox 654 945 855 986; x_wconf 83' lang='lat' dir='ltr'>Florentia,</span> <span class='ocrx_word' id='word_1_154' title='bbox 893 945 952 979; x_wconf 86' lang='lat' dir='ltr'>ubi</span> <span class='ocrx_word' id='word_1_155' title='bbox 979 945 1132 979; x_wconf 83' lang='lat' dir='ltr'>Ioannae</span> <span class='ocrx_word' id='word_1_156' title='bbox 1159 945 1323 979; x_wconf 80' lang='lat' dir='ltr'>ducissae</span> <span class='ocrx_word' id='word_1_157' title='bbox 1349 945 1590 979; x_wconf 84' lang='lat' dir='ltr'>confessarius</span> <span class='ocrx_word' id='word_1_158' title='bbox 1617 946 1755 987; x_wconf 82' lang='lat' dir='ltr'>fuerat,</span> <span class='ocrx_word' id='word_1_159' title='bbox 1789 945 1902 980; x_wconf 82' lang='lat' dir='ltr'>Roma</span> 
     </span>
     <span class='ocr_line' id='line_1_15' title="bbox 136 997 1902 1043; baseline 0 -10"><span class='ocrx_word' id='word_1_160' title='bbox 136 998 368 1039; x_wconf 85' lang='lat' dir='ltr'>arcessitum,</span> <span class='ocrx_word' id='word_1_161' title='bbox 404 999 438 1032; x_wconf 89' lang='lat' dir='ltr'>in</span> <span class='ocrx_word' id='word_1_162' title='bbox 467 997 695 1032; x_wconf 83' lang='lat' dir='ltr'>Germaniam</span> <span class='ocrx_word' id='word_1_163' title='bbox 731 1011 752 1032; x_wconf 89' lang='lat' dir='ltr'>a</span> <span class='ocrx_word' id='word_1_164' title='bbox 787 1010 825 1033; x_wconf 90' lang='lat' dir='ltr'>se</span> <span class='ocrx_word' id='word_1_165' title='bbox 852 998 986 1032; x_wconf 77' lang='lat' dir='ltr'>remitti</span> <span class='ocrx_word' id='word_1_166' title='bbox 1013 1010 1057 1032; x_wconf 82' lang='lat' dir='ltr'>ex</span> <span class='ocrx_word' id='word_1_167' title='bbox 1092 999 1222 1039; x_wconf 87' lang='lat' dir='ltr'>causis,</span> <span class='ocrx_word' id='word_1_168' title='bbox 1259 1010 1348 1042; x_wconf 87' lang='lat' dir='ltr'>quas</span> <span class='ocrx_word' id='word_1_169' title='bbox 1383 999 1459 1043; x_wconf 87' lang='lat' dir='ltr'>ipse</span> <span class='ocrx_word' id='word_1_170' title='bbox 1487 998 1639 1033; x_wconf 88' lang='lat' dir='ltr'>Elderen</span> <span class='ocrx_word' id='word_1_171' title='bbox 1666 999 1902 1043; x_wconf 85' lang='lat' dir='ltr'>Magdalenae</span> 
     </span>
     <span class='ocr_line' id='line_1_16' title="bbox 136 1051 1901 1097; baseline 0.001 -12"><span class='ocrx_word' id='word_1_172' title='bbox 136 1052 280 1096; x_wconf 84' lang='lat' dir='ltr'>reginae</span> <span class='ocrx_word' id='word_1_173' title='bbox 306 1052 342 1085; x_wconf 92' lang='lat' dir='ltr'>in</span> <span class='ocrx_word' id='word_1_174' title='bbox 369 1051 525 1096; x_wconf 85' lang='lat' dir='ltr'>epistula</span> <span class='ocrx_word' id='word_1_175' title='bbox 550 1051 681 1086; x_wconf 89' lang='lat' dir='ltr'>litteris</span> <span class='ocrx_word' id='word_1_176' title='bbox 698 1052 840 1086; x_wconf 78' lang='lat' dir='ltr'>Natalis</span> <span class='ocrx_word' id='word_1_177' title='bbox 859 1053 1028 1086; x_wconf 84' lang='lat' dir='ltr'>adiuncta</span> <span class='ocrx_word' id='word_1_178' title='bbox 1054 1052 1313 1095; x_wconf 82' lang='lat' dir='ltr'>significasset;</span> <span class='ocrx_word' id='word_1_179' title='bbox 1343 1052 1387 1086; x_wconf 85' lang='lat' dir='ltr'>cf.</span> <span class='ocrx_word' id='word_1_180' title='bbox 1408 1052 1515 1086; x_wconf 86' lang='lat' dir='ltr'>etiam</span> <span class='ocrx_word' id='word_1_181' title='bbox 1541 1053 1645 1093; x_wconf 82' lang='lat' dir='ltr'>infra,</span> <span class='ocrx_word' id='word_1_182' title='bbox 1672 1064 1726 1097; x_wconf 90' lang='lat' dir='ltr'>ep.</span> <span class='ocrx_word' id='word_1_183' title='bbox 1745 1065 1779 1087; x_wconf 91' lang='grc'>11.</span> <span class='ocrx_word' id='word_1_184' title='bbox 1802 1053 1901 1087; x_wconf 80' lang='grc'><strong>1765.</strong></span> 
     </span>
    </p>

    <p class='ocr_par' dir='ltr' id='par_1_6' title="bbox 257 1104 1230 1150">
     <span class='ocr_line' id='line_1_17' title="bbox 257 1104 1230 1150; baseline -0.001 -10"><span class='ocrx_word' id='word_1_185' title='bbox 257 1104 422 1140; x_wconf 85' lang='lat' dir='ltr'>Canisius</span> <span class='ocrx_word' id='word_1_186' title='bbox 448 1104 571 1139; x_wconf 83' lang='lat' dir='ltr'>Natali</span> <span class='ocrx_word' id='word_1_187' title='bbox 597 1106 781 1150; x_wconf 85' lang='lat' dir='ltr'>respondit</span> <span class='ocrx_word' id='word_1_188' title='bbox 810 1107 863 1140; x_wconf 91' lang='lat'>17.</span> <span class='ocrx_word' id='word_1_189' title='bbox 892 1105 1101 1140; x_wconf 87' lang='lat' dir='ltr'>Decembris</span> <span class='ocrx_word' id='word_1_190' title='bbox 1130 1106 1230 1139; x_wconf 87' lang='grc'><strong>1571.</strong></span> 
     </span>
    </p>
   </div>
   <div class='ocr_carea' id='block_1_6' title="bbox 137 1225 1900 1316">
    <p class='ocr_par' dir='ltr' id='par_1_7' title="bbox 137 1225 1900 1316">
     <span class='ocr_line' id='line_1_18' title="bbox 137 1225 1900 1271; baseline 0.001 -10"><span class='ocrx_word' id='word_1_191' title='bbox 137 1226 280 1262; x_wconf 72' lang='grc'><strong>1761.</strong></span> <span class='ocrx_word' id='word_1_192' title='bbox 379 1225 439 1262; x_wconf 84' lang='lat' dir='ltr'>P.</span> <span class='ocrx_word' id='word_1_193' title='bbox 467 1225 895 1263; x_wconf 80' lang='lat' dir='ltr'>FRANCISCUS</span> <span class='ocrx_word' id='word_1_194' title='bbox 923 1226 969 1262; x_wconf 47' lang='lat'>⁴4</span> <span class='ocrx_word' id='word_1_195' title='bbox 996 1225 1225 1263; x_wconf 70' lang='lat' dir='ltr'>ROCCA</span> <span class='ocrx_word' id='word_1_196' title='bbox 1253 1226 1306 1263; x_wconf 82' lang='lat' dir='ltr'>S.</span> <span class='ocrx_word' id='word_1_197' title='bbox 1334 1226 1388 1263; x_wconf 87' lang='lat' dir='ltr'>J.</span> <span class='ocrx_word' id='word_1_198' title='bbox 1416 1228 1557 1271; x_wconf 79' lang='lat' dir='ltr'>collegii</span> <span class='ocrx_word' id='word_1_199' title='bbox 1590 1228 1817 1262; x_wconf 87' lang='lat' dir='ltr'>ferrariensis</span> <span class='ocrx_word' id='word_1_200' title='bbox 1849 1239 1900 1262; x_wconf 87' lang='lat' dir='ltr'>so-</span> 
     </span>
     <span class='ocr_line' id='line_1_19' title="bbox 326 1280 1853 1316; baseline 0.001 -2"><span class='ocrx_word' id='word_1_201' title='bbox 326 1280 418 1314; x_wconf 86' lang='lat' dir='ltr'>dalis</span> <span class='ocrx_word' id='word_1_202' title='bbox 444 1280 645 1315; x_wconf 85' lang='lat' dir='ltr'>CANlSlO.</span> <span class='ocrx_word' id='word_1_203' title='bbox 1135 1281 1298 1315; x_wconf 80' lang='lat' dir='ltr'>Ferraria</span> <span class='ocrx_word' id='word_1_204' title='bbox 1324 1281 1425 1315; x_wconf 86' lang='lat' dir='ltr'>initio</span> <span class='ocrx_word' id='word_1_205' title='bbox 1452 1293 1496 1315; x_wconf 93' lang='lat' dir='ltr'>m.</span> <span class='ocrx_word' id='word_1_206' title='bbox 1517 1281 1724 1316; x_wconf 87' lang='lat' dir='ltr'>Decembris</span> <span class='ocrx_word' id='word_1_207' title='bbox 1753 1282 1853 1316; x_wconf 88' lang='grc'><strong>1571.</strong></span> 
     </span>
    </p>
   </div>
   <div class='ocr_carea' id='block_1_7' title="bbox 135 1346 1904 1657">
    <p class='ocr_par' dir='ltr' id='par_1_8' title="bbox 135 1346 1904 1657">
     <span class='ocr_line' id='line_1_20' title="bbox 255 1346 1904 1391; baseline 0.001 -12"><span class='ocrx_word' id='word_1_208' title='bbox 255 1347 314 1379; x_wconf 64' lang='lat' dir='ltr'>Ea:</span> <span class='ocrx_word' id='word_1_209' title='bbox 342 1346 483 1379; x_wconf 74' lang='lat' dir='ltr'>Cani-sii</span> <span class='ocrx_word' id='word_1_210' title='bbox 517 1347 644 1380; x_wconf 80' lang='lat' dir='ltr'>litteris</span> <span class='ocrx_word' id='word_1_211' title='bbox 674 1347 863 1389; x_wconf 79' lang='lat' dir='ltr'>Oeniponte</span> <span class='ocrx_word' id='word_1_212' title='bbox 890 1349 945 1380; x_wconf 82' lang='grc'>12.</span> <span class='ocrx_word' id='word_1_213' title='bbox 973 1347 1174 1380; x_wconf 82' lang='lat' dir='ltr'>Decembris</span> <span class='ocrx_word' id='word_1_214' title='bbox 1203 1349 1291 1380; x_wconf 85' lang='lat'>1571</span> <span class='ocrx_word' id='word_1_215' title='bbox 1328 1348 1375 1380; x_wconf 83' lang='lat' dir='ltr'>ad</span> <span class='ocrx_word' id='word_1_216' title='bbox 1409 1348 1560 1380; x_wconf 85' lang='lat' dir='ltr'>Roccam</span> <span class='ocrx_word' id='word_1_217' title='bbox 1594 1348 1654 1388; x_wconf 90' lang='lat' dir='ltr'>(de</span> <span class='ocrx_word' id='word_1_218' title='bbox 1688 1358 1757 1391; x_wconf 78' lang='lat' dir='ltr'>qao</span> <span class='ocrx_word' id='word_1_219' title='bbox 1790 1358 1904 1390; x_wconf 79' lang='lat' dir='ltr'>snpra</span> 
     </span>
     <span class='ocr_line' id='line_1_21' title="bbox 136 1401 1903 1444; baseline 0.002 -12"><span class='ocrx_word' id='word_1_220' title='bbox 136 1411 169 1444; x_wconf 92' lang='lat' dir='ltr'>p.</span> <span class='ocrx_word' id='word_1_221' title='bbox 195 1401 283 1440; x_wconf 81' lang='lat'><em>357)</em></span> <span class='ocrx_word' id='word_1_222' title='bbox 310 1401 404 1433; x_wconf 77' lang='lat' dir='ltr'>datis</span> <span class='ocrx_word' id='word_1_223' title='bbox 431 1401 653 1443; x_wconf 62' lang='lat' dir='ltr'>intdleffltnr,</span> <span class='ocrx_word' id='word_1_224' title='bbox 680 1402 832 1434; x_wconf 76' lang='lat' dir='ltr'>Boccam</span> <span class='ocrx_word' id='word_1_225' title='bbox 859 1402 1038 1434; x_wconf 84' lang='lat' dir='ltr'>Ferraria</span> <span class='ocrx_word' id='word_1_226' title='bbox 1058 1412 1127 1443; x_wconf 80' lang='lat' dir='ltr'>per</span> <span class='ocrx_word' id='word_1_227' title='bbox 1152 1403 1308 1434; x_wconf 84' lang='lat' dir='ltr'>comitem</span> <span class='ocrx_word' id='word_1_228' title='bbox 1336 1402 1535 1444; x_wconf 74' lang='lat' dir='ltr'>Scipionem</span> <span class='ocrx_word' id='word_1_229' title='bbox 1563 1402 1805 1444; x_wconf 50' lang='lat' dir='ltr'>(Fiescanae),</span> <span class='ocrx_word' id='word_1_230' title='bbox 1841 1403 1903 1444; x_wconf 78' lang='lat' dir='ltr'>qui</span> 
     </span>
     <span class='ocr_line' id='line_1_22' title="bbox 138 1454 1903 1497; baseline 0.001 -11"><span class='ocrx_word' id='word_1_231' title='bbox 138 1465 214 1486; x_wconf 83' lang='lat' dir='ltr'>cnm</span> <span class='ocrx_word' id='word_1_232' title='bbox 250 1454 432 1496; x_wconf 78' lang='lat' dir='ltr'>Alplionso</span> <span class='ocrx_word' id='word_1_233' title='bbox 460 1455 508 1487; x_wconf 84' lang='grc' dir='ltr'><strong>ΙΙ.</strong></span> <span class='ocrx_word' id='word_1_234' title='bbox 536 1454 736 1487; x_wconf 80' lang='lat' dir='ltr'>Ferrariac</span> <span class='ocrx_word' id='word_1_235' title='bbox 771 1455 856 1487; x_wconf 77' lang='lat' dir='ltr'>duce</span> <span class='ocrx_word' id='word_1_236' title='bbox 892 1454 1131 1487; x_wconf 70' lang='lat' dir='ltr'>Vindobonam</span> <span class='ocrx_word' id='word_1_237' title='bbox 1162 1459 1283 1497; x_wconf 80' lang='lat' dir='ltr'>petens</span> <span class='ocrx_word' id='word_1_238' title='bbox 1312 1466 1381 1497; x_wconf 85' lang='lat' dir='ltr'>per</span> <span class='ocrx_word' id='word_1_239' title='bbox 1419 1454 1642 1497; x_wconf 80' lang='lat' dir='ltr'>Oenipontem</span> <span class='ocrx_word' id='word_1_240' title='bbox 1679 1456 1903 1488; x_wconf 71' lang='lat' dir='ltr'>transiturus</span> 
     </span>
     <span class='ocr_line' id='line_1_23' title="bbox 137 1507 1903 1552; baseline 0.001 -13"><span class='ocrx_word' id='word_1_241' title='bbox 137 1513 223 1549; x_wconf 84' lang='lat' dir='ltr'>erat,</span> <span class='ocrx_word' id='word_1_242' title='bbox 254 1507 398 1540; x_wconf 77' lang='lat' dir='ltr'>Oct-nisio</span> <span class='ocrx_word' id='word_1_243' title='bbox 425 1507 610 1550; x_wconf 70' lang='lat' dir='ltr'>epistulam</span> <span class='ocrx_word' id='word_1_244' title='bbox 637 1509 780 1549; x_wconf 79' lang='lat' dir='ltr'>misisse,</span> <span class='ocrx_word' id='word_1_245' title='bbox 808 1519 878 1551; x_wconf 75' lang='lat' dir='ltr'>qna</span> <span class='ocrx_word' id='word_1_246' title='bbox 906 1509 1061 1540; x_wconf 78' lang='lat' dir='ltr'>comitem</span> <span class='ocrx_word' id='word_1_247' title='bbox 1089 1508 1189 1540; x_wconf 77' lang='lat' dir='ltr'>illam</span> <span class='ocrx_word' id='word_1_248' title='bbox 1215 1510 1246 1540; x_wconf 84' lang='lat' dir='ltr'>ei</span> <span class='ocrx_word' id='word_1_249' title='bbox 1272 1508 1534 1541; x_wconf 77' lang='lat' dir='ltr'>commendabat</span> <span class='ocrx_word' id='word_1_250' title='bbox 1551 1519 1696 1552; x_wconf 77' lang='lat' dir='ltr'>eamque</span> <span class='ocrx_word' id='word_1_251' title='bbox 1721 1510 1903 1541; x_wconf 78' lang='lat' dir='ltr'>certiorem</span> 
     </span>
     <span class='ocr_line' id='line_1_24' title="bbox 135 1561 1902 1604; baseline 0.001 -11"><span class='ocrx_word' id='word_1_252' title='bbox 135 1561 299 1603; x_wconf 74' lang='lat' dir='ltr'>faciebat,</span> <span class='ocrx_word' id='word_1_253' title='bbox 335 1571 371 1593; x_wconf 87' lang='lat' dir='ltr'>se</span> <span class='ocrx_word' id='word_1_254' title='bbox 394 1565 542 1603; x_wconf 79' lang='lat' dir='ltr'>propter</span> <span class='ocrx_word' id='word_1_255' title='bbox 568 1561 750 1602; x_wconf 82' lang='lat' dir='ltr'>infirmam</span> <span class='ocrx_word' id='word_1_256' title='bbox 788 1562 1018 1594; x_wconf 69' lang='lat' dir='ltr'>valetudinem</span> <span class='ocrx_word' id='word_1_257' title='bbox 1056 1562 1089 1593; x_wconf 82' lang='lat' dir='ltr'>in</span> <span class='ocrx_word' id='word_1_258' title='bbox 1123 1563 1356 1594; x_wconf 72' lang='lat' dir='ltr'>Germaniam</span> <span class='ocrx_word' id='word_1_259' title='bbox 1381 1562 1499 1594; x_wconf 79' lang='lat' dir='ltr'>redire</span> <span class='ocrx_word' id='word_1_260' title='bbox 1535 1573 1604 1594; x_wconf 81' lang='lat' dir='ltr'>non</span> <span class='ocrx_word' id='word_1_261' title='bbox 1623 1572 1737 1604; x_wconf 81' lang='lat' dir='ltr'>posse.</span> <span class='ocrx_word' id='word_1_262' title='bbox 1788 1562 1902 1594; x_wconf 77' lang='lat' dir='ltr'>Plura</span> 
     </span>
     <span class='ocr_line' id='line_1_25' title="bbox 140 1614 1247 1657; baseline 0.001 -11"><span class='ocrx_word' id='word_1_263' title='bbox 140 1614 213 1647; x_wconf 73' lang='lat' dir='ltr'>vide</span> <span class='ocrx_word' id='word_1_264' title='bbox 240 1615 351 1657; x_wconf 79' lang='lat' dir='ltr'>infra,</span> <span class='ocrx_word' id='word_1_265' title='bbox 378 1615 414 1646; x_wconf 82' lang='lat' dir='ltr'>in</span> <span class='ocrx_word' id='word_1_266' title='bbox 447 1614 586 1647; x_wconf 84' lang='lat' dir='ltr'>C&#39;anisii</span> <span class='ocrx_word' id='word_1_267' title='bbox 612 1615 773 1657; x_wconf 71' lang='lat' dir='ltr'>epistula,</span> <span class='ocrx_word' id='word_1_268' title='bbox 803 1625 905 1657; x_wconf 77' lang='lat' dir='ltr'>quam</span> <span class='ocrx_word' id='word_1_269' title='bbox 934 1615 1014 1648; x_wconf 69' lang='lat' dir='ltr'>dixi</span> <span class='ocrx_word' id='word_1_270' title='bbox 1041 1620 1095 1655; x_wconf 84' lang='lat' dir='ltr'>(n.</span> <span class='ocrx_word' id='word_1_271' title='bbox 1124 1616 1247 1654; x_wconf 72' lang='lat'>1764).</span> 
     </span>
    </p>
   </div>
   <div class='ocr_carea' id='block_1_8' title="bbox 138 1728 1559 1766">
    <p class='ocr_par' dir='ltr' id='par_1_9' title="bbox 138 1728 1559 1766">
     <span class='ocr_line' id='line_1_26' title="bbox 138 1728 1559 1766; baseline 0 -2"><span class='ocrx_word' id='word_1_272' title='bbox 138 1728 288 1765; x_wconf 72' lang='grc'><strong>1762.</strong></span> <span class='ocrx_word' id='word_1_273' title='bbox 389 1729 604 1765; x_wconf 81' lang='lat' dir='ltr'>CANISIUS</span> <span class='ocrx_word' id='word_1_274' title='bbox 633 1728 860 1766; x_wconf 76' lang='lat' dir='ltr'>SOGIIS</span> <span class='ocrx_word' id='word_1_275' title='bbox 891 1728 1559 1766; x_wconf 71' lang='lat' dir='ltr'>VINDOBONENSIBUS.</span> 
     </span>
    </p>
   </div>
   <div class='ocr_carea' id='block_1_9' title="bbox 758 1783 1853 1829">
    <p class='ocr_par' dir='ltr' id='par_1_10' title="bbox 758 1783 1853 1829">
     <span class='ocr_line' id='line_1_27' title="bbox 758 1783 1853 1829; baseline 0.001 -12"><span class='ocrx_word' id='word_1_276' title='bbox 758 1783 956 1829; x_wconf 87' lang='lat' dir='ltr'>Oeniponte</span> <span class='ocrx_word' id='word_1_277' title='bbox 984 1784 1090 1828; x_wconf 88' lang='lat' dir='ltr'>paulo</span> <span class='ocrx_word' id='word_1_278' title='bbox 1117 1787 1199 1829; x_wconf 88' lang='lat' dir='ltr'>post</span> <span class='ocrx_word' id='word_1_279' title='bbox 1226 1783 1365 1818; x_wconf 80' lang='lat' dir='ltr'>initium</span> <span class='ocrx_word' id='word_1_280' title='bbox 1384 1784 1494 1826; x_wconf 71' lang='lat' dir='ltr'>(?)m.</span> <span class='ocrx_word' id='word_1_281' title='bbox 1515 1783 1723 1818; x_wconf 87' lang='lat' dir='ltr'>Decembris</span> <span class='ocrx_word' id='word_1_282' title='bbox 1752 1785 1853 1818; x_wconf 87' lang='grc'><strong>1571.</strong></span> 
     </span>
    </p>
   </div>
   <div class='ocr_carea' id='block_1_10' title="bbox 134 1849 1904 2053">
    <p class='ocr_par' dir='ltr' id='par_1_11' title="bbox 134 1849 1904 2053">
     <span class='ocr_line' id='line_1_28' title="bbox 257 1849 1903 1893; baseline 0 -11"><span class='ocrx_word' id='word_1_283' title='bbox 257 1849 317 1882; x_wconf 70' lang='lat' dir='ltr'>Ex</span> <span class='ocrx_word' id='word_1_284' title='bbox 346 1850 486 1883; x_wconf 81' lang='lat' dir='ltr'>Canisii</span> <span class='ocrx_word' id='word_1_285' title='bbox 519 1849 665 1892; x_wconf 82' lang='lat' dir='ltr'>litteris,</span> <span class='ocrx_word' id='word_1_286' title='bbox 702 1860 791 1893; x_wconf 74' lang='lat' dir='ltr'>quas</span> <span class='ocrx_word' id='word_1_287' title='bbox 825 1851 926 1883; x_wconf 78' lang='lat' dir='ltr'>modo</span> <span class='ocrx_word' id='word_1_288' title='bbox 962 1851 1031 1892; x_wconf 88' lang='lat' dir='ltr'>(ep.</span> <span class='ocrx_word' id='word_1_289' title='bbox 1058 1861 1092 1882; x_wconf 77' lang='lat' dir='ltr'>n.</span> <span class='ocrx_word' id='word_1_290' title='bbox 1123 1850 1234 1889; x_wconf 83' lang='lat'>1761)</span> <span class='ocrx_word' id='word_1_291' title='bbox 1261 1850 1360 1892; x_wconf 74' lang='lat' dir='ltr'>dixi,</span> <span class='ocrx_word' id='word_1_292' title='bbox 1397 1850 1636 1891; x_wconf 64' lang='lat' dir='ltr'>coynoscitar,</span> <span class='ocrx_word' id='word_1_293' title='bbox 1672 1860 1750 1882; x_wconf 82' lang='lat' dir='ltr'>eum</span> <span class='ocrx_word' id='word_1_294' title='bbox 1785 1850 1903 1882; x_wconf 77' lang='lat' dir='ltr'>comiti</span> 
     </span>
     <span class='ocr_line' id='line_1_29' title="bbox 141 1903 1904 1946; baseline 0.001 -12"><span class='ocrx_word' id='word_1_295' title='bbox 141 1903 304 1945; x_wconf 76' lang='lat' dir='ltr'>Scipioni</span> <span class='ocrx_word' id='word_1_296' title='bbox 326 1904 347 1943; x_wconf 92' lang='lat'><em>(</em></span> <span class='ocrx_word' id='word_1_297' title='bbox 348 1903 382 1935; x_wconf 84' lang='lat' dir='ltr'><em>F</em></span> <span class='ocrx_word' id='word_1_298' title='bbox 383 1904 468 1936; x_wconf 83' lang='lat' dir='ltr'>iesco</span> <span class='ocrx_word' id='word_1_299' title='bbox 481 1903 516 1943; x_wconf 67' lang='grc' dir='ltr'>ἓ)</span> <span class='ocrx_word' id='word_1_300' title='bbox 547 1903 785 1936; x_wconf 80' lang='lat' dir='ltr'>Vindobonam</span> <span class='ocrx_word' id='word_1_301' title='bbox 810 1904 939 1946; x_wconf 77' lang='lat' dir='ltr'>petenti</span> <span class='ocrx_word' id='word_1_302' title='bbox 964 1904 1148 1945; x_wconf 72' lang='lat' dir='ltr'>epistulam</span> <span class='ocrx_word' id='word_1_303' title='bbox 1176 1913 1213 1935; x_wconf 79' lang='lat' dir='ltr'>eo</span> <span class='ocrx_word' id='word_1_304' title='bbox 1231 1903 1485 1945; x_wconf 72' lang='lat' dir='ltr'>perferendam</span> <span class='ocrx_word' id='word_1_305' title='bbox 1512 1903 1655 1944; x_wconf 76' lang='lat' dir='ltr'>dedisse,</span> <span class='ocrx_word' id='word_1_306' title='bbox 1681 1913 1771 1945; x_wconf 64' lang='lat' dir='ltr'>(Ietae</span> <span class='ocrx_word' id='word_1_307' title='bbox 1790 1904 1904 1936; x_wconf 86' lang='lat' dir='ltr'>Sociis</span> 
     </span>
     <span class='ocr_line' id='line_1_30' title="bbox 139 1956 1902 1999; baseline 0 -11"><span class='ocrx_word' id='word_1_308' title='bbox 139 1956 453 1989; x_wconf 76' lang='lat' dir='ltr'>vindobonensibns</span> <span class='ocrx_word' id='word_1_309' title='bbox 481 1956 539 1996; x_wconf 87' lang='lat' dir='ltr'>(P.</span> <span class='ocrx_word' id='word_1_310' title='bbox 567 1957 730 1989; x_wconf 84' lang='lat' dir='ltr'>Emerico</span> <span class='ocrx_word' id='word_1_311' title='bbox 757 1957 926 1990; x_wconf 84' lang='lat' dir='ltr'>Forslero</span> <span class='ocrx_word' id='word_1_312' title='bbox 951 1957 1086 1999; x_wconf 70' lang='lat' dir='ltr'>colleyii</span> <span class='ocrx_word' id='word_1_313' title='bbox 1110 1957 1269 1989; x_wconf 71' lang='lat' dir='ltr'>rectori?</span> <span class='ocrx_word' id='word_1_314' title='bbox 1317 1956 1355 1989; x_wconf 84' lang='lat' dir='ltr'>P.</span> <span class='ocrx_word' id='word_1_315' title='bbox 1383 1956 1485 1988; x_wconf 86' lang='lat' dir='ltr'>Petro</span> <span class='ocrx_word' id='word_1_316' title='bbox 1511 1956 1679 1988; x_wconf 75' lang='lat' dir='ltr'>anaeo?</span> <span class='ocrx_word' id='word_1_317' title='bbox 1709 1956 1763 1999; x_wconf 86' lang='lat' dir='ltr'>Cf.</span> <span class='ocrx_word' id='word_1_318' title='bbox 1789 1967 1902 1999; x_wconf 80' lang='lat' dir='ltr'>snpra</span> 
     </span>
     <span class='ocr_line' id='line_1_31' title="bbox 134 2010 1407 2053; baseline -0.001 -10"><span class='ocrx_word' id='word_1_319' title='bbox 134 2022 172 2053; x_wconf 79' lang='lat' dir='ltr'>p.</span> <span class='ocrx_word' id='word_1_320' title='bbox 200 2011 289 2051; x_wconf 68' lang='lat'>484)</span> <span class='ocrx_word' id='word_1_321' title='bbox 317 2010 360 2042; x_wconf 89' lang='lat' dir='ltr'>ab</span> <span class='ocrx_word' id='word_1_322' title='bbox 386 2010 462 2052; x_wconf 75' lang='lat' dir='ltr'>ipso</span> <span class='ocrx_word' id='word_1_323' title='bbox 488 2010 663 2042; x_wconf 77' lang='lat' dir='ltr'>destinata</span> <span class='ocrx_word' id='word_1_324' title='bbox 690 2014 776 2043; x_wconf 86' lang='lat' dir='ltr'>erat.</span> <span class='ocrx_word' id='word_1_325' title='bbox 828 2010 943 2043; x_wconf 75' lang='lat' dir='ltr'>Plura</span> <span class='ocrx_word' id='word_1_326' title='bbox 969 2021 996 2043; x_wconf 61' lang='grc' dir='ltr'>Γ.</span> <span class='ocrx_word' id='word_1_327' title='bbox 1027 2011 1138 2052; x_wconf 79' lang='lat' dir='ltr'>infra,</span> <span class='ocrx_word' id='word_1_328' title='bbox 1165 2020 1215 2052; x_wconf 84' lang='lat' dir='ltr'>ep.</span> <span class='ocrx_word' id='word_1_329' title='bbox 1244 2020 1276 2042; x_wconf 86' lang='lat' dir='ltr'>n.</span> <span class='ocrx_word' id='word_1_330' title='bbox 1305 2011 1407 2042; x_wconf 62' lang='lat'>1764.</span> 
     </span>
    </p>
   </div>
   <div class='ocr_carea' id='block_1_11' title="bbox 138 2130 1900 2178">
    <p class='ocr_par' dir='ltr' id='par_1_12' title="bbox 138 2130 1900 2178">
     <span class='ocr_line' id='line_1_32' title="bbox 138 2130 1900 2178; baseline -0.001 -11"><span class='ocrx_word' id='word_1_331' title='bbox 138 2131 289 2167; x_wconf 74' lang='grc'><strong>1763.</strong></span> <span class='ocrx_word' id='word_1_332' title='bbox 378 2131 594 2168; x_wconf 86' lang='lat' dir='ltr'>CANISIUS</span> <span class='ocrx_word' id='word_1_333' title='bbox 622 2132 683 2167; x_wconf 86' lang='lat' dir='ltr'>P.</span> <span class='ocrx_word' id='word_1_334' title='bbox 702 2131 930 2168; x_wconf 78' lang='lat' dir='ltr'><strong>PAULO</strong></span> <span class='ocrx_word' id='word_1_335' title='bbox 958 2130 1285 2167; x_wconf 60' lang='lat' dir='ltr'><strong>flolf‘FAEo</strong></span> <span class='ocrx_word' id='word_1_336' title='bbox 1314 2131 1367 2168; x_wconf 83' lang='lat' dir='ltr'>S.</span> <span class='ocrx_word' id='word_1_337' title='bbox 1387 2131 1442 2167; x_wconf 85' lang='lat' dir='ltr'>J.</span> <span class='ocrx_word' id='word_1_338' title='bbox 1462 2132 1665 2178; x_wconf 90' lang='lat' dir='ltr'>praeposito</span> <span class='ocrx_word' id='word_1_339' title='bbox 1690 2131 1900 2177; x_wconf 85' lang='lat' dir='ltr'>provinciali</span> 
     </span>
    </p>
   </div>
   <div class='ocr_carea' id='block_1_12' title="bbox 327 2184 1854 2278">
    <p class='ocr_par' dir='ltr' id='par_1_13' title="bbox 327 2184 1854 2278">
     <span class='ocr_line' id='line_1_33' title="bbox 327 2184 775 2231; baseline 0.002 -12"><span class='ocrx_word' id='word_1_340' title='bbox 327 2184 542 2220; x_wconf 84' lang='lat' dir='ltr'>Germaniae</span> <span class='ocrx_word' id='word_1_341' title='bbox 568 2186 775 2231; x_wconf 89' lang='lat' dir='ltr'>superioris.</span> 
     </span>
     <span class='ocr_line' id='line_1_34' title="bbox 841 2232 1854 2278; baseline -0.001 -11"><span class='ocrx_word' id='word_1_342' title='bbox 841 2233 1040 2278; x_wconf 88' lang='lat' dir='ltr'>Oeniponte</span> <span class='ocrx_word' id='word_1_343' title='bbox 1067 2233 1212 2267; x_wconf 81' lang='lat' dir='ltr'>ineunte</span> <span class='ocrx_word' id='word_1_344' title='bbox 1238 2233 1298 2267; x_wconf 87' lang='lat' dir='ltr'>vel</span> <span class='ocrx_word' id='word_1_345' title='bbox 1325 2233 1441 2267; x_wconf 85' lang='lat' dir='ltr'>medio</span> <span class='ocrx_word' id='word_1_346' title='bbox 1467 2244 1514 2268; x_wconf 85' lang='lat' dir='ltr'>m.</span> <span class='ocrx_word' id='word_1_347' title='bbox 1534 2233 1723 2267; x_wconf 87' lang='lat' dir='ltr'>Decembri</span> <span class='ocrx_word' id='word_1_348' title='bbox 1752 2232 1854 2267; x_wconf 89' lang='grc'><strong>1571.</strong></span> 
     </span>
    </p>
   </div>
   <div class='ocr_carea' id='block_1_13' title="bbox 255 2296 1902 2343">
    <p class='ocr_par' dir='ltr' id='par_1_14' title="bbox 255 2296 1902 2343">
     <span class='ocr_line' id='line_1_35' title="bbox 255 2296 1902 2343; baseline -0.001 -12"><span class='ocrx_word' id='word_1_349' title='bbox 255 2297 311 2331; x_wconf 87' lang='lat' dir='ltr'>Ex</span> <span class='ocrx_word' id='word_1_350' title='bbox 336 2298 561 2343; x_wconf 78' lang='lat' dir='ltr'>autographa</span> <span class='ocrx_word' id='word_1_351' title='bbox 588 2298 631 2332; x_wconf 87' lang='lat' dir='ltr'>ad</span> <span class='ocrx_word' id='word_1_352' title='bbox 658 2298 825 2332; x_wconf 85' lang='lat' dir='ltr'>Natalem</span> <span class='ocrx_word' id='word_1_353' title='bbox 853 2298 1016 2343; x_wconf 86' lang='lat' dir='ltr'>epistula,</span> <span class='ocrx_word' id='word_1_354' title='bbox 1045 2297 1164 2332; x_wconf 84' lang='lat' dir='ltr'>Germ.</span> <span class='ocrx_word' id='word_1_355' title='bbox 1186 2299 1251 2333; x_wconf 76' lang='lat'>183</span> <span class='ocrx_word' id='word_1_356' title='bbox 1270 2310 1303 2332; x_wconf 87' lang='grc'>11.</span> <span class='ocrx_word' id='word_1_357' title='bbox 1323 2298 1393 2332; x_wconf 80' lang='grc'>254</span> <span class='ocrx_word' id='word_1_358' title='bbox 1413 2298 1451 2341; x_wconf 85' lang='lat' dir='ltr'>(f.</span> <span class='ocrx_word' id='word_1_359' title='bbox 1471 2298 1540 2331; x_wconf 80' lang='lat'>234</span> <span class='ocrx_word' id='word_1_360' title='bbox 1559 2300 1595 2331; x_wconf 88' lang='lat' dir='ltr'>et</span> <span class='ocrx_word' id='word_1_361' title='bbox 1611 2309 1665 2341; x_wconf 89' lang='lat' dir='ltr'>sq.</span> <span class='ocrx_word' id='word_1_362' title='bbox 1683 2308 1752 2331; x_wconf 90' lang='lat' dir='ltr'>non</span> <span class='ocrx_word' id='word_1_363' title='bbox 1779 2296 1902 2339; x_wconf 85' lang='lat' dir='ltr'>sign.).</span> 
     </span>
    </p>
   </div>
   <div class='ocr_carea' id='block_1_14' title="bbox 138 2364 1903 2808">
    <p class='ocr_par' dir='ltr' id='par_1_15' title="bbox 138 2364 1903 2808">
     <span class='ocr_line' id='line_1_36' title="bbox 259 2364 1901 2420; baseline -0.001 -14"><span class='ocrx_word' id='word_1_364' title='bbox 259 2365 460 2406; x_wconf 80' lang='lat' dir='ltr'>Canisius</span> <span class='ocrx_word' id='word_1_365' title='bbox 503 2365 730 2420; x_wconf 79' lang='lat' dir='ltr'>Oeniponte</span> <span class='ocrx_word' id='word_1_366' title='bbox 772 2367 839 2407; x_wconf 81' lang='lat'>10.</span> <span class='ocrx_word' id='word_1_367' title='bbox 875 2365 1079 2406; x_wconf 80' lang='lat' dir='ltr'>Ianuarii</span> <span class='ocrx_word' id='word_1_368' title='bbox 1112 2367 1228 2406; x_wconf 80' lang='grc'><strong>1572</strong></span> <span class='ocrx_word' id='word_1_369' title='bbox 1261 2365 1309 2406; x_wconf 88' lang='grc' dir='ltr'>Ρ.</span> <span class='ocrx_word' id='word_1_370' title='bbox 1344 2365 1603 2419; x_wconf 71' lang='lat' dir='ltr'>Hieronymo</span> <span class='ocrx_word' id='word_1_371' title='bbox 1644 2364 1794 2406; x_wconf 83' lang='lat' dir='ltr'>Natali</span> <span class='ocrx_word' id='word_1_372' title='bbox 1829 2365 1901 2405; x_wconf 88' lang='lat' dir='ltr'>So-</span> 
     </span>
     <span class='ocr_line' id='line_1_37' title="bbox 138 2429 1901 2485; baseline -0.001 -14"><span class='ocrx_word' id='word_1_373' title='bbox 138 2432 298 2472; x_wconf 80' lang='lat' dir='ltr'>cietatis</span> <span class='ocrx_word' id='word_1_374' title='bbox 340 2431 496 2472; x_wconf 78' lang='lat' dir='ltr'>vicario</span> <span class='ocrx_word' id='word_1_375' title='bbox 537 2431 724 2485; x_wconf 73' lang='lat' dir='ltr'>yenerali</span> <span class='ocrx_word' id='word_1_376' title='bbox 765 2431 814 2471; x_wconf 89' lang='lat' dir='ltr'>de</span> <span class='ocrx_word' id='word_1_377' title='bbox 848 2431 1127 2472; x_wconf 77' lang='lat' dir='ltr'>Ferdinando</span> <span class='ocrx_word' id='word_1_378' title='bbox 1164 2431 1219 2472; x_wconf 88' lang='lat' dir='ltr'>Il.</span> <span class='ocrx_word' id='word_1_379' title='bbox 1255 2431 1482 2471; x_wconf 76' lang='lat' dir='ltr'>archiduce</span> <span class='ocrx_word' id='word_1_380' title='bbox 1520 2435 1556 2471; x_wconf 84' lang='lat' dir='ltr'>et</span> <span class='ocrx_word' id='word_1_381' title='bbox 1598 2430 1649 2470; x_wconf 82' lang='lat' dir='ltr'>de</span> <span class='ocrx_word' id='word_1_382' title='bbox 1683 2429 1731 2472; x_wconf 91' lang='lat' dir='ltr'>P.</span> <span class='ocrx_word' id='word_1_383' title='bbox 1766 2429 1901 2470; x_wconf 81' lang='lat' dir='ltr'>Paulo</span> 
     </span>
     <span class='ocr_line' id='line_1_38' title="bbox 139 2495 1902 2550; baseline -0.001 -14"><span class='ocrx_word' id='word_1_384' title='bbox 139 2495 318 2548; x_wconf 78' lang='lat' dir='ltr'>Hoffaeo</span> <span class='ocrx_word' id='word_1_385' title='bbox 352 2496 611 2537; x_wconf 78' lang='lat' dir='ltr'>Ger-maniae</span> <span class='ocrx_word' id='word_1_386' title='bbox 642 2497 876 2550; x_wconf 81' lang='lat' dir='ltr'>superioris</span> <span class='ocrx_word' id='word_1_387' title='bbox 908 2497 1160 2550; x_wconf 80' lang='lat' dir='ltr'>provinciali</span> <span class='ocrx_word' id='word_1_388' title='bbox 1192 2497 1383 2550; x_wconf 78' lang='lat' dir='ltr'>scripsit:</span> <span class='ocrx_word' id='word_1_389' title='bbox 1417 2496 1648 2548; x_wconf 77' lang='lat' dir='ltr'>„Princeps</span> <span class='ocrx_word' id='word_1_390' title='bbox 1682 2500 1819 2536; x_wconf 82' lang='lat' dir='ltr'>noster</span> <span class='ocrx_word' id='word_1_391' title='bbox 1852 2495 1902 2535; x_wconf 82' lang='lat' dir='ltr'>de</span> 
     </span>
     <span class='ocr_line' id='line_1_39' title="bbox 142 2559 1901 2616; baseline -0.001 -15"><span class='ocrx_word' id='word_1_392' title='bbox 142 2561 362 2614; x_wconf 70' lang='lat' dir='ltr'>miyrando</span> <span class='ocrx_word' id='word_1_393' title='bbox 396 2562 438 2602; x_wconf 83' lang='lat' dir='ltr'>in</span> <span class='ocrx_word' id='word_1_394' title='bbox 473 2562 675 2603; x_wconf 73' lang='lat' dir='ltr'>Saeniani</span> <span class='ocrx_word' id='word_1_395' title='bbox 708 2561 865 2602; x_wconf 82' lang='lat' dir='ltr'>dicitnr</span> <span class='ocrx_word' id='word_1_396' title='bbox 897 2563 1091 2616; x_wconf 72' lang='lat' dir='ltr'>coyitare,</span> <span class='ocrx_word' id='word_1_397' title='bbox 1129 2575 1270 2615; x_wconf 77' lang='lat' dir='ltr'>meque</span> <span class='ocrx_word' id='word_1_398' title='bbox 1303 2566 1398 2602; x_wconf 82' lang='lat' dir='ltr'>ante</span> <span class='ocrx_word' id='word_1_399' title='bbox 1431 2561 1541 2601; x_wconf 66' lang='lat' dir='ltr'>lame</span> <span class='ocrx_word' id='word_1_400' title='bbox 1573 2565 1865 2601; x_wconf 76' lang='lat' dir='ltr'>terraemotum</span> <span class='ocrx_word' id='word_1_401' title='bbox 1885 2559 1901 2585; x_wconf 78' lang='lat'><strong>2</strong></span> 
     </span>
     <span class='ocr_line' id='line_1_40' title="bbox 139 2625 1899 2680; baseline 0 -16"><span class='ocrx_word' id='word_1_402' title='bbox 139 2625 456 2678; x_wconf 54' lang='lat' dir='ltr'>salmonum-ath,</span> <span class='ocrx_word' id='word_1_403' title='bbox 499 2626 609 2680; x_wconf 74' lang='lat' dir='ltr'>qaod</span> <span class='ocrx_word' id='word_1_404' title='bbox 651 2626 793 2680; x_wconf 85' lang='lat' dir='ltr'>capiat</span> <span class='ocrx_word' id='word_1_405' title='bbox 832 2640 896 2667; x_wconf 83' lang='lat' dir='ltr'>me</span> <span class='ocrx_word' id='word_1_406' title='bbox 935 2626 1017 2667; x_wconf 86' lang='lat' dir='ltr'>sibi</span> <span class='ocrx_word' id='word_1_407' title='bbox 1049 2627 1231 2667; x_wconf 85' lang='lat' dir='ltr'>comitem</span> <span class='ocrx_word' id='word_1_408' title='bbox 1266 2639 1352 2666; x_wconf 83' lang='lat' dir='ltr'>esse</span> <span class='ocrx_word' id='word_1_409' title='bbox 1384 2629 1540 2666; x_wconf 79' lang='lat' dir='ltr'>aestate</span> <span class='ocrx_word' id='word_1_410' title='bbox 1573 2628 1766 2676; x_wconf 76' lang='lat' dir='ltr'>uentura,</span> <span class='ocrx_word' id='word_1_411' title='bbox 1809 2638 1899 2665; x_wconf 82' lang='lat' dir='ltr'>cam</span> 
     </span>
     <span class='ocr_line' id='line_1_41' title="bbox 140 2689 1903 2745; baseline 0 -15"><span class='ocrx_word' id='word_1_412' title='bbox 140 2703 259 2730; x_wconf 78' lang='lat' dir='ltr'>suam</span> <span class='ocrx_word' id='word_1_413' title='bbox 296 2690 492 2732; x_wconf 77' lang='lat' dir='ltr'>ditionem</span> <span class='ocrx_word' id='word_1_414' title='bbox 526 2691 729 2732; x_wconf 72' lang='lat' dir='ltr'>Saeniani</span> <span class='ocrx_word' id='word_1_415' title='bbox 765 2691 1056 2744; x_wconf 74' lang='lat' dir='ltr'>perlustrabit.</span> <span class='ocrx_word' id='word_1_416' title='bbox 1121 2691 1284 2745; x_wconf 82' lang='lat' dir='ltr'>Scripsi</span> <span class='ocrx_word' id='word_1_417' title='bbox 1318 2704 1365 2731; x_wconf 82' lang='lat' dir='ltr'>ea</span> <span class='ocrx_word' id='word_1_418' title='bbox 1399 2691 1449 2730; x_wconf 87' lang='lat' dir='ltr'>de</span> <span class='ocrx_word' id='word_1_419' title='bbox 1482 2704 1525 2730; x_wconf 88' lang='lat' dir='ltr'>re</span> <span class='ocrx_word' id='word_1_420' title='bbox 1557 2689 1606 2730; x_wconf 84' lang='lat' dir='ltr'>P.</span> <span class='ocrx_word' id='word_1_421' title='bbox 1642 2689 1903 2730; x_wconf 78' lang='lat' dir='ltr'>Prouintiali</span> 
     </span>
     <span class='ocr_line' id='line_1_42' title="bbox 140 2754 1899 2808; baseline 0 -14"><span class='ocrx_word' id='word_1_422' title='bbox 140 2759 234 2795; x_wconf 70' lang='lat' dir='ltr'>(inte</span> <span class='ocrx_word' id='word_1_423' title='bbox 270 2769 461 2807; x_wconf 76' lang='lat' dir='ltr'>mensem,</span> <span class='ocrx_word' id='word_1_424' title='bbox 504 2760 550 2796; x_wconf 77' lang='lat' dir='ltr'>ut</span> <span class='ocrx_word' id='word_1_425' title='bbox 591 2757 739 2796; x_wconf 81' lang='lat' dir='ltr'>scirem</span> <span class='ocrx_word' id='word_1_426' title='bbox 774 2759 861 2797; x_wconf 80' lang='lat' dir='ltr'>eius</span> <span class='ocrx_word' id='word_1_427' title='bbox 902 2756 1121 2807; x_wconf 78' lang='lat' dir='ltr'>iudicium,</span> <span class='ocrx_word' id='word_1_428' title='bbox 1166 2755 1240 2797; x_wconf 81' lang='lat' dir='ltr'>sed</span> <span class='ocrx_word' id='word_1_429' title='bbox 1280 2755 1388 2796; x_wconf 76' lang='lat' dir='ltr'>nihil</span> <span class='ocrx_word' id='word_1_430' title='bbox 1429 2755 1646 2808; x_wconf 77' lang='lat' dir='ltr'>respondit</span> <span class='ocrx_word' id='word_1_431' title='bbox 1686 2754 1899 2795; x_wconf 78' lang='lat' dir='ltr'>hactenus.</span> 
     </span>
    </p>
   </div>
   <div class='ocr_carea' id='block_1_15' title="bbox 256 2827 1622 2860">
    <p class='ocr_par' dir='ltr' id='par_1_16' title="bbox 256 2827 1622 2860">
     <span class='ocr_line' id='line_1_43' title="bbox 256 2827 1622 2860; baseline 0.002 -9"><span class='ocrx_word' id='word_1_432' title='bbox 256 2829 283 2857; x_wconf 86' lang='lat' dir='ltr'>a)</span> <span class='ocrx_word' id='word_1_433' title='bbox 303 2829 372 2853; x_wconf 65' lang='lat' dir='ltr'>Vide</span> <span class='ocrx_word' id='word_1_434' title='bbox 392 2836 463 2860; x_wconf 75' lang='lat' dir='ltr'>quae</span> <span class='ocrx_word' id='word_1_435' title='bbox 483 2830 535 2853; x_wconf 79' lang='lat' dir='ltr'>sub</span> <span class='ocrx_word' id='word_1_436' title='bbox 558 2829 638 2860; x_wconf 67' lang='lat' dir='ltr'>ipsas</span> <span class='ocrx_word' id='word_1_437' title='bbox 657 2829 710 2853; x_wconf 76' lang='lat' dir='ltr'>has</span> <span class='ocrx_word' id='word_1_438' title='bbox 729 2829 846 2854; x_wconf 78' lang='lat' dir='ltr'>litteras</span> <span class='ocrx_word' id='word_1_439' title='bbox 865 2829 1012 2854; x_wconf 76' lang='lat' dir='ltr'>dicuntur.</span> <span class='ocrx_word' id='word_1_440' title='bbox 1086 2827 1115 2857; x_wconf 76' lang='lat' dir='ltr'>b)</span> <span class='ocrx_word' id='word_1_441' title='bbox 1136 2830 1183 2854; x_wconf 81' lang='lat' dir='ltr'>Ita</span> <span class='ocrx_word' id='word_1_442' title='bbox 1204 2830 1233 2853; x_wconf 89' lang='lat' dir='ltr'>C.</span> <span class='ocrx_word' id='word_1_443' title='bbox 1254 2829 1381 2854; x_wconf 68' lang='lat' dir='ltr'>correxi:</span> <span class='ocrx_word' id='word_1_444' title='bbox 1401 2836 1437 2853; x_wconf 66' lang='lat' dir='ltr'>ex</span> <span class='ocrx_word' id='word_1_445' title='bbox 1456 2827 1622 2854; x_wconf 80' lang='lat' dir='ltr'>admonuit.</span> 
     </span>
    </p>
   </div>
   <div class='ocr_carea' id='block_1_16' title="bbox 140 2932 1901 3139">
    <p class='ocr_par' dir='ltr' id='par_1_17' title="bbox 140 2932 1901 3033">
     <span class='ocr_line' id='line_1_44' title="bbox 260 2932 1901 2979; baseline 0.001 -14"><span class='ocrx_word' id='word_1_446' title='bbox 260 2934 271 2952; x_wconf 80' lang='lat'><em>¹</em></span> <span class='ocrx_word' id='word_1_447' title='bbox 297 2932 365 2966; x_wconf 89' lang='lat' dir='ltr'>Pro</span> <span class='ocrx_word' id='word_1_448' title='bbox 391 2933 431 2966; x_wconf 87' lang='lat' dir='ltr'>P.</span> <span class='ocrx_word' id='word_1_449' title='bbox 459 2933 651 2968; x_wconf 81' lang='lat' dir='ltr'>Laurentio</span> <span class='ocrx_word' id='word_1_450' title='bbox 677 2935 922 2976; x_wconf 79' lang='lat' dir='ltr'>Hermanntio,</span> <span class='ocrx_word' id='word_1_451' title='bbox 951 2935 1010 2979; x_wconf 85' lang='lat' dir='ltr'>qui</span> <span class='ocrx_word' id='word_1_452' title='bbox 1036 2935 1221 2970; x_wconf 87' lang='lat' dir='ltr'>Ferrariae</span> <span class='ocrx_word' id='word_1_453' title='bbox 1248 2934 1504 2969; x_wconf 81' lang='lat' dir='ltr'>confessarium</span> <span class='ocrx_word' id='word_1_454' title='bbox 1531 2935 1710 2969; x_wconf 79' lang='lat' dir='ltr'>Barbarae</span> <span class='ocrx_word' id='word_1_455' title='bbox 1736 2933 1901 2968; x_wconf 88' lang='lat' dir='ltr'>ducissae</span> 
     </span>
     <span class='ocr_line' id='line_1_45' title="bbox 140 2984 1445 3033; baseline 0.003 -16"><span class='ocrx_word' id='word_1_456' title='bbox 140 2984 290 3027; x_wconf 82' lang='lat' dir='ltr'>agebat3</span> <span class='ocrx_word' id='word_1_457' title='bbox 317 2997 351 3019; x_wconf 79' lang='lat' dir='ltr'>v.</span> <span class='ocrx_word' id='word_1_458' title='bbox 379 2996 488 3029; x_wconf 86' lang='lat' dir='ltr'>supra</span> <span class='ocrx_word' id='word_1_459' title='bbox 514 2999 546 3030; x_wconf 92' lang='lat' dir='ltr'>p.</span> <span class='ocrx_word' id='word_1_460' title='bbox 565 2988 634 3021; x_wconf 79' lang='lat'>482</span> <span class='ocrx_word' id='word_1_461' title='bbox 661 2991 696 3021; x_wconf 91' lang='lat' dir='ltr'>et</span> <span class='ocrx_word' id='word_1_462' title='bbox 722 3000 773 3029; x_wconf 88' lang='lat' dir='ltr'>ea,</span> <span class='ocrx_word' id='word_1_463' title='bbox 800 3000 891 3033; x_wconf 89' lang='lat' dir='ltr'>quae</span> <span class='ocrx_word' id='word_1_464' title='bbox 918 2990 984 3023; x_wconf 89' lang='lat' dir='ltr'>sub</span> <span class='ocrx_word' id='word_1_465' title='bbox 1011 2989 1076 3023; x_wconf 90' lang='lat' dir='ltr'>has</span> <span class='ocrx_word' id='word_1_466' title='bbox 1101 2989 1242 3022; x_wconf 84' lang='lat' dir='ltr'>litteras</span> <span class='ocrx_word' id='word_1_467' title='bbox 1269 2989 1445 3022; x_wconf 69' lang='lat' dir='ltr'>dicuntur.</span> 
     </span>
    </p>

    <p class='ocr_par' dir='ltr' id='par_1_18' title="bbox 141 3037 1900 3139">
     <span class='ocr_line' id='line_1_46' title="bbox 260 3037 1900 3085; baseline 0.001 -15"><span class='ocrx_word' id='word_1_468' title='bbox 260 3038 272 3058; x_wconf 85' lang='lat'>²</span> <span class='ocrx_word' id='word_1_469' title='bbox 299 3037 393 3072; x_wconf 89' lang='lat' dir='ltr'>Urbs</span> <span class='ocrx_word' id='word_1_470' title='bbox 418 3038 567 3082; x_wconf 79' lang='lat' dir='ltr'>locaque</span> <span class='ocrx_word' id='word_1_471' title='bbox 594 3041 625 3073; x_wconf 90' lang='lat' dir='ltr'>ei</span> <span class='ocrx_word' id='word_1_472' title='bbox 651 3041 770 3075; x_wconf 83' lang='lat' dir='ltr'>vicina</span> <span class='ocrx_word' id='word_1_473' title='bbox 796 3042 948 3085; x_wconf 88' lang='lat' dir='ltr'>primum</span> <span class='ocrx_word' id='word_1_474' title='bbox 974 3043 1008 3076; x_wconf 91' lang='lat'>4.</span> <span class='ocrx_word' id='word_1_475' title='bbox 1035 3042 1190 3076; x_wconf 81' lang='lat' dir='ltr'>ianuarii</span> <span class='ocrx_word' id='word_1_476' title='bbox 1220 3042 1320 3081; x_wconf 83' lang='lat'>1572,</span> <span class='ocrx_word' id='word_1_477' title='bbox 1357 3041 1483 3075; x_wconf 85' lang='lat' dir='ltr'>deinde</span> <span class='ocrx_word' id='word_1_478' title='bbox 1514 3051 1622 3085; x_wconf 81' lang='lat' dir='ltr'>saepe</span> <span class='ocrx_word' id='word_1_479' title='bbox 1648 3042 1764 3073; x_wconf 85' lang='lat' dir='ltr'>terrae</span> <span class='ocrx_word' id='word_1_480' title='bbox 1800 3039 1900 3073; x_wconf 89' lang='lat' dir='ltr'>moti-</span> 
     </span>
     <span class='ocr_line' id='line_1_47' title="bbox 141 3091 1544 3139; baseline 0.001 -14"><span class='ocrx_word' id='word_1_481' title='bbox 141 3091 207 3125; x_wconf 89' lang='lat' dir='ltr'>bus</span> <span class='ocrx_word' id='word_1_482' title='bbox 234 3091 406 3125; x_wconf 86' lang='lat' dir='ltr'>convulsa</span> <span class='ocrx_word' id='word_1_483' title='bbox 431 3095 532 3132; x_wconf 88' lang='lat' dir='ltr'>sunt;</span> <span class='ocrx_word' id='word_1_484' title='bbox 561 3093 603 3126; x_wconf 86' lang='lat' dir='ltr'>de</span> <span class='ocrx_word' id='word_1_485' title='bbox 630 3105 699 3136; x_wconf 82' lang='lat' dir='ltr'>qua</span> <span class='ocrx_word' id='word_1_486' title='bbox 726 3106 762 3127; x_wconf 88' lang='lat' dir='ltr'>re</span> <span class='ocrx_word' id='word_1_487' title='bbox 789 3095 891 3138; x_wconf 86' lang='lat' dir='ltr'>plura</span> <span class='ocrx_word' id='word_1_488' title='bbox 917 3094 953 3128; x_wconf 91' lang='lat' dir='ltr'>in</span> <span class='ocrx_word' id='word_1_489' title='bbox 978 3095 1140 3139; x_wconf 85' lang='lat' dir='ltr'>proximo</span> <span class='ocrx_word' id='word_1_490' title='bbox 1166 3094 1347 3128; x_wconf 89' lang='lat' dir='ltr'>volumine</span> <span class='ocrx_word' id='word_1_491' title='bbox 1373 3094 1544 3128; x_wconf 88' lang='lat' dir='ltr'>dicentur.</span> 
     </span>
    </p>
   </div>
  </div>
 </body>
</html>
