2044 3335
127 69 211 110 220
660 66 763 102 1591.
790 66 829 101 P.
850 66 984 100 Paulus
1011 66 1183 101 Hoffaeus
1210 66 1363 102 Canisio.

124 183 457 227 Bietigkaimensel
494 183 680 228 potissimo
716 182 952 225 coniuratore‚
990 195 1070 217 cum
1107 183 1246 218 duabus
1281 183 1418 218 insanis
1447 184 1577 229 puellis
1606 184 1757 229 (.utp0te
1782 184 1892 230 hypo-

125 236 352 272 chondriacis
379 239 416 270 et
441 235 635 281 hystericis
662 235 965 277 eonuulsionibus,
997 237 1196 280 insanoque
1222 248 1342 271 amore
1367 237 1493 282 perdiu
1520 237 1590 271 iam
1616 237 1891 282 laborantibus.)

124 289 160 323 in
186 290 289 323 domo
309 289 455 334 Georgij
474 289 644 332 Fuggeri,
670 300 783 322 vxore
802 288 880 322 eius
897 289 1029 323 Vrsula
1051 290 1170 333 (.quae
1189 290 1391 335 proselytos
1417 301 1560 335 semper
1584 291 1704 325 facere
1730 290 1894 325 omnibus

126 342 240 376 modis
267 342 534 385 contendebat.)
563 341 614 375 ita
643 341 811 383 instante,
847 341 1035 376 horrendis
1062 343 1283 385 exorcismis,
1319 355 1383 388 pro
1409 343 1635 378 stabiliendis
1670 343 1895 378 inuocatione

125 395 350 436 Sanctorum,
377 395 584 428 adoratione
610 394 714 439 panis
733 394 983 437 Eucharistici‚
1009 395 1250 440 poenitentiae
1276 399 1511 439 sacramento,
1539 399 1575 430 et
1600 397 1726 431 merito
1749 407 1895 442 operum

124 451 339 489 nostrorum,
376 447 549 492 perfricta
584 448 702 481 fronte
729 459 897 481 exercere
924 449 1135 493 neutiquam
1162 449 1387 484 erubuerint:
1423 450 1535 494 quue
1570 450 1672 484 initio
1707 450 1801 484 inter
1827 448 1894 494 pri-

124 503 228 535 uatos
255 500 423 545 parietes,
450 500 576 544 paucis
601 503 638 534 et
664 500 721 534 his
747 500 954 535 domesticis
981 501 1111 535 saltem
1137 503 1399 547 praesentibus,
1434 503 1514 537 dein
1540 503 1678 538 idoneis
1704 503 1785 548 alijs
1811 514 1895 547 quo-

125 565 193 597 que
220 553 400 595 admissis,
427 555 502 587 tam
529 553 589 587 diu
615 553 839 595 factitarunt,
867 554 979 589 donec
1005 555 1073 589 sibi
1099 555 1209 600 probe
1234 556 1403 590 instructi
1428 555 1649 598 uiderentur,
1674 556 1765 590 Tum
1792 558 1896 590 actus

125 606 205 640 illos
232 607 267 640 in
293 606 639 641 Dominicastrorum
666 607 791 640 fanum
816 607 882 648 bis,
910 607 954 641 ad
973 607 1236 652 Vlrychianum
1262 609 1435 654 templum
1462 611 1601 653 quater,
1629 612 1665 643 et
1691 610 1833 643 demum
1858 608 1895 642 in

126 659 243 704 ipsum
271 659 427 694 Chorum
463 660 679 704 episcopalis
715 660 889 694 ecclesiae
925 672 1078 705 quoque,
1116 664 1290 706 tanquam
1327 662 1526 696 illustriora
1560 662 1715 703 theatra,
1753 661 1896 707 publice

125 713 324 747 transferre
350 725 414 758 pro
440 724 507 747 sua
534 713 750 747 confidentia
775 714 855 747 ausi
881 713 993 755 fuere,
1020 726 1062 748 ac
1088 715 1230 759 quoties
1256 715 1421 749 nefandis
1448 716 1766 760 superstitionibus
1791 715 1894 749 modo

126 765 221 800 hunc
246 766 350 800 modo
378 766 489 800 alium
517 766 814 801 cacodaemonem
841 766 995 801 eiectum
1022 768 1185 801 dicerent
1212 767 1311 812 (nam
1336 768 1532 803 astantium
1551 780 1654 802 nemo
1673 769 1732 803 vel
1749 768 1896 802 minimo

126 819 229 863 signo
256 819 415 863 aliquem
441 819 633 864 expulsum
660 821 724 853 aut
749 820 997 863 aufugientem
1024 821 1314 856 animaduertere
1341 822 1473 866 potuit)
1511 822 1662 856 subinde
1688 826 1809 856 tamen
1844 821 1895 855 fa-

129 872 248 906 bulam
274 884 353 906 eam
380 884 444 917 pro
471 873 630 914 arbitrio,
658 875 694 906 et
719 873 764 906 ad
791 884 1055 918 quamcumque
1081 874 1210 909 liberet
1237 875 1361 909 horam
1380 878 1607 918 renouantes,
1635 875 1728 909 idem
1755 886 1896 919 semper

129 926 221 969 quod
248 928 355 960 antea
390 937 459 960 non
495 926 572 960 sine
608 926 746 960 fraudis
782 927 982 971 suspitione
1018 928 1112 973 apud
1147 929 1346 963 fascinatos
1371 931 1534 973 repetere
1570 940 1638 962 non
1670 930 1756 963 sunt
1781 938 1896 971 neque

127 979 243 1013 Deum
268 991 384 1024 neque
410 979 573 1013 homines
599 979 718 1014 veriti.
770 979 846 1021 Quo
873 980 918 1014 ad
944 981 1089 1015 tandem
1117 984 1214 1024 XVIJ
1241 982 1398 1025 Augusti
1424 981 1550 1016 ciuiles
1578 981 1763 1023 Consules,
1795 980 1897 1023 uulgi

128 1043 311 1066 murmure
336 1032 502 1077 permoti,
528 1032 681 1067 Medicis
707 1033 783 1067 suis
809 1034 973 1068 adfectas
999 1034 1139 1079 puellas
1166 1034 1415 1080 dijudicandas
1434 1035 1743 1075 demandassenta,
1769 1044 1897 1068 reuera

127 1097 172 1119 ne
199 1087 235 1119 et
259 1085 417 1119 naturali
442 1085 545 1119 modo
572 1088 694 1120 essent
711 1086 981 1122 melancholicis
1006 1088 1311 1133 symptomatibus
1328 1089 1512 1131 obnoxiae,
1540 1100 1585 1123 an
1610 1101 1695 1122 uero
1722 1087 1897 1132 demoniis

128 1138 308 1173 obsessae.
360 1139 414 1173 lbi
449 1150 530 1173 cum
557 1139 745 1174 diabolicis
779 1140 852 1174 illis
887 1141 1193 1176 coniurationibus
1229 1153 1299 1175 non
1325 1154 1447 1176 omnes
1482 1142 1660 1176 interesse
1685 1141 1896 1182 voluissent,

127 1203 244 1236 neque
271 1192 380 1226 etiam
416 1203 479 1236 pro
505 1192 595 1226 artis
623 1193 867 1237 oportunitate
902 1194 984 1228 illas
1011 1195 1240 1229 examinandi
1275 1196 1499 1229 occasionem
1525 1195 1659 1230 habere
1683 1195 1897 1240 potuissent,

128 1245 218 1279 nihil
244 1244 462 1290 opereprecij
491 1245 726 1290 praestitere:
753 1246 921 1281 Monachi
948 1259 1033 1291 ergo
1059 1248 1112 1282 illi
1138 1260 1207 1282 non
1226 1248 1401 1289 monachi,
1429 1260 1489 1282 eos
1508 1249 1569 1292 qui
1587 1249 1754 1283 tenebras
1780 1247 1897 1291 magis

129 1310 236 1342 quam
262 1299 379 1333 lucem
406 1298 577 1332 amabant
588 1299 612 1340 ²,
639 1300 675 1333 in
702 1299 882 1334 erroribus
908 1301 1122 1335 inueteratis
1147 1313 1218 1335 non
1243 1301 1358 1336 solum
1386 1302 1429 1335 ad
1455 1301 1648 1336 ludibrium
1676 1301 1896 1342 confirmare,

128 1352 191 1386 sed
218 1352 328 1386 etiam
354 1352 458 1386 falsis
484 1353 600 1395 signis
627 1353 833 1387 dementare
850 1353 947 1388 ultra
965 1354 1157 1396 biennium,
1185 1355 1294 1389 etiam
1320 1355 1355 1389 in
1373 1355 1454 1400 alijs
1472 1355 1603 1400 puellis
1622 1355 1715 1400 apud
1734 1355 1896 1388 Hansum

130 1404 348 1448 Fuggerum,
374 1408 622 1450 perrexerunt.
658 1405 685 1439 F
688 1407 762 1440 assi
786 1408 872 1440 sunt
898 1410 1019 1441 autem
1045 1408 1218 1442 immundi
1243 1408 1294 1442 illi
1321 1408 1479 1453 spiritus,
1506 1420 1657 1452 quorum
1682 1407 1764 1453 plus
1780 1407 1898 1441 minus

128 1458 369 1502 quadraginta
396 1458 455 1492 vel
491 1458 606 1492 solam
633 1458 834 1493 Susannam
863 1460 934 1503 (.de
965 1472 1036 1504 qua
1063 1461 1172 1495 etiam
1198 1463 1281 1495 ante
1314 1461 1595 1505 quinquennium
1627 1461 1854 1495 diximusss..
1871 1460 1894 1502 .)

131 1511 358 1556 torquebant,
386 1511 455 1546 sibi
481 1512 635 1554 nomina,
663 1512 768 1557 plane
794 1513 859 1547 tali
886 1514 1030 1557 negotio
1058 1514 1397 1549 conuenientissima
1424 1526 1513 1556 esse,
1540 1525 1631 1558 quae
1649 1517 1770 1548 tamen
1787 1513 1898 1547 latine

128 1577 198 1599 non
234 1565 340 1599 facile
376 1566 610 1610 expresseris,
646 1565 817 1600 uidelicet
850 1566 1140 1612 Hennenflygeli,
1177 1567 1431 1612 Rappenfiissi,
1469 1567 1721 1612 Hundskopfij,
1756 1567 1898 1601 Hanen-

128 1618 250 1664 kopfij,
269 1619 445 1659 Heudexi,
464 1618 698 1661 Seelendiebi,
718 1618 959 1662 Rossstrecki‚
979 1620 1186 1663 Hellhundi‚
1206 1621 1310 1655 Pauli
1328 1621 1521 1662 Krattzeri,
1548 1623 1583 1655 et
1610 1621 1704 1665 quod
1731 1620 1897 1658 omnium,

128 1675 300 1716 tanquam
327 1672 474 1715 dignum
501 1671 628 1705 talium
654 1672 836 1706 actionum
856 1673 1102 1718 epiphonema,
1121 1674 1368 1718 turpissimum
1387 1677 1453 1716 est,
1473 1701 1479 1709 .
1497 1701 1503 1708 .
1520 1675 1547 1709 ,⁴⁴
1562 1673 1600 1694 ¹³4
1619 1674 1678 1718 [ἦ.
1717 1673 1772 1707 Ita
1790 1673 1899 1707 habe-t

128 1725 322 1759 Annalium
349 1724 554 1769 exemplum
581 1725 680 1766 illud,
717 1726 812 1769 quod
848 1729 971 1761 exstat
1005 1727 1041 1760 in
1067 1727 1283 1761 bibliotheca
1309 1728 1488 1768 vaticana,
1525 1727 1609 1761 cod.
1637 1726 1713 1761 Pal.
1739 1726 1801 1760 lat.
1829 1725 1898 1760 913

129 1790 163 1823 p.
182 1779 389 1819 674—675;
418 1779 453 1812 in
480 1789 587 1822 quam
614 1778 869 1813 bibliothecam
895 1780 1041 1814 saeculo
1065 1780 1179 1815 XVII.
1206 1780 1347 1815 illatum
1374 1783 1429 1815 est
1455 1792 1499 1814 ex
1526 1779 1742 1814 bibliotheca
1767 1779 1899 1813 heidel-

129 1831 317 1875 bergensi;
353 1831 410 1865 cui
445 1831 636 1866 obvenisse
662 1832 806 1866 videtur
832 1844 877 1866 ex
902 1835 1121 1867 testamento
1148 1833 1309 1868 Udalrici
1334 1834 1433 1868 illius
1458 1833 1627 1876 Fuggeri,
1664 1832 1734 1877 qui,
1770 1844 1851 1866 cum
1878 1843 1899 1866 a

128 1885 198 1919 fide
224 1884 402 1919 catholica
428 1885 631 1925 defecisset,
658 1884 921 1928 Heidelberg-ae
948 1887 1069 1920 sedem
1096 1887 1178 1921 fixit
1204 1889 1239 1920 et
1265 1890 1348 1931 post
1373 1889 1524 1920 mortem
1552 1886 1701 1920 Gassari
1728 1885 1805 1920 eius
1830 1885 1899 1919 sibi

129 1937 384 1972 bibliothecam
402 1938 637 1982 comparavit.
664 1938 786 1972 Edidit
805 1939 947 1982 quidem
967 1940 1110 1974 eosdem
1135 1940 1334 1983 „Annales“
1352 1941 1404 1974 Io.
1419 1940 1659 1974 Bure-hardus
1672 1940 1900 1973 Mem-kenius

130 1991 187 2025 vir
212 1991 490 2035 protestantium
516 1991 679 2035 partibus
705 1991 871 2026 addictus
897 1995 933 2026 et
955 1993 1193 2035 „Pontificiis“
1225 2004 1353 2038 parum
1379 1993 1507 2027 favens
1531 1993 1748 2037 (Scriptores
1765 1991 1899 2025 Rerum

133 2044 440 2086 Germanicarum,
472 2044 663 2089 praecipue
690 2045 949 2079 Saxonicarum
976 2046 1002 2087 I,
1038 2045 1181 2091 Lipsiae
1210 2047 1311 2087 1728,
1350 2046 1620 2090 1317—1954);
1658 2048 1696 2080 at
1721 2045 1752 2080 is
1778 2044 1899 2079 codice

131 2109 219 2132 usus
261 2100 318 2132 est
355 2097 592 2132 bibliothecae
630 2098 761 2132 ducum
799 2099 1164 2142 saxo-gothanorum,
1200 2111 1307 2144 quem
1346 2099 1544 2134 breviorem
1581 2110 1688 2143 quam
1726 2098 1899 2144 palatino-

131 2151 340 2185 vaticanum
376 2162 456 2186 esse
491 2162 536 2185 ex
571 2151 658 2195 ipso,
694 2162 800 2195 quem
835 2153 938 2186 modo
973 2153 1086 2197 posui,
1121 2153 1199 2187 loco
1235 2153 1430 2187 conieceris
1469 2152 1553 2196 (nisi
1586 2151 1822 2186 Menckenius
1857 2151 1900 2185 de

132 2204 311 2239 industria
345 2203 468 2248 aliqua
502 2204 659 2247 omisit);
699 2204 830 2238 desunt
867 2208 965 2240 certe
1007 2207 1062 2249 (ut
1100 2206 1143 2240 de
1182 2205 1263 2240 aliis
1300 2205 1517 2240 lectionibus
1551 2205 1777 2239 variantibus
1811 2202 1900 2238 nihil

132 2258 265 2302 dicam)
294 2257 388 2302 apud
406 2257 660 2292 Menckenium
689 2257 727 2301 (l.
747 2269 775 2292 c.
798 2258 1061 2303 1920-1921),
1089 2271 1182 2303 quae
1207 2259 1390 2304 palatinus
1416 2259 1525 2293 habet
1551 2260 1594 2293 de
1621 2257 1899 2302 „ingratitudine

132 2311 254 2356 populi
273 2322 359 2354 erga
377 2310 635 2354 Euangelium“
666 2310 934 2356 [lutheranum],
961 2313 1004 2346 de
1035 2313 1221 2355 „nefandis
1239 2312 1575 2357 superstitionibus“
1598 2315 1664 2346 etc.
1708 2311 1899 2346 Caeterum

132 2365 376 2408 germanicam
403 2364 582 2408 quandam
600 2363 794 2398 Annalium
814 2364 1115 2399 Gassarianorum
1135 2366 1336 2400 versionem
1364 2366 1434 2399 iarn
1462 2368 1616 2399 exeunte
1642 2364 1785 2398 saeculo
1802 2364 1899 2398 XVI.

131 2417 349 2461 vulgaverat
364 2418 629 2462 ,‚Wolff9anyus
642 2418 918 2452 Hartmamzzcs“
940 2419 1106 2453 minister
1124 2419 1402 2463 protestantium
1422 2418 1734 2453 ebersbacensium
1755 2417 1898 2461 (Ebers-

132 2472 238 2516 pach)
267 2471 304 2505 in
334 2471 492 2513 „Dritter
517 2471 590 2505 vnd
615 2470 743 2505 letster
769 2471 883 2506 Theil.
919 2471 991 2506 Der
1013 2471 1350 2517 Weitberuempten
1376 2470 1638 2517 Keyserlichen
1664 2498 1671 2505 .
1691 2498 1698 2504 .
1719 2498 1725 2505 .
1753 2470 1898 2505 Reichs-

132 2527 223 2559 statt
248 2526 446 2569 Augspurg
480 2524 514 2558 in
542 2524 751 2566 Schwaben‚
787 2525 996 2568 Chronica“‚
1036 2525 1143 2560 Basel
1172 2526 1282 2566 1596;
1320 2526 1379 2560 ubi
1414 2525 1515 2560 locus
1549 2524 1609 2558 ille
1647 2524 1744 2568 (cum
1778 2525 1899 2559 codice

132 2577 290 2622 gothano
316 2578 392 2610 fere
418 2577 635 2621 congruens)
663 2581 719 2611 est
744 2590 778 2622 p.
800 2579 997 2613 112—113.

252 2659 280 2690 a)
302 2656 517 2684 demandasset
537 2660 612 2690 Pal„
632 2660 744 2684 Menck.
828 2657 859 2691 b)
886 2660 955 2685 Vide
975 2660 1069 2691 infra,
1091 2661 1158 2685 adn.
1180 2662 1204 2685 4.

255 2788 264 2807 ¹
291 2788 520 2831 Bietigheim,
558 2790 728 2834 oppidum
757 2791 1115 2834 wurttembergense.
1165 2791 1247 2835 Ipse
1272 2790 1439 2824 Vb'lckius
1465 2789 1503 2823 P.
1531 2789 1750 2834 Hieronymo
1776 2789 1898 2824 Natali

133 2839 314 2874 visitatori
341 2842 547 2884 affirmavit,
583 2854 623 2877 se
658 2846 776 2877 ortum
812 2855 891 2878 esse
922 2855 986 2886 „ex
1013 2844 1142 2889 oppido
1167 2843 1385 2886 Besigkain“
1418 2843 1657 2887 (Besigheim)
1694 2844 1729 2877 in
1765 2843 1897 2877 ducatu

133 2894 470 2937 wurttembergensi
495 2895 566 2929 sito
596 2896 701 2941 (Epp.
728 2898 851 2931 Nadal
877 2897 907 2931 ΙΙ
936 2897 1042 2941 589);
1079 2897 1147 2931 duo
1173 2897 1263 2931 haec
1290 2896 1420 2941 oppida
1445 2907 1558 2941 parvo
1585 2897 1702 2941 spatio
1732 2897 1825 2930 inter
1858 2908 1897 2930 se

133 2946 279 2980 distant.

252 2999 266 3020 ²
293 2998 345 3034 Cf.
374 3000 410 3033 Io
439 3000 492 3042 13,
523 3001 574 3034 19.
722 3002 735 3022 3
761 3002 851 3037 Vide
881 3004 968 3037 Can.
996 3003 1046 3037 IV
1073 3002 1272 3038 806—807.

256 3054 266 3073 ⁴
293 3052 463 3096 Sequitur
488 3053 637 3087 verbum
665 3054 868 3090 obscenum.
