2044 3335
168 77 250 119 148
501 74 602 109 1547.
630 73 796 108 Canisius
822 71 1061 116 Magdalenae
1088 73 1124 106 et
1150 72 1308 106 Helenae
1334 71 1599 106 archiducissis.

284 194 543 236 Commendo
576 207 643 234 me
676 192 899 245 sacrificijs
931 193 976 233 et
1007 191 1207 245 precibus
1240 191 1285 234 P.
1312 192 1496 233 Vestrae
1529 193 1574 232 et
1605 193 1779 245 patrum
1811 189 1934 233 Assi-

165 259 373 302 stentium
406 258 447 300 in
482 257 651 299 Christo
684 257 824 300 JESV
858 256 1041 298 Domino
1074 259 1238 298 nostro.

284 324 403 374 Quod
437 323 491 365 ad
514 321 878 364 sustentationem
902 324 1148 363 nostrorum
1172 321 1399 374 Augustae
1421 322 1607 374 spectat,
1642 320 1710 374 egi
1734 319 1933 374 Dilingae

167 404 261 431 cum
286 387 661 430 Reuerendissimo
685 386 916 436 Cardinali,
951 385 1023 439 qui
1054 386 1166 427 serio
1190 385 1365 439 scripsit
1388 385 1442 427 ad
1466 385 1673 438 quosdam
1697 385 1934 427 Canonicos

166 455 219 496 de
251 453 419 496 ratione
452 451 723 502 inuenienda,
758 455 806 494 ut
840 451 976 493 nostri
1008 450 1100 492 sine
1127 450 1300 500 salario,
1334 450 1448 503 quod
1470 451 1681 492 hactenus
1703 450 1934 492 Contiona-

166 519 278 562 tori¹
320 517 535 572 penditur,
581 517 808 570 Augustae
848 515 1139 558 nutriantur2.
1204 514 1296 565 Qua
1338 515 1390 557 de
1432 529 1479 557 re
1520 515 1646 569 plura
1678 515 1932 564 scribentur,

167 598 261 626 cum
305 583 388 625 erit
420 582 580 635 aliquid
614 581 776 623 certius
809 580 1109 623 constitutum.
1173 580 1238 621 De
1270 579 1447 633 reliquis
1479 580 1661 633 posthac
1694 579 1795 621 mihi
1828 580 1934 621 scri-

167 649 352 690 bendum
386 662 469 689 non
503 650 621 701 puto,
656 661 752 688 cum
784 646 893 688 satis
926 645 983 688 sit
1016 659 1041 687 a
1071 646 1122 688 D.
1148 645 1282 687 Paulo
1314 645 1418 686 mihi
1449 644 1535 687 iam
1568 645 1804 687 substituto
1836 659 1935 698 per-

168 713 310 763 scribi,
354 727 464 766 quae
496 713 550 754 ad
583 713 694 754 hanc
726 710 993 766 prouinciam
1025 713 1240 764 spectant.
1305 710 1388 752 Sed
1422 709 1497 751 uix
1528 713 1675 752 tamen
1709 713 1810 752 ante
1844 709 1935 751 dies

169 778 497 832 quatuordecim
537 777 592 819 ad
634 778 714 819 hoc
755 790 910 818 munus
943 789 989 817 se
1023 775 1184 829 poterit
1216 775 1362 828 quiete
1393 775 1650 828 integreque
1681 774 1934 817 transferre.

168 844 378 886 Dominus
411 842 647 884 nobiscum.
713 840 945 895 Oeniponti
981 842 1046 882 17.
1082 839 1331 882 Decembris
1367 841 1492 882 1567.

1055 917 1216 959 Seruus
1248 916 1291 957 in
1324 915 1493 957 Christo
1526 915 1572 959 P.
1608 915 1816 958 Canisius.

287 1003 314 1055 †
348 1001 590 1043 Admodum
624 1000 878 1042 Reuerendo
911 999 955 1040 in
981 999 1152 1041 Christo
1175 997 1297 1041 Patri
1319 998 1549 1040 Francisco
1573 1012 1599 1040 a
1621 997 1783 1051 Borgia
1804 997 1937 1039 Prae-

171 1066 332 1122 [posito
367 1065 591 1121 G]enerali
624 1065 857 1108 Societatis
889 1064 1044 1107 JESV.
1167 1064 1345 1106 Romae.

288 1152 390 1186 Misit
407 1152 572 1186 Canisius
598 1164 669 1185 una
695 1163 776 1185 cum
802 1151 870 1185 hac
897 1150 1064 1195 epistula,
1091 1152 1131 1184 ut
1157 1162 1202 1184 ex
1228 1150 1306 1195 ipsa
1333 1149 1574 1193 cognoscitur,
1602 1148 1749 1183 Romam
1768 1148 1938 1183 *litteras

169 1217 191 1240 a
217 1206 257 1240 P.
284 1207 399 1239 Paulo
426 1207 578 1249 Hoffaeo
604 1203 898 1250 viceprovinciali
926 1203 1116 1237 Monachio
1144 1205 1198 1238 15.
1226 1203 1436 1237 Decembris
1458 1203 1546 1237 1567
1575 1202 1619 1236 ad
1646 1202 1680 1237 S.
1707 1202 1936 1236 Franciscum

169 1259 339 1302 Borgiam
366 1259 489 1297 datas;
516 1259 552 1292 in
579 1258 709 1301 quibus
736 1270 815 1291 euni
844 1257 886 1291 de
915 1257 983 1291 PP.
1003 1257 1160 1290 Martino
1180 1256 1420 1290 Leubenstain
1447 1259 1482 1290 et
1508 1255 1692 1289 Theodoro
1711 1255 1861 1289 Peltano
1887 1255 1938 1288 ita

169 1313 356 1346 monebat:
387 1311 504 1354 „Quae
532 1312 572 1345 R.
592 1311 631 1345 P.
648 1312 689 1345 V.
717 1311 843 1345 scribit
870 1311 912 1344 de
939 1310 1091 1344 Rectore
1111 1309 1399 1353 Jngolstadiensi
1425 1310 1464 1344 P.
1484 1309 1640 1343 Martino
1667 1312 1702 1342 et
1728 1308 1767 1343 P.
1787 1308 1937 1342 Peltano

170 1368 212 1400 vt
236 1366 403 1399 nimirum
430 1365 488 1399 hic
515 1365 678 1398 Rectoris
705 1376 827 1398 curam
854 1364 1038 1408 suscipiat,
1074 1363 1141 1397 hoc
1166 1365 1270 1408 putat
1296 1363 1335 1397 P.
1364 1362 1530 1397 Canisius
1565 1365 1601 1396 et
1626 1362 1772 1396 difficile
1807 1364 1844 1396 et
1870 1372 1937 1395 non

170 1419 262 1453 satis
288 1418 471 1452 commode
506 1430 611 1463 posse
643 1418 763 1451 fieria:
882 1429 947 1451 nec
983 1428 1049 1460 ego
1084 1416 1277 1450 iudicarem
1314 1416 1405 1450 hanc
1441 1415 1753 1449 commutationem
1781 1414 1939 1458 Collegio

170 1472 224 1506 illi
251 1472 431 1516 expedire.
457 1474 532 1505 tum
560 1471 665 1505 audio
692 1471 730 1505 P.
746 1471 941 1505 Martinum
968 1470 1059 1503 bono
1085 1481 1164 1503 esse
1188 1469 1305 1503 animo
1324 1470 1419 1503 circa
1436 1468 1545 1514 officij
1566 1480 1687 1502 curam
1705 1468 1938 1507 retinendam,

172 1526 227 1560 vti
253 1525 366 1559 habeo
393 1537 437 1558 ex
465 1525 503 1559 P.
531 1524 768 1558 Prouinciali“
801 1524 863 1567 (ex
890 1523 1133 1567 autographo;
1162 1522 1202 1557 G.
1231 1523 1294 1567 Ep.
1314 1522 1399 1556 VIII
1426 1522 1450 1556 f.
1478 1521 1592 1566 23412).

291 1578 390 1620 Quod
426 1590 471 1612 ex
497 1578 742 1623 superioribus
770 1577 903 1611 Canisii
936 1577 1068 1610 litteris
1104 1576 1341 1619 colligebatur
1370 1575 1418 1619 (v.
1447 1587 1554 1619 supra
1581 1587 1615 1620 p.
1636 1574 1731 1618 131),
1767 1574 1802 1608 id
1837 1573 1937 1608 hisce

172 1632 306 1667 Canisii
339 1634 374 1665 et
402 1631 539 1666 Hoffaei
567 1631 732 1676 epistulis
759 1630 1008 1664 confirmatur:
1046 1629 1211 1664 Canisius
1238 1628 1382 1672 Dilinga
1409 1628 1646 1673 Oenipontem
1681 1627 1937 1672 proficiscendo

171 1697 251 1720 cum
280 1685 425 1719 Hoffaeo
462 1696 581 1718 coram
617 1684 702 1727 egit,
738 1684 817 1717 sive
854 1695 915 1728 per
950 1682 1179 1717 Monachium
1216 1683 1371 1723 transiit,
1407 1682 1484 1715 sive
1520 1682 1707 1715 Hoffaeum
1733 1682 1936 1723 Augustam

172 1738 381 1779 arcessivit3
410 1737 650 1778 Monachiuni,
669 1740 766 1782 puto,
786 1738 837 1771 ire
856 1736 1000 1770 volebat
1020 1736 1070 1779 (v.
1089 1747 1199 1780 supra
1217 1747 1250 1780 p.
1273 1736 1375 1779 113);
1403 1735 1466 1769 sed
1493 1738 1548 1769 est
1573 1734 1719 1778 aliquid,
1745 1734 1838 1777 quod
1857 1745 1937 1767 eum

172 1792 358 1826 consilium
385 1793 546 1825 mutasse
572 1791 742 1832 suadeat;
769 1803 802 1825 v,
830 1791 934 1831 infra,
961 1801 1054 1824 111011.
1079 1801 1156 1823 var.
1176 1789 1242 1832 (6).

292 1862 443 1904 Borgias
469 1861 612 1895 Canisio
638 1861 823 1906 respondit
852 1862 904 1895 17.
933 1860 1087 1894 Ianuarii
1117 1859 1218 1893 1568.

174 1981 322 2019 1547.
445 1983 662 2018 OANISIUS
713 1995 794 2017 ven.
839 1979 1316 2017 MAGDALENAE
1368 1979 1634 2014 archiducissae
1684 1978 1852 2012 Austriae
1902 1980 1939 2012 et

364 2035 689 2071 HELENAE
728 2037 841 2070 sorori
880 2036 967 2069 eius

950 2087 1149 2132 Oeniponte
1185 2087 1278 2120 inter
1315 2086 1369 2120 18.
1397 2088 1433 2120 et
1469 2086 1524 2119 21.
1551 2085 1760 2119 Decembris
1789 2085 1889 2119 1567.

293 2160 348 2193 Ex
375 2159 529 2204 epistula
555 2159 599 2193 ad
627 2159 805 2203 Borgiam,
833 2159 875 2193 de
903 2170 973 2202 qua
998 2158 1104 2199 infra,
1131 2169 1185 2202 ep.
1213 2169 1246 2192 11.
1269 2157 1370 2191 1550.

295 2231 496 2273 Praepositi
527 2231 703 2272 [feneratis
738 2231 879 2263 nomine
913 2230 1001 2272 ipsis
1034 2229 1118 2261 haec
1146 2230 1341 2271 proponit:
1366 2229 1439 2261 Pro
1465 2228 1535 2261 PP.
1564 2228 1696 2270 Dyrsio
1732 2230 1762 2259 et
1793 2226 1938 2259 Hetzco-

174 2295 256 2317 vaeo
275 2284 313 2317 P.
335 2285 514 2316 Lanoium
541 2284 799 2325 confessarium
826 2283 1026 2325 admittant,
1053 2282 1104 2314 ‘vel
1129 2283 1250 2314 saltem
1268 2282 1420 2322 videant,
1450 2292 1492 2314 ne
1510 2292 1587 2313 cum
1605 2280 1814 2322 disciplinae
1831 2279 1939 2311 detri-

177 2342 288 2370 memo
323 2338 393 2370 duo
424 2337 480 2369 ‹illt
510 2338 723 2378 confessarii
746 2337 851 2369 rebus
877 2337 1005 2368 aulicis
1028 2336 1225 2378 plurimum
1252 2339 1466 2377 occupentur
1490 2345 1570 2366 neve
1596 2334 1664 2366 cibi
1689 2334 1859 2365 lautiores
1884 2342 1940 2364 co-

174 2391 260 2422 tidie
294 2391 333 2423 in
368 2391 549 2433 colleyium
584 2391 786 2423 mittantur.
838 2390 1021 2423 Societatis
1056 2390 1218 2421 instituto
1253 2398 1322 2421 non
1361 2389 1535 2430 conyruit,
1571 2391 1608 2419 ut
1635 2387 1732 2420 Socii
1757 2385 1874 2418 Halae
1898 2387 1939 2417 ‘in

176 2444 318 2485 collegtio
343 2444 563 2485 feminarum
588 2454 694 2476 sacra
720 2444 970 2475 administrent
978 2454 992 2483 ,·
1026 2443 1143 2475 eadem
1171 2446 1285 2473 tamen
1314 2442 1471 2474 Societas
1493 2441 1633 2482 yratias
1658 2441 1742 2482 aya,
1769 2439 1861 2481 quod
1887 2449 1939 2470 re-

173 2498 280 2538 yinae
306 2497 432 2529 ibidem
459 2498 611 2529 novicios
636 2497 756 2529 alendi
779 2498 878 2539 piam
903 2495 1074 2528 habebant
1101 2495 1323 2527 voluntatem.

299 2567 465 2599 Canis-ias
505 2567 694 2609 Oeniponte
728 2569 784 2599 22.
821 2566 1023 2599 Decembris
1051 2568 1142 2599 1567
1178 2565 1326 2598 Romam
1362 2565 1409 2597 ad
1444 2565 1481 2598 S.
1507 2564 1743 2596 Fremciscum
1768 2563 1939 2604 Bor-ylarii

176 2621 416 2662 praepositum
443 2621 642 2663 yerieralem
673 2622 810 2652 litteras
839 2620 951 2662 dedit,
990 2621 1029 2651 in
1059 2619 1186 2662 quibus
1215 2619 1255 2650 (le
1285 2618 1501 2661 Maydalena
1532 2621 1561 2649 et
1590 2616 1725 2649 Helena
1756 2616 1940 2649 sororibus

179 2672 434 2705 archiducissis
460 2675 509 2705 rita
538 2674 585 2705 ad
611 2684 687 2705 eum
714 2673 845 2714 refert:
872 2672 1030 2705 Sciebam
1058 2673 1154 2715 „illis
1172 2672 1422 2714 permolestam
1446 2671 1525 2712 fore
1543 2670 1788 2702 narrationem
1807 2679 1939 2709 eorum,

178 2736 268 2768 quae
302 2726 340 2757 P.
368 2726 509 2758 Vestrae
546 2728 685 2758 nomine
719 2727 903 2758 declarare
937 2726 1098 2757 debebam
1114 2725 1135 2758 ³.
1186 2725 1307 2757 Visum
1343 2728 1391 2756 est
1426 2728 1542 2756 autem
1576 2723 1757 2766 Patribus,
1791 2725 1831 2754 ut
1858 2726 1941 2764 post

299 2801 325 2830 3)
348 2802 407 2824 Ilm·
429 2809 451 2824 ι’.
472 2801 506 2824 ab
528 2802 604 2832 Hoff.
624 2809 717 2832 supra
737 2809 854 2826 versum
872 2800 1015 2832 scriptum
1035 2803 1084 2825 est.

304 2895 312 2913 ¹
338 2894 376 2927 P.
406 2894 578 2936 Gregorio
606 2894 761 2928 Roseffio
789 2894 1006 2928 cathedralis
1032 2893 1206 2928 ecclesiae
1232 2892 1478 2927 contionatori.

299 2947 312 2966 2
340 2947 494 2980 Litteras
523 2947 666 2990 Dilinga
697 2948 749 2982 10.
778 2947 985 2981 Decembris
1015 2948 1103 2982 1567
1130 2959 1151 2981 a
1179 2946 1355 2980 cardinali
1382 2945 1512 2980 Ottone
1538 2944 1738 2978 Truchsess
1764 2943 1807 2978 ad
1827 2942 1941 2977 Wolf-

180 3011 337 3043 gangum
366 3000 553 3033 Rhemium
581 3001 790 3034 canonicum
816 3012 858 3034 ea
884 3001 926 3034 de
953 3012 990 3034 re
1017 3001 1121 3034 datas
1147 3012 1180 3034 v.
1208 2999 1312 3041 infra,
1339 3010 1431 3032 mon.
1459 3009 1540 3041 aug.
1571 3000 1607 3041 (a
1633 2998 1682 3041 2).

302 3055 314 3072 ³
341 3053 429 3087 Vide
456 3064 564 3096 supra
591 3064 623 3097 p.
643 3054 687 3086 49
719 3054 794 3087 107.
