2044 3335
126 80 211 122 360
338 80 438 114 1684.
465 80 679 114 Franciscus
706 79 901 114 Turrianus
928 80 1013 115 Can.
1059 81 1158 116 1685.
1186 82 1335 117 Ioannes
1361 82 1404 117 de
1429 82 1584 117 Polanco
1611 83 1695 118 Can.

126 196 163 228 et
189 194 322 239 pudore
349 194 512 239 plenam:
543 194 616 236 „Ad
645 194 686 229 R.
714 194 752 228 T.
780 197 952 239 tanquam
980 196 1023 230 ad
1050 196 1205 240 primum
1222 197 1351 231 salutis
1378 199 1518 242 portum
1538 198 1737 242 confugio„
1755 227 1760 233 .
1778 226 1784 233 .
1800 199 1893 244 quod

126 247 303 291 quondam
331 247 445 281 veluti
480 248 598 281 infans
634 248 669 281 in
697 248 841 282 Christo
876 260 1001 283 recens
1026 251 1143 290 natus,
1180 262 1200 283 a
1226 253 1261 284 te
1287 250 1466 295 spirituali
1493 251 1601 284 Patre
1627 251 1805 296 spirituali
1832 252 1893 286 ali-

125 300 243 335 monia
278 300 458 334 enutritus
493 301 605 334 sum.“
659 301 888 345 Apostasiam
924 313 1026 336 suam
1062 302 1282 344 detestatur;
1318 303 1492 338 ecclesiae
1528 304 1749 339 reconciliari
1775 305 1893 350 cupit;

124 354 377 398 Blyssemium,
404 355 504 387 ntea
530 354 566 387 in
593 365 631 387 re
649 365 688 388 se
707 354 816 396 iuvet,
844 354 1027 395 obsecrat;
1056 355 1231 400 imprimis
1257 368 1337 390 eum
1364 360 1476 400 rogat,
1505 359 1544 390 ut
1574 357 1636 399 ⁷,ad
1664 357 1791 392 Patres
1817 358 1894 393 siue

124 407 314 447 Romanos,
349 406 427 440 siue
454 406 602 440 Petrum
631 406 813 441 Canisium
851 409 887 441 et
912 408 1066 442 Paulum
1093 409 1292 451 Hoffaeum,
1329 410 1389 453 qui
1424 421 1480 443 me
1515 410 1721 445 discedente
1746 411 1781 445 in
1810 411 1892 446 Pro-

125 460 243 494 uincia
260 459 454 504 superioris
474 458 687 494 Germaniae
712 461 816 505 primi
844 461 954 501 fuere,
981 473 1086 506 quam
1108 462 1281 496 citissime
1299 463 1446 504 scribas,
1474 462 1569 497 hunc
1590 475 1709 497 meum
1735 464 1893 499 animum

124 523 292 557 exponas,
327 514 362 546 et
388 512 471 556 quid
497 512 701 547 faciendum
727 515 775 547 sit
802 514 845 548 ab
872 514 960 559 ipsis
986 515 1132 556 rescias,
1160 515 1337 559 simulque
1363 527 1441 549 meo
1467 517 1608 550 nomine
1634 528 1749 560 roges,
1784 529 1829 551 ne
1855 529 1893 552 se

124 565 292 600 difficiles
326 565 394 599 hac
429 565 465 599 in
500 568 602 610 parte
637 567 870 610 p1·aebeant“.
920 567 991 601 Per
1025 568 1201 609 nuntium,
1238 568 1299 612 qui
1335 568 1525 613 epistulam
1552 569 1754 615 Blyssemio
1780 570 1894 612 affert,

123 619 145 652 4
172 630 335 653 nummos
370 630 497 653 aureos
532 618 647 653 eidem
683 619 804 661 mittit,
845 632 907 662 „ne
943 621 1113 666 expensis
1148 622 1184 655 in
1218 621 1367 656 nuncios
1403 622 1578 656 faciendis
1613 625 1785 665 grauetur
1817 622 1892 657 Col-

123 671 296 714 legium..
317 699 323 706 .
344 699 350 706 .
403 671 448 705 Et
483 673 651 716 quoniam
686 673 838 717 ipsemet
873 673 931 707 hic
965 674 1117 708 nuncius
1142 674 1294 708 vlterius
1320 674 1497 719 proficisci
1522 687 1591 709 non
1618 678 1737 720 potest
1763 687 1822 710 oro
1848 688 1893 710 ne

123 724 171 759 sit
196 724 387 759 molestum
414 725 569 769 aliquem
597 726 706 760 alium
734 738 907 770 quaerere
934 727 994 771 qui
1020 739 1134 771 vsque
1161 728 1204 761 ad
1232 728 1270 762 P.
1291 727 1474 762 Canisium
1500 728 1758 773 proficiscatur.
1801 729 1893 763 Jnde

124 779 218 812 enim
253 778 283 812 si
319 790 408 822 opus
442 778 562 819 fuerit,
598 779 704 813 facile
739 780 774 813 in
800 779 934 814 Vrbem
970 780 1112 814 litterae
1146 781 1241 815 mitti
1277 781 1464 826 poterunt“
1505 783 1567 825 (ex
1598 782 1804 827 apographo
1830 794 1893 827 per

126 831 367 875 Blyssemium
402 832 445 865 ad
481 832 515 866 S.
535 832 766 867 Franciscum
802 833 969 877 Borgiam
1006 833 1135 875 misso3
1171 834 1213 868 G.
1241 834 1304 879 Ep.
1332 834 1382 868 XI
1418 835 1552 878 f.87³).
1603 835 1741 879 Itaque,
1775 835 1894 880 inquit

124 885 273 929 antiqua
306 884 368 918 illa
403 885 545 928 collegii
580 885 754 929 dilingani
780 888 982 930 *Historia,
1018 887 1199 922 Kleselius
1239 887 1366 933 „redijt
1400 888 1435 922 in
1462 888 1568 929 viam,
1606 890 1641 922 et
1667 889 1816 932 Pragae,
1852 890 1893 922 vt

123 938 226 972 nobis
251 938 424 983 scriptum
452 941 517 980 est,
553 950 671 973 coram
699 939 988 985 Archiepiscopo,
1025 941 1145 984 legato
1170 941 1388 986 Apostolico,
1426 941 1585 985 virisque
1620 941 1800 987 primarijs
1828 942 1892 976 Ca-

124 991 294 1025 tholicam
320 991 426 1025 fidem
453 992 567 1026 denuo
593 993 777 1037 professus
804 996 860 1027 est
884 1005 950 1027 nec
975 996 1095 1028 tamen
1122 995 1156 1028 in
1178 994 1391 1029 Societatem
1411 995 1597 1039 receptus“
1621 994 1723 1039 (Cod.
1741 995 1891 1038 friburg.

128 1044 243 1086 „Hist.
275 1044 356 1078 coll.
383 1044 474 1079 Dil.“
504 1045 564 1089 [cf.
596 1046 681 1080 Cau.
710 1046 759 1080 IV
785 1046 905 1089 LXXII]
943 1047 1053 1091 1152).
1106 1047 1246 1089 Postea,
1283 1047 1399 1091 inquit
1433 1049 1649 1091 Sacclzirms,
1690 1048 1889 1089 „libellum“

124 1109 265 1141 quoque
291 1098 325 1131 in
353 1109 510 1132 errorum
533 1098 840 1141 „detestationem,
868 1103 904 1134 et
921 1100 1265 1134 commendationem
1285 1100 1492 1135 Catholicae
1510 1101 1710 1146 sapientiae
1736 1101 1891 1146 scripsit,

124 1152 159 1184 et
186 1150 368 1193 vulgauit:
397 1151 616 1195 eandemque
643 1152 811 1197 deinceps
836 1156 982 1187 strenue
1009 1154 1213 1195 defendens,
1240 1165 1282 1188 ac
1307 1154 1529 1198 praedicans,
1556 1154 1601 1188 ad
1627 1156 1807 1188 senectam
1834 1165 1891 1188 vs-

124 1215 192 1247 que
218 1205 485 1248 perseuerauit“
518 1204 628 1248 (Hist.
657 1205 689 1240 S.
711 1206 743 1240 J.
762 1206 824 1248 ΙΙΙ,
851 1206 873 1240 Ι.
893 1207 924 1248 5,
951 1219 984 1240 n.
1006 1207 1091 1247 1053
1121 1207 1166 1241 cf.
1194 1207 1301 1241 etiam
1329 1208 1521 1242 Soa-herum
1547 1207 1570 1242 l.
1591 1219 1619 1241 c.
1638 1207 1662 1242 1.
1681 1208 1713 1248 4,
1739 1219 1773 1241 n.
1795 1207 1890 1251 130).

242 1267 394 1311 Borgias
421 1268 564 1303 Canisio
590 1281 653 1313 per
680 1269 874 1304 Polancum
900 1271 1084 1316 respondit
1109 1270 1264 1306 Tusculo
1292 1271 1347 1306 23.
1368 1270 1588 1316 Septembris
1618 1271 1718 1306 1569.

125 1381 278 1418 1684.
370 1383 431 1419 P.
459 1383 887 1421 FRANGISCUS
916 1385 1314 1423 TURRIANUS
1343 1385 1396 1422 S.
1416 1386 1470 1422 J.
1499 1386 1700 1421 CANISIO.

477 1438 589 1472 Roma
614 1438 708 1472 inter
733 1439 917 1473 ineuntem
942 1451 988 1474 m.
1008 1440 1253 1485 Septembrem
1282 1442 1316 1473 et
1343 1440 1498 1474 medium
1526 1440 1718 1474 Octobrem
1742 1441 1842 1475 1569.

242 1503 311 1545 Ea,
337 1514 427 1546 quae
447 1514 518 1546 pro
548 1503 751 1537 Canonibns
777 1505 1026 1547 Apostolorum
1053 1510 1083 1538 et
1102 1517 1174 1548 pro
1202 1506 1395 1549 „Epistolis
1414 1506 1657 1539 Decretalibus
1679 1505 1890 1546 Pontificum

123 1554 433 1598 Apostolicorum“
461 1557 629 1590 adversus
658 1558 923 1591 Cenum-latores
949 1559 1264 1602 sssaydehmyenses
1289 1560 1443 1602 scripsit,
1474 1559 1618 1592 Canisio
1645 1560 1761 1602 mittit,
1787 1562 1825 1592 ut
1851 1569 1890 1590 ea

123 1608 217 1650 typis
243 1609 473 1642 escscribenda
500 1614 607 1643 curet.
661 1610 777 1643 Simul
803 1623 880 1643 eum
907 1616 1030 1654 monet,
1066 1612 1209 1654 efficiat,
1247 1617 1285 1645 ut
1311 1612 1501 1655 prioribus
1527 1612 1661 1645 duobus
1687 1612 1789 1645 libris
1817 1611 1892 1656 „De

123 1662 372 1695 Hierarclmsscis
394 1662 710 1696 Ordc'nate‘onibzc3“
731 1675 753 1696 α
771 1675 805 1697 se.
822 1665 976 1707 scriptis,
1003 1667 1066 1708 qni
1084 1665 1254 1707 Dilinyae
1279 1666 1515 1709 mentiantur,
1542 1666 1667 1698 tertius
1685 1665 1761 1708 „De
1779 1665 1892 1697 sacri-

124 1713 226 1756 ficio“
254 1716 486 1758 adizmyatur.
539 1717 653 1750 Plura
680 1728 708 1750 v.
737 1718 850 1759 infra,
877 1729 928 1760 ep.
950 1730 983 1751 n.
1004 1721 1105 1752 1693.

126 1829 280 1866 1685.
391 1830 452 1866 P.
492 1830 792 1868 IOANNES
831 1832 923 1868 DE
964 1832 1281 1869 POLANCO
1325 1834 1542 1868 secretarius
1582 1833 1770 1868 Societatis
1809 1833 1890 1867 Iesu

315 1885 486 1920 mandatu
513 1886 546 1920 S.
566 1886 748 1920 Francisci
775 1887 928 1930 Borgiae
954 1887 1150 1932 praepositi
1177 1887 1356 1931 generalis
1384 1886 1585 1921 CANISIO.

1233 1940 1388 1974 Tusculo
1415 1941 1470 1974 23.
1499 1939 1721 1985 Septembris
1741 1940 1844 1973 1569.

243 2000 299 2035 Ex
327 2001 533 2047 apographo
560 2003 670 2038 eiusd.
698 2006 827 2048 temp.;
862 2004 898 2038 in
925 2005 1095 2047 margine,
1127 2005 1250 2038 eadem
1277 2017 1402 2040 manu:
1443 2006 1629 2048 „Augusta
1655 2004 1694 2039 P.
1715 2004 1889 2038 Canisio“.

125 2053 244 2088 Germ.
266 2055 309 2089 70
335 2055 359 2090 f.
381 2056 435 2090 10.
486 2056 672 2100 Epistulae
698 2057 912 2102 particulam
939 2057 1068 2101 gallice
1097 2059 1207 2092 vertit
1234 2059 1334 2092 Saum
1360 2058 1382 2092 l.
1411 2070 1439 2093 c.
1466 2059 1546 2092 452.

243 2121 283 2154 P.
301 2121 417 2154 Rocca
428 2122 535 2164 pedes
552 2133 627 2154 cum
647 2123 783 2155 modico
803 2123 927 2155 viatico
947 2125 984 2156 in
1002 2124 1148 2156 Italiam
1166 2124 1333 2156 mittetur.
1368 2123 1517 2156 Kleselii
1539 2124 1694 2165 facinus.
1729 2123 1892 2165 anatt'us

124 2174 270 2217 (licebat,
304 2175 372 2207 sibi
394 2176 536 2217 ,oratius
562 2186 640 2218 esse,
675 2177 706 2208 si
740 2175 840 2209 homo
876 2177 992 2209 malus
1018 2177 1189 2210 Societate
1223 2177 1456 2220 eyrederetur,
1493 2187 1598 2220 quam
1625 2178 1655 2209 si
1681 2177 1790 2209 bonus
1816 2187 1891 2209 eam

126 2227 381 2269 z'nyrederetur.
432 2228 551 2271 Neque
576 2233 691 2261 tamen
718 2230 890 2262 eiusmodi
915 2229 1073 2262 homines
1099 2230 1162 2262 (liu
1186 2230 1328 2271 ferendi
1354 2234 1468 2263 erunt.
1516 2230 1697 2272 Quidquid
1726 2229 1892 2262 canisius

126 2281 389 2323 commendavit,
418 2282 571 2324 Hoffaeo
597 2293 704 2315 curae
730 2284 818 2323 erim
844 2283 935 2315 idem
957 2283 1148 2324 Oeniponte
1173 2283 1385 2316 morabitur.
1427 2283 1594 2326 Fugsyeri.
1641 2283 1807 2316 Canisius
1829 2286 1891 2315 aut

125 2334 295 2376 Dilinyae
329 2345 473 2367 manere
508 2339 571 2367 αειί
596 2336 780 2379 Auynstae
813 2337 1039 2378 scriptionem
1070 2337 1241 2379 prosequi
1277 2347 1336 2369 nec
1371 2337 1626 2378 confessarium
1659 2346 1761 2379 aye-re
1786 2336 1890 2370 debet.

133 2387 315 2420 Gibbomcs
340 2388 379 2420 in
407 2389 588 2431 colleyizmt
611 2389 856 2431 germanicum
882 2389 1084 2431 recipietur.

243 2452 337 2494 Pax
371 2458 441 2495 etc.
501 2453 546 2495 Si
578 2468 601 2495 e
633 2453 830 2496 riceuuta
862 2454 1006 2507 quella
1039 2454 1081 2495 di
1114 2454 1165 2496 V.
1190 2454 1241 2496 R.
1277 2454 1318 2495 di
1352 2456 1420 2497 28.
1455 2454 1523 2495 del
1555 2455 1746 2507 passatO.
1781 2453 1890 2495 doue

126 2516 268 2557 scriue
299 2516 330 2558 il
362 2531 439 2559 suo
480 2532 634 2572 parere
677 2519 790 2560 circa
821 2520 864 2560 la
896 2521 1058 2561 uenuta
1090 2519 1159 2561 del
1192 2519 1237 2562 P.
1263 2519 1506 2561 Francesco
1539 2519 1580 2560 di
1613 2517 1761 2559 Rocha
1776 2519 1802 2568 1,
1846 2520 1891 2559 et

125 2594 230 2634 pare
262 2581 292 2622 il
324 2582 558 2625 medesimo
591 2586 714 2626 sente
746 2584 776 2625 il
809 2584 855 2626 P.
880 2584 1181 2626 Prouinciale2
1213 2598 1291 2638 per
1323 2586 1560 2633 un'aaan
1595 2585 1640 2624 et
1671 2582 1726 2625 N.
1752 2583 1890 2624 Padre

127 2644 162 2686 si
195 2648 412 2697 contenta,
456 2650 499 2689 et
540 2648 576 2689 si
618 2649 757 2690 scriue
799 2649 840 2690 al
873 2649 919 2692 P.
944 2649 1216 2691 Prouinciale
1258 2649 1298 2691 lo
1340 2648 1483 2690 mandi
1521 2663 1600 2702 pur
1633 2650 1658 2689 a
1690 2647 1814 2701 piede
1847 2649 1891 2690 et

127 2722 205 2750 con
248 2710 405 2753 uiatico
447 2712 529 2754 ben
570 2714 808 2765 moderato,
852 2717 896 2756 et
937 2717 1116 2768 passato
1160 2716 1227 2756 un’
1247 2727 1358 2755 anno
1400 2714 1470 2755 nel
1512 2713 1638 2766 quale
1680 2715 1805 2755 senta
1846 2715 1890 2755 et

129 2773 310 2827 pratichi
343 2775 371 2816 li
405 2777 493 2818 casi
527 2778 578 2819 de
611 2779 889 2830 conscientia,
922 2779 1087 2821 hauera
1119 2779 1161 2820 di
1192 2779 1420 2820 ritornare.

246 2838 368 2880 Circa
399 2840 428 2881 il
455 2842 682 2892 Klesselio‚
717 2846 801 2896 qua
834 2858 918 2885 non
952 2844 990 2885 ci
1021 2844 1078 2886 ha
1111 2844 1212 2885 dato
1245 2846 1400 2897 troppo
1434 2842 1719 2885 admiratione
1750 2841 1779 2882 il
1812 2855 1889 2883 suo

128 2901 253 2952 fatto,
297 2905 481 2946 secondo
522 2906 562 2947 le
603 2908 812 2960 premisse
854 2909 931 2950 che
971 2909 1008 2950 si
1050 2923 1181 2951 erano
1214 2911 1365 2950 notate
1396 2907 1439 2949 in
1472 2907 1543 2957 lui,
1587 2907 1668 2948 Dio
1701 2907 1730 2948 li
1761 2906 1889 2949 habbi

247 2978 275 3004 a)
306 2978 341 3002 In
361 2987 406 3009 ap.
428 2980 559 3010 sequitur
579 2980 666 3013 altra,
686 2991 702 3007 (1
723 2984 790 3007 Iilw.
812 2984 900 3008 omitt.

250 3061 260 3080 ¹
285 3060 375 3094 Vide
402 3073 510 3106 supra
536 3037 568 3107 p
590 3064 667 3098 3:37.
813 3066 825 3085 ²
853 3065 986 3100 Paulus
1012 3066 1171 3100 Hoffaus.
