2044 3335
129 182 220 218 1568

113 408 224 450 1568

129 678 219 714 1568

129 844 219 879 1568

129 1010 219 1046 1568

128 1175 219 1211 1568

129 1289 219 1324 1568

128 1509 219 1544 1568

127 1567 218 1603 1568

111 1695 223 1736 1568

128 1903 218 1939 1568

129 2016 218 2051 1568

129 2183 218 2217 1568

129 2296 220 2331 1568

129 2518 219 2554 1568

130 2632 220 2667 1568

131 2798 220 2833 1568

130 2911 221 2946 1568

560 63 651 99 1568
677 64 764 109 Apr.
783 64 840 98 26.
858 83 903 87 —
925 63 1015 99 1568
1042 64 1197 97 exeunte
1222 73 1268 96 m.
1287 62 1372 97 Dec.

317 180 413 215 circa
436 180 514 214 init.
533 179 600 214 Iul.

370 405 448 449 Iul.
474 406 543 448 23.

385 677 478 720 Aug.
501 676 530 711 1.

385 842 478 887 Aug.
500 843 531 877 1.

304 1009 398 1043 inter
416 1009 472 1043 27.
491 1008 556 1043 Iul.
576 1010 613 1043 et

376 1062 432 1097 21.
448 1064 540 1106 Aug.

411 1175 504 1219 Aug.

387 1290 527 1322 aestate

329 1509 421 1552 Aug.
440 1510 594 1542 exeunte

361 1570 501 1603 aestate
526 1570 563 1602 et

374 1624 546 1656 autumno

382 1695 478 1738 Oct.
504 1697 543 1737 2.

393 1903 472 1940 Oct.
491 1905 523 1940 3.

392 2017 472 2053 Oct.
491 2018 523 2053 6.

338 2183 416 2219 Oct.
436 2186 473 2219 et
488 2184 580 2220 Nov.

375 2297 466 2332 Nov.
486 2298 542 2334 22.

388 2518 473 2555 Dec.
494 2520 526 2555 1.

387 2632 472 2668 Dec.
491 2633 525 2669 9.

329 2801 411 2844 post
437 2800 491 2834 10.
510 2799 595 2835 Dec.

285 2851 366 2896 (sub
392 2853 484 2888 med.
504 2853 589 2888 Dec.
599 2853 634 2897 5³)

297 2915 453 2946 exeunte
473 2924 517 2946 m.
534 2912 619 2947 Dec.

1729 71 1853 95 XXXIX

673 179 707 214 S.
726 179 917 213 Francisco
934 178 1088 222 Borgiae
1113 177 1319 222 praeposito
1345 177 1506 221 generali
1531 177 1655 219 instat,
1681 180 1723 212 ut
1739 189 1853 212 novos

732 232 875 266 sodales
900 232 936 266 in
963 231 1193 267 Germaniam
1218 231 1438 276 superiorem
1464 231 1587 264 mittat
1614 233 1650 265 et
1675 231 1852 265 sodalium

732 285 872 329 aliquot
896 285 1026 319 ibidem
1053 285 1097 318 ad
1123 284 1364 318 sacerdotium
1391 284 1715 329 promovendorum
1741 284 1854 318 facul-

732 341 845 373 tatem
872 339 1046 374 concedat
1073 338 1188 381 (581).

653 402 715 449 iS.
749 406 853 447 Pius
894 406 970 456 V.‚
1016 405 1060 447 C.
1107 404 1287 446 consilia
1331 407 1621 458 suggerente,
1672 418 1853 457 congre-

733 471 955 524 gationem
988 469 1271 512 cardinalium
1309 469 1513 517 instituit.
1557 469 1628 522 qui
1662 469 1854 511 haereti-

734 551 829 585 cos,
877 535 1088 590 imprimis
1135 537 1434 589 protestantes
1474 535 1755 586 Germaniae,
1799 535 1855 577 ad

734 601 961 644 ecclesiam
994 600 1265 643 reducendos
1299 603 1451 642 curent
1483 600 1621 654 (582).

674 677 866 712 Societatis
903 676 1055 711 noviciis
1094 676 1137 710 ad
1176 676 1211 710 S.
1238 676 1404 709 Andreae
1436 676 1532 720 piam
1572 675 1856 710 cohortationem

733 731 871 765 faciens
898 730 932 765 S.
952 730 1132 764 Stanislao
1159 729 1322 764 Kostkae
1358 741 1503 763 causam
1541 729 1691 774 praebet
1716 729 1855 771 mortis,

734 795 841 828 quam
868 784 899 818 is
925 784 1087 828 proxime
1114 782 1276 817 obiturus
1303 784 1368 824 est,
1401 783 1664 827 praedicendae
1692 782 1808 826 (585).

674 843 746 878 ΡΡ.
766 843 942 884 Oanisius,
978 843 1151 884 Palmius,
1187 842 1248 876 alii
1275 854 1294 876 a
1321 841 1496 876 cardinali
1524 842 1702 887 Delphino
1729 842 1773 876 ad
1801 853 1856 876 ce·

733 909 815 931 nam
853 896 991 939 vocati,
1030 899 1105 931 toto
1141 908 1181 930 eo
1216 899 1377 941 tempore
1413 896 1457 930 de
1492 896 1600 930 rebus
1630 896 1778 941 pietatis
1808 895 1857 930 lo-

734 952 893 995 quuntur
921 950 1038 994 (584).

675 1010 919 1045 Cardinalium
955 1009 1187 1053 congregatio
1221 1009 1415 1043 haereticis
1448 1009 1662 1043 reducendis
1689 1009 1858 1044 instituta

734 1064 906 1109 praelatis
942 1063 1058 1097 deviis
1092 1062 1324 1097 severitatem
1353 1062 1523 1096 adhibere
1550 1063 1690 1104 statuit,
1726 1063 1789 1096 sed
1817 1061 1856 1097 C.

734 1119 904 1152 suaviora
929 1117 1104 1151 suadente
1131 1117 1321 1151 consilium
1347 1119 1465 1150 mutat
1494 1116 1610 1160 (583).

674 1179 823 1212 Iacobus
850 1178 1018 1211 Andreae
1043 1177 1256 1210 lutheranus
1281 1178 1320 1210 in
1347 1177 1461 1210 libello
1493 1177 1678 1220 Tecbinyae
1704 1177 1795 1210 edito
1818 1175 1854 1211 C.

735 1233 981 1265 calumniatur
1008 1230 1124 1273 (673).

654 1291 713 1342 (C.
739 1293 869 1335 rogatu
895 1290 1054 1324 Thomae
1080 1302 1101 1324 a
1127 1290 1242 1335 Spaur
1269 1290 1488 1324 coadiutoris
1514 1290 1734 1325 brixinensis
1759 1290 1854 1324 litte-

733 1356 793 1378 ras
819 1344 1024 1383 conscribit,
1050 1355 1114 1387 per
1140 1355 1231 1387 quas
1257 1343 1414 1378 Thomas
1438 1343 1669 1378 Elisabethae
1695 1355 1716 1378 a
1739 1343 1856 1388 Spaur

733 1397 951 1443 persuadere
969 1399 1129 1438 conetur,
1156 1400 1196 1431 ut
1222 1409 1267 1430 ex
1285 1397 1582 1442 protestantismo
1601 1397 1645 1431 ad
1665 1397 1855 1432 ecclesiam

734 1451 948 1486 catholicam
975 1451 1100 1484 redeat
1129 1450 1243 1493 (212).

653 1511 844 1547 'Graviter
870 1512 1035 1555 aegrotat
1065 1511 1149 1554 (208
1176 1511 1275 1553 592).

673 1571 884 1607 Cardinales
911 1571 986 1605 adit
1012 1573 1048 1604 et
1073 1573 1188 1614 rogat,
1215 1573 1255 1604 ut
1273 1582 1311 1604 se
1330 1570 1364 1604 in
1384 1570 1611 1605 cardinalatu
1630 1570 1854 1616 deprecando

733 1625 828 1670 apud
854 1624 1060 1669 pontificem
1087 1624 1261 1658 adiuvent
1290 1624 1404 1667 (732).

672 1697 721 1739 In
764 1697 890 1738 domo
931 1696 1132 1752 professa
1175 1696 1406 1739 Societatis
1448 1696 1678 1740 incohatur
1720 1698 1854 1750 „Gon—

733 1762 933 1816 gregatio
962 1762 1349 1811 Procuratorum“;
1385 1762 1452 1803 cui
1476 1762 1518 1805 C.
1543 1762 1729 1806 interest
1754 1778 1855 1818 pro-

734 1831 910 1870 curator
943 1828 1202 1870 Germaniae
1235 1827 1471 1882 superioris
1504 1828 1641 1882 (589).

675 1905 916 1949 Congregatio
952 1904 1149 1945 constituit,
1191 1915 1261 1948 qua
1288 1904 1426 1938 ratione
1456 1904 1769 1946 „informationes“
1801 1918 1858 1941 ca-

734 1959 885 2004 piendae
911 1961 947 1992 et
973 1958 1176 1992 sententiae
1203 1958 1374 1992 dicendae
1400 1958 1474 1992 sint
1503 1959 1618 2002 (590).

675 2019 842 2054 Omnium
879 2021 1181 2062 congregatorum
1217 2029 1394 2052 consensu
1426 2018 1613 2053 definitur:
1654 2019 1859 2063 Congrega-

733 2073 867 2107 tionem
901 2072 1108 2116 generalem
1144 2072 1341 2115 cogendam
1376 2084 1446 2106 non
1474 2084 1564 2107 esse.
1618 2072 1860 2117 congregatio

734 2132 1006 2171 procuratorum
1034 2125 1229 2160 dimittitur
1257 2125 1373 2169 (591).

676 2185 713 2221 C.
740 2189 823 2231 post
849 2185 1165 2228 congregationem
1193 2185 1307 2229 (iussu
1328 2185 1361 2219 S.
1381 2185 1436 2218 Pii
1455 2185 1499 2219 V.
1513 2186 1546 2228 ‘?)
1578 2185 1712 2219 Romae
1739 2188 1861 2220 manet

738 2239 854 2283 (597).

675 2298 712 2334 C.
742 2300 776 2333 et
804 2298 982 2333 Polancus
1008 2298 1042 2332 S.
1063 2297 1167 2332 Pium
1193 2297 1238 2333 V.
1274 2298 1409 2332 adeunt
1445 2299 1481 2331 et
1518 2297 1561 2331 ab
1598 2310 1638 2332 eo
1674 2297 1788 2332 Sociis
1823 2300 1860 2332 et

735 2352 912 2397 episcopis
927 2352 1048 2386 varias
1067 2352 1262 2386 facultates
1281 2352 1478 2396 impetrant
1495 2352 1539 2385 ad
1558 2351 1860 2395 irregularitates,

734 2408 884 2451 peccata
910 2408 1109 2447 reservata,
1141 2405 1313 2440 librorum
1341 2406 1651 2450 expurgationem,
1685 2405 1860 2440 beneficia

734 2459 929 2494 simoniace
957 2462 1166 2505 comparata
1192 2462 1399 2504 spectantes
1428 2459 1542 2502 (597).

676 2518 714 2554 O.
741 2531 822 2553 cum
850 2519 954 2554 Laur.
983 2519 1125 2553 Casalio
1151 2520 1264 2553 fratre
1294 2519 1386 2553 laico
1413 2518 1527 2553 Roma
1561 2518 1597 2552 in
1626 2518 1858 2553 Germaniam

655 2614 657 2625 θ
734 2573 976 2618 proficiscitur
1005 2573 1119 2616 (235).

674 2631 903 2668 Florentiam
930 2633 1087 2666 advenit.
1131 2633 1184 2667 Ibi
1211 2632 1382 2666 Ioannam
1409 2631 1627 2666 Ferdinandi
1653 2632 1679 2666 I.
1707 2631 1858 2677 impera-

655 2680 657 2688 *
733 2686 822 2720 toris
857 2685 969 2720 filiam
1001 2686 1223 2730 eandemque
1250 2686 1435 2720 Francisci
1462 2685 1617 2719 Tusciae
1644 2685 1746 2719 ducis
1773 2697 1858 2720 uxo-

734 2751 810 2773 rem
836 2739 973 2774 salutat
999 2743 1036 2773 et
1061 2739 1096 2773 in
1123 2740 1271 2785 pietatis
1294 2740 1414 2774 studio
1439 2739 1629 2773 confirmat
1649 2738 1734 2783 (235
1760 2739 1859 2784 599).

675 2797 873 2834 Bononiam
899 2799 1001 2844 petit.
1044 2799 1086 2833 In
1104 2799 1296 2834 Societatis
1320 2799 1472 2842 collegio
1491 2799 1675 2844 paulisper
1692 2799 1861 2833 subsistit

739 2853 823 2895 (235
851 2853 950 2896 600).

674 2910 873 2947 Ferrariae
892 2912 1089 2946 Barbaram
1108 2912 1325 2946 Ferdinandi
1344 2912 1370 2947 I.
1389 2911 1620 2957 imperatoris
1643 2912 1753 2946 filiam
1777 2923 1858 2946 ean-

735 2965 888 3009 demque
906 2965 1082 3010 Alphonsi
1102 2966 1290 3000 Ferrariae
1316 2966 1418 3000 ducis
1445 2966 1635 3008 coniugem
1662 2966 1739 3000 adit
1764 2967 1799 3000 et
1822 2965 1859 2999 in

735 3019 881 3064 pietatis
899 3020 1018 3053 studio
1037 3019 1245 3060 confir1nat;
1273 3020 1411 3054 frustra
1429 3022 1550 3053 tamen
1572 3019 1616 3054 ab
1635 3031 1677 3053 ea
1695 3019 1798 3064 petit,
1817 3021 1858 3053 ut

736 3073 996 3107 confessarium
1022 3073 1059 3107 in
1078 3073 1310 3107 Germaniam
1337 3074 1453 3107 redire
1479 3073 1577 3108 sinat
1598 3073 1685 3116 (244
1711 3073 1809 3117 599).
