2044 3335
126 73 228 109 1590.
256 72 342 108 Can.
360 72 473 107 Paulo
491 72 652 107 Hoffaeo.
691 71 805 107 Roma
830 73 924 107 inter
947 75 1091 108 exeunt.
1109 84 1156 107 m.
1175 72 1268 115 Aug.
1288 73 1323 105 et
1342 71 1476 105 ineunt.
1494 69 1572 106 Oct.
1591 70 1693 105 1568.
1760 74 1845 114 213

75 189 283 236 pelleretur,
309 188 340 223 si
367 187 622 222 eucharistiam
649 187 827 223 catholico
854 190 927 223 ritu
953 199 1094 223 sumere
1114 189 1306 229 ¹recusaret
1332 186 1447 230 (Hirn
1475 186 1498 221 1.
1526 198 1555 221 c.
1581 186 1597 220 I
1627 186 1721 230 136).
1765 186 1847 220 For-

74 246 173 278 tasse
199 241 365 277 Canisius
392 252 472 275 cum
499 240 709 275 Elisabetha
736 241 857 275 verbis
884 253 1026 286 quoque
1053 241 1138 284 egit,
1173 251 1254 274 cum
1282 243 1438 274 exeunte
1464 251 1511 274 m.
1538 239 1634 274 Maio
1663 239 1753 274 1568
1781 239 1847 274 Ro-

77 307 172 331 mam
197 297 326 340 petens
351 306 416 339 per
442 293 679 338 Oenipontem
707 295 880 329 transiret
907 295 968 338 [cf.
995 294 1100 335 infra,
1126 305 1220 327 mon.
1247 293 1287 327 it.
1317 292 1407 337 (2)];
1437 295 1515 327 erat
1540 292 1603 327 illa
1629 304 1675 327 ex
1699 304 1847 326 numero

75 349 289 383 feminarum
314 347 499 387 nobilium,
537 358 628 391 quae
662 347 699 381 in
726 359 808 381 arce
835 348 990 382 Ambras
1016 359 1127 393 prope
1154 346 1391 391 Oenipontem
1427 346 1498 380 sita
1534 357 1615 380 cum
1642 345 1848 390 Philippina

74 401 237 443 Velsera,
262 400 480 434 Ferdinandi
498 400 543 435 11.
563 399 767 434 archiducis
785 412 907 442 uxore,
933 411 1190 444 nonnunquam
1209 400 1449 434 versabantur
1470 399 1587 442 (Hirn
1604 398 1626 432 1.
1647 410 1676 433 c.
1696 399 1729 433 ΙΙ
1748 397 1846 442 334).

75 521 229 558 1590.
305 521 523 556 CANISIUS
549 520 611 556 P.
638 520 868 557 PAULO
896 519 1224 557 HOFFAEO
1254 519 1307 556 S.
1328 519 1382 556 J.
1411 520 1626 555 Germaniae
1652 520 1849 565 superioris

264 574 574 620 viceprovinciali.
756 575 870 609 Roma
896 575 990 610 inter
1016 577 1162 609 exeunt.
1190 586 1236 609 m.
1258 576 1350 618 Aug.
1379 576 1413 608 et
1441 574 1576 609 ineunt.
1597 573 1676 608 Oct.
1698 573 1800 608 1568.

194 639 250 674 Ex
276 639 416 674 Hoffaei
443 639 609 684 epistulis
636 639 884 685 autographis.
936 641 978 676 G.
1007 640 1071 685 Ep.
1098 640 1149 675 IX
1174 640 1199 674 f.
1230 640 1298 674 139
1328 640 1425 674 176³.

196 705 247 738 De
271 705 454 738 sodalibus
480 705 528 738 ad
553 715 676 738 sacros
701 705 846 738 ordines
864 706 1126 748 promovendis.

198 764 286 797 Cum
312 764 348 797 S.
369 764 456 800 Pius
474 764 512 797 V.
540 774 574 797 a.
590 765 684 797 1566
710 764 963 807 interdixisset,
991 776 1032 797 ne
1058 765 1139 807 quis
1163 764 1354 808 reli'yiosics
1379 764 1427 796 ad
1452 773 1574 796 sacros
1600 763 1743 796 ordines
1766 772 1849 805 pro-

74 821 282 860 moveretur,
300 821 491 861 antequam
507 817 706 850 sollemnem
720 818 978 859 professionem
996 818 1134 860 fecisset
1153 818 1265 858 (Can.
1284 818 1317 850 V
1331 817 1433 860 487),
1461 817 1500 850 P.
1520 816 1658 849 Paulus
1676 816 1850 858 Hoffaeus

78 871 295 904 Germaniae
319 872 520 914 superioris
537 871 844 913 viceprovincialis
864 873 1019 914 petierat
1038 873 1096 913 (ut
1114 870 1285 914 videtur),
1314 875 1351 903 nt
1378 882 1418 903 ea
1445 871 1482 903 in
1511 871 1581 912 lnge
1608 880 1685 902 cum
1712 869 1849 911 aliquot

73 924 255 957 sodalibus
287 925 363 957 suis
388 924 522 957 Romae
555 924 836 967 dispensaretur.
887 925 941 957 De
976 935 1047 968 qua
1083 925 1346 967 dispensatione
1377 924 1567 966 Oeniponte
1604 925 1657 956 18.
1691 922 1849 956 Octobris

74 978 168 1010 1568
193 978 241 1010 ad
266 977 304 1010 S.
330 977 567 1010 Franciscnm
588 977 759 1021 Boryiam
780 979 1027 1020 praepositum
1050 978 1250 1021 generalem
1275 978 1441 1020 scripsit:
1468 977 1578 1021 „Vide
1602 987 1655 1009 me
1681 985 1849 1018 maynnm

74 1040 232 1064 errorem
258 1030 491 1063 commisisse:
517 1030 629 1073 plane
664 1041 707 1063 ex
732 1031 847 1063 literis
874 1030 911 1064 P.
943 1031 1083 1073 Canis-ij
1106 1031 1363 1073 intellexeram,
1399 1031 1529 1063 habere
1562 1041 1615 1062 me
1640 1030 1849 1071 facultatem

68 1083 309 1126 promouendi
334 1094 377 1116 esc
401 1084 557 1126 quadam
583 1084 847 1126 dispensatione
872 1088 943 1117 tres
967 1085 1104 1126 fratres
1129 1085 1178 1117 ad
1200 1095 1323 1117 sacros
1341 1084 1497 1127 ordines,
1523 1084 1599 1116 sine
1618 1082 1851 1125 praecedente

68 1137 302 1180 professione,
335 1137 516 1180 solamque
541 1137 689 1170 illorum
716 1137 905 1171 bonitatem.
932 1141 962 1170 et
988 1142 1134 1171 aetatem
1161 1138 1299 1171 nnllam
1325 1138 1512 1170 admittere
1538 1137 1848 1180 dispensationem.

75 1191 206 1233 Jtaque
223 1191 355 1222 curaui
379 1190 420 1223 de
438 1191 596 1224 aliorum
615 1192 762 1224 consilio
789 1191 838 1223 ad
854 1191 1150 1225 subdiaconatum
1164 1191 1377 1234 promouerj
1393 1191 1594 1224 Antonium
1612 1189 1850 1231 Baldninum,

76 1242 269 1276 Matthiam
294 1244 536 1287 Viennensem,
563 1248 593 1277 et
619 1244 871 1288 IVolfyanyum
892 1245 1129 1279 Arcularinm
1144 1245 1165 1288 ¹,
1193 1256 1294 1288 quem
1316 1248 1534 1288 postremum
1559 1248 1673 1277 tamen
1701 1243 1762 1275 vix
1787 1253 1850 1285 ap-

74 1302 147 1330 tum
182 1297 302 1330 iudico
338 1297 386 1329 ad
415 1297 674 1340 professionem
709 1298 773 1331 hoc
798 1303 965 1341 tempore.
1013 1298 1293 1341 Cleristophorus
1318 1298 1482 1340 Ziylerns
1514 1298 1629 1330 noluit
1655 1297 1719 1329 hoc
1754 1305 1850 1328 anno

78 1349 256 1392 initiarj2.
296 1350 421 1383 Videat
447 1361 542 1384 nnnc
568 1351 607 1384 P.
627 1352 665 1384 V.
693 1352 866 1394 quomodo
892 1362 998 1385 error
1023 1362 1120 1384 mens
1145 1356 1248 1395 alque
1274 1353 1380 1384 etiam
1406 1362 1465 1394 eyo
1492 1349 1724 1393 castiqandns
1747 1345 1848 1381 sim.“

192 1403 354 1436 Eandem
376 1403 516 1437 Canisii
541 1405 729 1447 epistulam
755 1415 944 1438 romanam
970 1405 1148 1448 Hoffaeus
1172 1405 1378 1448 siynificare
1403 1405 1555 1447 videtur,
1582 1414 1660 1436 cum
1687 1404 1850 1445 Auyusta

76 1459 130 1490 17.
158 1457 360 1490 Decembris
387 1459 480 1491 1568
506 1457 662 1500 Boryiae
687 1458 833 1491 scribit:
869 1459 989 1502 „Quid
1024 1470 1082 1501 eqo
1116 1463 1256 1492 secutus
1290 1459 1357 1491 sim
1392 1459 1430 1491 in
1455 1457 1710 1501 promouendis
1735 1455 1851 1489 tribus

73 1510 254 1553 fratribus
288 1511 336 1543 ad
369 1510 676 1554 subdiaconatum,
713 1512 886 1544 indicabit
921 1513 1065 1555 epistola
1092 1513 1132 1546 P.
1165 1512 1306 1554 Canisij
1338 1513 1386 1545 ad
1419 1523 1472 1544 me
1498 1512 1596 1552 data,
1636 1520 1727 1553 quae
1754 1508 1851 1541 clare

74 1565 161 1597 dicit
185 1568 257 1597 tres
275 1565 489 1607 promoueri
514 1575 557 1597 ex
583 1565 847 1608 dispensatione
867 1576 981 1609 posse,
1010 1577 1071 1599 nec
1090 1566 1193 1598 aliud
1219 1566 1328 1608 exiyit
1354 1576 1462 1609 Quam
1487 1569 1520 1597 vt
1546 1564 1585 1596 in
1605 1563 1746 1596 casibus
1772 1572 1849 1595 con·

73 1618 240 1652 scientiae
265 1618 518 1661 instituantur,
545 1619 636 1652 alios
661 1630 742 1652 vero
768 1621 861 1652 citra
880 1620 1140 1662 professionem
1167 1620 1285 1653 nullos
1305 1618 1518 1662 promoueri
1537 1614 1676 1661 posse.“

192 1682 234 1716 In
259 1681 439 1727 prioribus
465 1681 538 1717 illis
564 1681 709 1725 litteris,
738 1682 939 1727 Oeniponte
958 1683 1064 1725 datis,
1091 1685 1269 1728 Hoffaeus
1286 1684 1375 1718 haec
1395 1684 1437 1718 de
1457 1681 1632 1717 cardinali
1650 1679 1852 1716 Truchsess

76 1735 253 1778 *addidit
288 1747 455 1781 proceres
492 1736 665 1780 quosdam
701 1736 956 1771 secretioribus
991 1736 1196 1771 nominibus
1232 1738 1427 1771 denotans:
1469 1736 1637 1779 „Vtinam
1673 1733 1851 1768 Reueren—

76 1789 245 1823 dissimus
278 1790 515 1833 Augustanus
549 1791 625 1823 tam
659 1789 768 1824 facile
803 1789 974 1835 impetret
1009 1790 1052 1825 ab
1079 1791 1353 1825 Vniuersitate³
1388 1793 1429 1824 vt
1465 1790 1556 1824 citra
1591 1786 1851 1834 professionem

74 1843 187 1888 nostrj
223 1843 259 1877 in
294 1842 555 1877 sacerdotalem
591 1855 779 1878 numerum
815 1856 879 1889 pro
914 1844 1133 1879 necessitate
1169 1844 1293 1878 venire
1328 1844 1479 1890 possint,
1518 1854 1627 1887 quam
1662 1840 1769 1876 facile
1807 1839 1851 1873 ab

75 1897 199 1931 eadem
236 1896 451 1931 Germaniae
489 1897 711 1940 gubernator
748 1898 959 1943 impetrauit
995 1900 1035 1932 vt
1072 1909 1186 1943 parua
1223 1898 1430 1933 naturalia4
1468 1897 1505 1931 in
1543 1896 1636 1930 hanc
1664 1893 1852 1929 Classem⁵

74 1950 182 1984 toties
217 1949 503 1994 ingrederentur.
553 1950 633 1985 Non
669 1951 800 1995 egebat
836 1951 969 1996 Christj
1006 1951 1113 1986 vinea
1147 1952 1228 1986 istis
1266 1963 1300 1997 p.
1327 1951 1566 1991 naturalibus,
1602 1947 1850 1984 sacerdotibus

75 2003 248 2049 operarijs
268 2004 395 2047 egetss:
423 2004 487 2037 vix
513 2007 570 2038 est
595 2004 656 2049 qui
682 2005 778 2039 fame
805 2005 1040 2050 pereuntibus
1066 2017 1196 2050 panem
1214 2005 1400 2049 frangat7,
1426 2007 1491 2039 aut
1513 2004 1681 2047 frangere
1699 2001 1821 2035 velit.“
1839 1999 1851 2019 8

194 2057 228 2091 S.
255 2057 470 2091 Franciscus
496 2057 665 2102 Borgias,
705 2061 900 2103 antequam
939 2058 1073 2093 alteras
1111 2058 1196 2093 illas
1234 2058 1374 2093 Hoffaei
1410 2058 1553 2092 litteras
1591 2056 1738 2101 (quibus
1771 2055 1850 2099 ipsa

76 2110 211 2146 Canisii
237 2110 392 2156 epistula
418 2110 589 2146 adiuncta
615 2111 730 2147 fuisse
757 2112 933 2156 videtur),
960 2113 1174 2158 accepisset,
1207 2112 1399 2147 Hoffaeum
1426 2112 1590 2156 graviter
1615 2107 1849 2154 vituperavit.

74 2164 132 2199 Sic
159 2164 253 2198 enim
288 2164 332 2198 ad
366 2175 448 2198 eum
474 2164 628 2209 Borgiae
654 2165 827 2200 mandatu
856 2167 1034 2200 Polancns
1068 2166 1182 2200 Roma
1212 2166 1265 2200 17.
1292 2165 1509 2201 Novembris
1539 2164 1629 2198 1568
1656 2161 1849 2206 *scripsitz

78 2217 239 2260 „Quanto
275 2217 337 2252 alli
372 2219 429 2251 tre
455 2218 611 2253 ordinati
638 2230 747 2253 senza
772 2219 885 2253 hauer
911 2219 1006 2254 fatta
1040 2220 1076 2254 la
1110 2220 1335 2265 professione
1362 2219 1482 2254 debita
1509 2217 1663 2252 secondo
1689 2215 1710 2249 l’
1727 2214 1850 2249 ordine

74 2271 139 2305 che
166 2271 268 2305 diede
294 2270 320 2305 il
346 2271 540 2314 Pontefice‚
567 2283 653 2317 pare
679 2275 700 2306 a
726 2272 769 2307 N.
798 2273 915 2307 Padre
941 2273 1007 2307 che
1033 2273 1061 2307 s'
1077 2276 1095 2307 e
1122 2273 1215 2308 fatto
1242 2273 1378 2317 grande
1405 2283 1523 2306 errore
1551 2299 1557 2306 .
1587 2273 1623 2305 et
1648 2281 1717 2303 non
1744 2267 1849 2302 uuole

75 2324 140 2359 che
175 2325 211 2359 in
236 2324 342 2359 modo
369 2324 497 2359 aleuno
524 2326 726 2370 procedano
753 2327 814 2371 piu
841 2326 934 2361 oltra
959 2326 1057 2371 negli
1084 2327 1166 2361 altri
1195 2327 1310 2361 ordini
1323 2328 1346 2369 ⁰,
1382 2338 1421 2360 se
1448 2326 1564 2371 prima
1598 2335 1668 2357 non
1694 2321 1849 2357 habbino

197 2433 206 2453 ¹
232 2432 286 2467 De
311 2433 489 2468 Balduino
514 2444 549 2467 v.
577 2444 687 2478 supra
713 2445 746 2478 p.
775 2433 840 2474 82;
867 2433 910 2467 de
935 2433 1092 2468 Matthia
1110 2433 1254 2468 Lakner
1273 2433 1470 2477 (Lackner)
1498 2430 1687 2466 viennensi
1704 2441 1739 2463 v.
1762 2429 1850 2463 Can.

74 2485 124 2520 IV
151 2486 254 2527 648¹;
282 2486 326 2521 de
353 2486 542 2521 Arculario
572 2485 746 2529 (Vietore,
772 2487 904 2531 Fabro)
937 2488 1025 2521 Can.
1046 2487 1078 2521 V
1097 2488 1193 2522 7192.

195 2540 207 2559 ²
232 2540 285 2574 De
319 2539 387 2574 hoo
421 2552 456 2574 v.
487 2541 575 2574 Can.
602 2539 653 2574 111
679 2540 879 2581 494—495‚
909 2544 946 2575 et
970 2552 1081 2586 supra
1106 2553 1139 2586 p.
1162 2541 1224 2582 17;
1262 2552 1293 2575 a.
1316 2539 1407 2575 1568
1434 2539 1635 2584 Oeniponte
1670 2537 1707 2571 in
1733 2537 1849 2581 prima

74 2592 189 2628 classe
215 2593 367 2628 docebat
395 2593 428 2637 (*
443 2592 634 2637 Cataloyics
659 2593 839 2638 oenipont.
866 2605 897 2628 a.
920 2594 1029 2636 1568;
1059 2593 1145 2629 GSG
1173 2595 1217 2629 66
1244 2595 1268 2629 f.
1296 2594 1409 2637 3592).

195 2647 208 2666 ³
233 2647 411 2681 Polancus
437 2647 630 2681 Societatis
655 2646 873 2681 secretarius
900 2659 1010 2692 supra
1036 2647 1103 2682 hoc
1131 2648 1280 2682 verbum
1308 2646 1472 2692 scripsit:
1504 2645 1636 2691 „papa“
1671 2643 1751 2686 (Pio
1774 2642 1848 2686 V.).

194 2702 207 2721 ⁴
235 2701 412 2735 Polancus
437 2700 579 2735 notavit
603 2700 731 2735 horum
754 2700 927 2735 librorum
952 2701 1255 2736 aristotelicorum
1280 2701 1422 2735 nomine
1442 2699 1624 2744 designari
1647 2697 1845 2742 „Reginas“

77 2752 345 2797 (Magdalenam
373 2757 409 2788 et
435 2754 610 2788 Helenam
638 2753 932 2797 archiducissas).

194 2808 207 2827 ⁵
233 2808 434 2842 Polancns:
461 2807 674 2851 Collegium.
725 2806 817 2849 Quid
845 2807 1040 2842 cardinalis
1066 2807 1328 2853 impetraverit,
1356 2820 1391 2842 v.
1418 2807 1523 2849 infra,
1551 2818 1605 2851 ep.
1632 2817 1666 2840 n.
1688 2805 1790 2839 1591.

194 2861 207 2880 ⁶
233 2860 287 2896 Cf.
313 2861 369 2895 Mt
395 2861 451 2903 20,
482 2862 618 2902 1—16;
646 2861 694 2895 Lc
723 2862 775 2903 10,
803 2861 824 2895 2
852 2864 918 2895 etc.
1066 2862 1079 2882 7
1107 2861 1161 2896 Cf.
1188 2862 1224 2896 Is
1249 2862 1306 2904 58,
1334 2862 1374 2903 7;
1401 2861 1475 2895 Thr
1500 2863 1533 2902 4,
1561 2861 1593 2895 4.

195 2914 208 2934 ⁸
233 2914 272 2948 In
316 2914 440 2948 eadem
484 2914 640 2960 epistula
682 2914 855 2948 Hoffaeus
893 2914 1183 2949 Maximilianum
1226 2915 1268 2950 II.
1307 2916 1561 2960 imperatorem
1603 2914 1849 2957 „Rectorem“‚

76 2965 338 3001 Ferdinandum
365 2968 409 3002 ΙΙ.
445 2968 674 3003 archiducem
714 2967 1007 3011 „Dialectican]“,
1042 2968 1232 3003 Albertum
1252 2969 1294 3004 V.
1324 2968 1500 3003 Bavariae
1537 2969 1664 3003 ducem
1704 2978 1848 3010 „secun-

75 3020 155 3055 dam
181 3021 380 3057 secundae“
415 3021 465 3065 (S.
484 3021 658 3066 Thomae)
686 3024 795 3056 vocat
823 3021 861 3065 (l.
889 3033 918 3057 c.
946 3022 971 3056 f.
994 3021 1212 3067 1761217712).

195 3075 208 3093 ⁹
234 3074 473 3109 Diaconatum
500 3078 536 3109 et
561 3075 803 3110 sacerdotium
829 3075 1023 3119 significat.
