<?xml version="1.0" encoding="UTF-8"?>
<!DOCTYPE html PUBLIC "-//W3C//DTD XHTML 1.0 Transitional//EN"
    "http://www.w3.org/TR/xhtml1/DTD/xhtml1-transitional.dtd">
<html xmlns="http://www.w3.org/1999/xhtml" xml:lang="en" lang="en">
 <head>
  <title>
</title>
<meta http-equiv="Content-Type" content="text/html;charset=utf-8" />
  <meta name='ocr-system' content='tesseract 3.04.00' />
  <meta name='ocr-capabilities' content='ocr_page ocr_carea ocr_par ocr_line ocrx_word'/>
</head>
<body>
  <div class='ocr_page' id='page_1' title='image "beatipetricanisi06cani_0738.png"; bbox 0 0 2044 3335; ppageno 0'>
   <div class='ocr_carea' id='block_1_1' title="bbox 160 65 1436 111">
    <p class='ocr_par' dir='ltr' id='par_1_1' title="bbox 160 65 1436 111">
     <span class='ocr_line' id='line_1_1' title="bbox 160 65 1436 111; baseline 0.001 -11"><span class='ocrx_word' id='word_1_1' title='bbox 160 70 244 111; x_wconf 86' lang='lat'><strong>664</strong></span> <span class='ocrx_word' id='word_1_2' title='bbox 640 67 734 101; x_wconf 78' lang='lat' dir='ltr'><strong>Mon.</strong></span> <span class='ocrx_word' id='word_1_3' title='bbox 764 66 854 100; x_wconf 85' lang='lat'>1013</span> <span class='ocrx_word' id='word_1_4' title='bbox 881 66 959 100; x_wconf 73' lang='lat' dir='ltr'><strong>sive</strong></span> <span class='ocrx_word' id='word_1_5' title='bbox 986 65 1055 100; x_wconf 76' lang='lat' dir='ltr'><strong>11tt.</strong></span> <span class='ocrx_word' id='word_1_6' title='bbox 1078 66 1146 110; x_wconf 80' lang='lat'><strong>(8).</strong></span> <span class='ocrx_word' id='word_1_7' title='bbox 1191 67 1436 101; x_wconf 78' lang='lat'><strong>1567—1568.</strong></span> 
     </span>
    </p>
   </div>
   <div class='ocr_carea' id='block_1_2' title="bbox 155 181 1928 2305">
    <p class='ocr_par' dir='ltr' id='par_1_2' title="bbox 155 181 1928 1932">
     <span class='ocr_line' id='line_1_2' title="bbox 159 181 1921 229; baseline 0 -11"><span class='ocrx_word' id='word_1_8' title='bbox 159 184 392 229; x_wconf 88' lang='lat' dir='ltr'><strong>complurium</strong></span> <span class='ocrx_word' id='word_1_9' title='bbox 419 182 717 216; x_wconf 80' lang='lat' dir='ltr'><strong>catecliismorum</strong></span> <span class='ocrx_word' id='word_1_10' title='bbox 753 182 1040 225; x_wconf 85' lang='lat' dir='ltr'><strong>germanicorum</strong></span> <span class='ocrx_word' id='word_1_11' title='bbox 1068 181 1201 216; x_wconf 88' lang='lat' dir='ltr'><strong>Canisii</strong></span> <span class='ocrx_word' id='word_1_12' title='bbox 1237 183 1365 217; x_wconf 88' lang='lat' dir='ltr'><strong>similis</strong></span> <span class='ocrx_word' id='word_1_13' title='bbox 1400 185 1474 224; x_wconf 88' lang='lat' dir='ltr'><strong>est;</strong></span> <span class='ocrx_word' id='word_1_14' title='bbox 1509 183 1560 217; x_wconf 92' lang='lat' dir='ltr'><strong>ita</strong></span> <span class='ocrx_word' id='word_1_15' title='bbox 1595 184 1763 218; x_wconf 86' lang='lat' dir='ltr'><strong>minimus</strong></span> <span class='ocrx_word' id='word_1_16' title='bbox 1789 184 1921 219; x_wconf 86' lang='lat' dir='ltr'><strong>Canisii</strong></span> 
     </span>
     <span class='ocr_line' id='line_1_3' title="bbox 159 234 1921 281; baseline 0 -10"><span class='ocrx_word' id='word_1_17' title='bbox 159 237 398 271; x_wconf 79' lang='lat' dir='ltr'>catechismus</span> <span class='ocrx_word' id='word_1_18' title='bbox 424 247 454 269; x_wconf 91' lang='lat' dir='ltr'><strong>a.</strong></span> <span class='ocrx_word' id='word_1_19' title='bbox 487 236 576 269; x_wconf 86' lang='grc'>1568</span> <span class='ocrx_word' id='word_1_20' title='bbox 606 234 772 278; x_wconf 87' lang='lat' dir='ltr'><strong>Dilingae</strong></span> <span class='ocrx_word' id='word_1_21' title='bbox 806 246 962 269; x_wconf 85' lang='lat' dir='ltr'><strong>excusus</strong></span> <span class='ocrx_word' id='word_1_22' title='bbox 989 238 1043 269; x_wconf 88' lang='lat' dir='ltr'><strong>est</strong></span> <span class='ocrx_word' id='word_1_23' title='bbox 1070 247 1150 269; x_wconf 89' lang='lat' dir='ltr'><strong>cum</strong></span> <span class='ocrx_word' id='word_1_24' title='bbox 1176 235 1245 270; x_wconf 92' lang='lat' dir='ltr'><strong>hac</strong></span> <span class='ocrx_word' id='word_1_25' title='bbox 1271 236 1532 281; x_wconf 77' lang='lat' dir='ltr'><strong>inscriptione:</strong></span> <span class='ocrx_word' id='word_1_26' title='bbox 1572 236 1852 279; x_wconf 84' lang='lat' dir='ltr'><strong>„Catechismus,</strong></span> <span class='ocrx_word' id='word_1_27' title='bbox 1888 238 1921 271; x_wconf 90' lang='lat' dir='ltr'><strong>in</strong></span> 
     </span>
     <span class='ocr_line' id='line_1_4' title="bbox 158 288 1923 335; baseline 0 -11"><span class='ocrx_word' id='word_1_28' title='bbox 158 290 283 324; x_wconf 89' lang='lat' dir='ltr'><strong>kurtze</strong></span> <span class='ocrx_word' id='word_1_29' title='bbox 308 290 402 331; x_wconf 85' lang='lat' dir='ltr'><strong>Frag</strong></span> <span class='ocrx_word' id='word_1_30' title='bbox 428 288 499 322; x_wconf 86' lang='lat' dir='ltr'><strong>vnd</strong></span> <span class='ocrx_word' id='word_1_31' title='bbox 526 288 693 321; x_wconf 88' lang='lat' dir='ltr'><strong>Antwort</strong></span> <span class='ocrx_word' id='word_1_32' title='bbox 718 288 863 331; x_wconf 80' lang='lat' dir='ltr'><strong>gestest,</strong></span> <span class='ocrx_word' id='word_1_33' title='bbox 898 288 956 322; x_wconf 76' lang='lat' dir='ltr'><strong>fiir</strong></span> <span class='ocrx_word' id='word_1_34' title='bbox 983 288 1039 322; x_wconf 88' lang='lat' dir='ltr'><strong>die</strong></span> <span class='ocrx_word' id='word_1_35' title='bbox 1065 289 1254 331; x_wconf 86' lang='lat' dir='ltr'><strong>gemainen</strong></span> <span class='ocrx_word' id='word_1_36' title='bbox 1281 289 1404 334; x_wconf 77' lang='lat' dir='ltr'><strong>Layen</strong></span> <span class='ocrx_word' id='word_1_37' title='bbox 1429 289 1502 323; x_wconf 89' lang='lat' dir='ltr'><strong>vnd</strong></span> <span class='ocrx_word' id='word_1_38' title='bbox 1533 289 1645 335; x_wconf 84' lang='lat' dir='ltr'><strong>junge</strong></span> <span class='ocrx_word' id='word_1_39' title='bbox 1670 290 1806 324; x_wconf 89' lang='lat' dir='ltr'><strong>Kinder</strong></span> <span class='ocrx_word' id='word_1_40' title='bbox 1840 289 1923 324; x_wconf 78' lang='lat' dir='ltr'><strong>sehr</strong></span> 
     </span>
     <span class='ocr_line' id='line_1_5' title="bbox 159 341 1925 388; baseline 0 -10"><span class='ocrx_word' id='word_1_41' title='bbox 159 342 368 378; x_wconf 69' lang='lat' dir='ltr'><strong>dienstlioh‘</strong></span> <span class='ocrx_word' id='word_1_42' title='bbox 408 341 704 384; x_wconf 67' lang='lat' dir='ltr'><strong>(Braunsberqer,</strong></span> <span class='ocrx_word' id='word_1_43' title='bbox 736 341 992 375; x_wconf 83' lang='lat' dir='ltr'><strong>Katechismen</strong></span> <span class='ocrx_word' id='word_1_44' title='bbox 1022 341 1133 386; x_wconf 71' lang='lat'>110⁴).</span> <span class='ocrx_word' id='word_1_45' title='bbox 1185 342 1319 376; x_wconf 83' lang='lat' dir='ltr'><strong>Eadem</strong></span> <span class='ocrx_word' id='word_1_46' title='bbox 1355 354 1496 387; x_wconf 90' lang='lat' dir='ltr'><strong>quoque</strong></span> <span class='ocrx_word' id='word_1_47' title='bbox 1531 344 1650 388; x_wconf 86' lang='lat' dir='ltr'><strong>capita</strong></span> <span class='ocrx_word' id='word_1_48' title='bbox 1684 343 1925 378; x_wconf 80' lang='lat' dir='ltr'><strong>catechismus</strong></span> 
     </span>
     <span class='ocr_line' id='line_1_6' title="bbox 158 393 1925 440; baseline 0.001 -11"><span class='ocrx_word' id='word_1_49' title='bbox 158 396 320 439; x_wconf 85' lang='lat' dir='ltr'><strong>anglicus</strong></span> <span class='ocrx_word' id='word_1_50' title='bbox 338 406 429 438; x_wconf 86' lang='lat' dir='ltr'><strong>quae</strong></span> <span class='ocrx_word' id='word_1_51' title='bbox 448 394 652 428; x_wconf 88' lang='lat' dir='ltr'><strong>canisianus</strong></span> <span class='ocrx_word' id='word_1_52' title='bbox 670 393 788 436; x_wconf 89' lang='lat' dir='ltr'><strong>habet,</strong></span> <span class='ocrx_word' id='word_1_53' title='bbox 816 406 928 438; x_wconf 90' lang='lat' dir='ltr'><strong>eaque</strong></span> <span class='ocrx_word' id='word_1_54' title='bbox 947 394 1070 429; x_wconf 87' lang='lat' dir='ltr'><strong>eodem</strong></span> <span class='ocrx_word' id='word_1_55' title='bbox 1089 395 1210 429; x_wconf 86' lang='lat' dir='ltr'>ordine</span> <span class='ocrx_word' id='word_1_56' title='bbox 1229 395 1403 440; x_wconf 83' lang='lat' dir='ltr'><strong>disposita</strong></span> <span class='ocrx_word' id='word_1_57' title='bbox 1421 399 1530 440; x_wconf 83' lang='lat' dir='ltr'><strong>atque</strong></span> <span class='ocrx_word' id='word_1_58' title='bbox 1547 395 1583 430; x_wconf 91' lang='lat' dir='ltr'><strong>in</strong></span> <span class='ocrx_word' id='word_1_59' title='bbox 1603 396 1737 430; x_wconf 89' lang='lat' dir='ltr'><strong>Canisii</strong></span> <span class='ocrx_word' id='word_1_60' title='bbox 1760 397 1925 439; x_wconf 85' lang='lat' dir='ltr'><strong>„Summa</strong></span> 
     </span>
     <span class='ocr_line' id='line_1_7' title="bbox 158 447 1925 494; baseline 0.001 -12"><span class='ocrx_word' id='word_1_61' title='bbox 158 449 339 482; x_wconf 88' lang='lat' dir='ltr'><strong>doctrinae</strong></span> <span class='ocrx_word' id='word_1_62' title='bbox 366 447 618 481; x_wconf 81' lang='lat' dir='ltr'><strong>ehristianac“.</strong></span> <span class='ocrx_word' id='word_1_63' title='bbox 652 447 823 481; x_wconf 75' lang='lat' dir='ltr'><strong>Attamen</strong></span> <span class='ocrx_word' id='word_1_64' title='bbox 842 450 979 482; x_wconf 88' lang='lat' dir='ltr'><strong>certum</strong></span> <span class='ocrx_word' id='word_1_65' title='bbox 1007 450 1073 489; x_wconf 83' lang='lat' dir='ltr'><strong>est,</strong></span> <span class='ocrx_word' id='word_1_66' title='bbox 1100 447 1357 482; x_wconf 81' lang='lat' dir='ltr'><strong>catechismum</strong></span> <span class='ocrx_word' id='word_1_67' title='bbox 1377 448 1559 493; x_wconf 82' lang='lat' dir='ltr'><strong>anglicum</strong></span> <span class='ocrx_word' id='word_1_68' title='bbox 1578 451 1819 494; x_wconf 87' lang='lat' dir='ltr'><strong>conscriptum</strong></span> <span class='ocrx_word' id='word_1_69' title='bbox 1845 461 1925 484; x_wconf 89' lang='lat' dir='ltr'><strong>esse</strong></span> 
     </span>
     <span class='ocr_line' id='line_1_8' title="bbox 157 499 1924 548; baseline 0.001 -13"><span class='ocrx_word' id='word_1_70' title='bbox 157 513 178 536; x_wconf 86' lang='lat' dir='ltr'><strong>a</strong></span> <span class='ocrx_word' id='word_1_71' title='bbox 202 501 394 535; x_wconf 89' lang='lat' dir='ltr'><strong>Laurentio</strong></span> <span class='ocrx_word' id='word_1_72' title='bbox 413 501 520 535; x_wconf 84' lang='lat' dir='ltr'><strong>Vaux</strong></span> <span class='ocrx_word' id='word_1_73' title='bbox 541 499 689 542; x_wconf 85' lang='lat' dir='ltr'><strong>(Vaulx,</strong></span> <span class='ocrx_word' id='word_1_74' title='bbox 716 501 759 534; x_wconf 88' lang='lat' dir='ltr'><strong>de</strong></span> <span class='ocrx_word' id='word_1_75' title='bbox 777 500 972 544; x_wconf 89' lang='lat' dir='ltr'><strong>Vallibus),</strong></span> <span class='ocrx_word' id='word_1_76' title='bbox 999 501 1059 545; x_wconf 91' lang='lat' dir='ltr'><strong>qui</strong></span> <span class='ocrx_word' id='word_1_77' title='bbox 1087 512 1118 535; x_wconf 89' lang='lat' dir='ltr'><strong>a.</strong></span> <span class='ocrx_word' id='word_1_78' title='bbox 1140 502 1230 535; x_wconf 97' lang='lat'>1519</span> <span class='ocrx_word' id='word_1_79' title='bbox 1256 501 1316 535; x_wconf 88' lang='lat' dir='ltr'><strong>vel</strong></span> <span class='ocrx_word' id='word_1_80' title='bbox 1345 502 1435 537; x_wconf 83' lang='lat'>1520</span> <span class='ocrx_word' id='word_1_81' title='bbox 1460 503 1496 536; x_wconf 92' lang='lat' dir='ltr'><strong>in</strong></span> <span class='ocrx_word' id='word_1_82' title='bbox 1513 502 1657 546; x_wconf 84' lang='lat' dir='ltr'><strong>Anglia,</strong></span> <span class='ocrx_word' id='word_1_83' title='bbox 1683 515 1792 548; x_wconf 89' lang='lat' dir='ltr'><strong>prope</strong></span> <span class='ocrx_word' id='word_1_84' title='bbox 1810 502 1924 537; x_wconf 89' lang='lat' dir='ltr'><strong>Back-</strong></span> 
     </span>
     <span class='ocr_line' id='line_1_9' title="bbox 156 554 1925 598; baseline 0.002 -11"><span class='ocrx_word' id='word_1_85' title='bbox 156 555 229 596; x_wconf 88' lang='lat' dir='ltr'><strong>rod,</strong></span> <span class='ocrx_word' id='word_1_86' title='bbox 255 557 372 596; x_wconf 88' lang='lat' dir='ltr'><strong>natus,</strong></span> <span class='ocrx_word' id='word_1_87' title='bbox 400 565 431 588; x_wconf 89' lang='lat' dir='ltr'><strong>a.</strong></span> <span class='ocrx_word' id='word_1_88' title='bbox 460 554 551 588; x_wconf 84' lang='lat'>1542</span> <span class='ocrx_word' id='word_1_89' title='bbox 577 554 778 588; x_wconf 85' lang='lat' dir='ltr'><strong>sacerdotio</strong></span> <span class='ocrx_word' id='word_1_90' title='bbox 804 554 979 595; x_wconf 78' lang='lat' dir='ltr'><strong>initiatus,</strong></span> <span class='ocrx_word' id='word_1_91' title='bbox 1006 566 1037 589; x_wconf 90' lang='lat' dir='ltr'><strong>a.</strong></span> <span class='ocrx_word' id='word_1_92' title='bbox 1068 555 1157 589; x_wconf 86' lang='lat'>1558</span> <span class='ocrx_word' id='word_1_93' title='bbox 1194 555 1394 598; x_wconf 86' lang='lat' dir='ltr'><strong>collegialis</strong></span> <span class='ocrx_word' id='word_1_94' title='bbox 1428 556 1601 590; x_wconf 83' lang='lat' dir='ltr'><strong>ecclesiae</strong></span> <span class='ocrx_word' id='word_1_95' title='bbox 1633 556 1925 590; x_wconf 86' lang='lat' dir='ltr'><strong>mancestriensis</strong></span> 
     </span>
     <span class='ocr_line' id='line_1_10' title="bbox 158 607 1923 652; baseline 0.001 -11"><span class='ocrx_word' id='word_1_96' title='bbox 158 607 418 650; x_wconf 85' lang='lat' dir='ltr'><strong>(Manchester)</strong></span> <span class='ocrx_word' id='word_1_97' title='bbox 448 607 604 640; x_wconf 87' lang='lat' dir='ltr'><strong>decanus</strong></span> <span class='ocrx_word' id='word_1_98' title='bbox 631 607 860 649; x_wconf 90' lang='lat' dir='ltr'><strong>constitutus,</strong></span> <span class='ocrx_word' id='word_1_99' title='bbox 887 607 994 652; x_wconf 79' lang='lat' dir='ltr'><strong>paulo</strong></span> <span class='ocrx_word' id='word_1_100' title='bbox 1020 610 1112 652; x_wconf 87' lang='lat' dir='ltr'><strong>post,</strong></span> <span class='ocrx_word' id='word_1_101' title='bbox 1140 607 1349 642; x_wconf 88' lang='lat' dir='ltr'><strong>Elisabetha</strong></span> <span class='ocrx_word' id='word_1_102' title='bbox 1383 609 1509 652; x_wconf 84' lang='lat' dir='ltr'><strong>regina</strong></span> <span class='ocrx_word' id='word_1_103' title='bbox 1535 609 1731 643; x_wconf 88' lang='lat' dir='ltr'><strong>catholicos</strong></span> <span class='ocrx_word' id='word_1_104' title='bbox 1757 612 1923 650; x_wconf 83' lang='lat' dir='ltr'><strong>vexante,</strong></span> 
     </span>
     <span class='ocr_line' id='line_1_11' title="bbox 157 659 1926 705; baseline 0.001 -11"><span class='ocrx_word' id='word_1_105' title='bbox 157 661 354 695; x_wconf 87' lang='lat' dir='ltr'><strong>Lovanium</strong></span> <span class='ocrx_word' id='word_1_106' title='bbox 381 672 461 694; x_wconf 91' lang='lat' dir='ltr'><strong>cum</strong></span> <span class='ocrx_word' id='word_1_107' title='bbox 488 659 568 694; x_wconf 86' lang='lat' dir='ltr'><strong>aliis</strong></span> <span class='ocrx_word' id='word_1_108' title='bbox 594 660 723 703; x_wconf 85' lang='lat' dir='ltr'><strong>Anglis</strong></span> <span class='ocrx_word' id='word_1_109' title='bbox 757 663 835 694; x_wconf 86' lang='lat' dir='ltr'><strong>tum</strong></span> <span class='ocrx_word' id='word_1_110' title='bbox 861 660 1118 695; x_wconf 85' lang='lat' dir='ltr'><strong>ecclesiasticis</strong></span> <span class='ocrx_word' id='word_1_111' title='bbox 1153 663 1229 695; x_wconf 88' lang='lat' dir='ltr'><strong>tum</strong></span> <span class='ocrx_word' id='word_1_112' title='bbox 1265 661 1368 695; x_wconf 89' lang='lat' dir='ltr'><strong>laicis</strong></span> <span class='ocrx_word' id='word_1_113' title='bbox 1394 662 1498 705; x_wconf 84' lang='lat' dir='ltr'><strong>fugit,</strong></span> <span class='ocrx_word' id='word_1_114' title='bbox 1534 662 1581 696; x_wconf 89' lang='lat' dir='ltr'><strong>ibi</strong></span> <span class='ocrx_word' id='word_1_115' title='bbox 1608 662 1767 696; x_wconf 89' lang='lat' dir='ltr'><strong>scholam</strong></span> <span class='ocrx_word' id='word_1_116' title='bbox 1800 662 1926 696; x_wconf 78' lang='lat' dir='ltr'><strong>habuit</strong></span> 
     </span>
     <span class='ocr_line' id='line_1_12' title="bbox 157 713 1925 758; baseline 0.002 -11"><span class='ocrx_word' id='word_1_117' title='bbox 157 717 192 748; x_wconf 92' lang='lat' dir='ltr'><strong>et</strong></span> <span class='ocrx_word' id='word_1_118' title='bbox 211 714 257 757; x_wconf 91' lang='lat' dir='ltr'><strong>(a.</strong></span> <span class='ocrx_word' id='word_1_119' title='bbox 278 714 385 757; x_wconf 85' lang='lat'>1572)</span> <span class='ocrx_word' id='word_1_120' title='bbox 405 713 564 747; x_wconf 89' lang='lat' dir='ltr'><strong>ordinem</strong></span> <span class='ocrx_word' id='word_1_121' title='bbox 586 715 837 748; x_wconf 90' lang='lat' dir='ltr'><strong>canonicorum</strong></span> <span class='ocrx_word' id='word_1_122' title='bbox 863 714 1085 757; x_wconf 83' lang='lat' dir='ltr'><strong>regularium</strong></span> <span class='ocrx_word' id='word_1_123' title='bbox 1104 714 1140 748; x_wconf 81' lang='lat' dir='ltr'><strong>S.</strong></span> <span class='ocrx_word' id='word_1_124' title='bbox 1158 714 1353 757; x_wconf 84' lang='lat' dir='ltr'><strong>Augustini</strong></span> <span class='ocrx_word' id='word_1_125' title='bbox 1378 715 1564 758; x_wconf 84' lang='lat' dir='ltr'><strong>ingressus</strong></span> <span class='ocrx_word' id='word_1_126' title='bbox 1591 718 1657 756; x_wconf 88' lang='lat' dir='ltr'><strong>est,</strong></span> <span class='ocrx_word' id='word_1_127' title='bbox 1683 716 1763 750; x_wconf 87' lang='lat' dir='ltr'><strong>inde</strong></span> <span class='ocrx_word' id='word_1_128' title='bbox 1782 727 1813 750; x_wconf 89' lang='lat' dir='ltr'><strong>a.</strong></span> <span class='ocrx_word' id='word_1_129' title='bbox 1835 715 1925 750; x_wconf 87' lang='lat'>1580</span> 
     </span>
     <span class='ocr_line' id='line_1_13' title="bbox 157 767 1927 811; baseline 0.001 -11"><span class='ocrx_word' id='word_1_130' title='bbox 157 767 320 811; x_wconf 81' lang='lat' dir='ltr'><strong>Gregorii</strong></span> <span class='ocrx_word' id='word_1_131' title='bbox 346 767 443 801; x_wconf 88' lang='lat' dir='ltr'><strong>XIII.</strong></span> <span class='ocrx_word' id='word_1_132' title='bbox 470 767 644 801; x_wconf 84' lang='lat' dir='ltr'><strong>mandatu</strong></span> <span class='ocrx_word' id='word_1_133' title='bbox 678 767 715 800; x_wconf 89' lang='lat' dir='ltr'><strong>in</strong></span> <span class='ocrx_word' id='word_1_134' title='bbox 741 767 911 810; x_wconf 87' lang='lat' dir='ltr'><strong>Angliam</strong></span> <span class='ocrx_word' id='word_1_135' title='bbox 946 767 1062 807; x_wconf 86' lang='lat' dir='ltr'><strong>rediit,</strong></span> <span class='ocrx_word' id='word_1_136' title='bbox 1099 767 1249 802; x_wconf 85' lang='lat' dir='ltr'><strong>Londini</strong></span> <span class='ocrx_word' id='word_1_137' title='bbox 1284 768 1351 802; x_wconf 86' lang='lat' dir='ltr'><strong>sub</strong></span> <span class='ocrx_word' id='word_1_138' title='bbox 1386 780 1418 803; x_wconf 89' lang='lat' dir='ltr'><strong>a.</strong></span> <span class='ocrx_word' id='word_1_139' title='bbox 1449 768 1538 803; x_wconf 90' lang='lat'>1585</span> <span class='ocrx_word' id='word_1_140' title='bbox 1564 769 1647 802; x_wconf 87' lang='lat' dir='ltr'><strong>fidei</strong></span> <span class='ocrx_word' id='word_1_141' title='bbox 1682 769 1864 803; x_wconf 86' lang='lat' dir='ltr'><strong>confessor</strong></span> <span class='ocrx_word' id='word_1_142' title='bbox 1890 768 1927 802; x_wconf 88' lang='lat' dir='ltr'><strong>in</strong></span> 
     </span>
     <span class='ocr_line' id='line_1_14' title="bbox 156 820 1926 866; baseline 0.001 -13"><span class='ocrx_word' id='word_1_143' title='bbox 156 820 310 854; x_wconf 90' lang='lat' dir='ltr'><strong>vinculis</strong></span> <span class='ocrx_word' id='word_1_144' title='bbox 347 822 508 854; x_wconf 88' lang='lat' dir='ltr'><strong>mortuus</strong></span> <span class='ocrx_word' id='word_1_145' title='bbox 543 822 598 854; x_wconf 88' lang='lat' dir='ltr'><strong>est</strong></span> <span class='ocrx_word' id='word_1_146' title='bbox 636 820 778 863; x_wconf 76' lang='lat' dir='ltr'><strong>(leom.</strong></span> <span class='ocrx_word' id='word_1_147' title='bbox 810 822 943 854; x_wconf 77' lang='lat' dir='ltr'><strong>Graves</strong></span> <span class='ocrx_word' id='word_1_148' title='bbox 969 822 1070 865; x_wconf 74' lang='lat' dir='ltr'><strong>Law,</strong></span> <span class='ocrx_word' id='word_1_149' title='bbox 1106 821 1276 855; x_wconf 87' lang='lat' dir='ltr'><strong>Remains</strong></span> <span class='ocrx_word' id='word_1_150' title='bbox 1312 821 1508 855; x_wconf 90' lang='lat' dir='ltr'><strong>Historical</strong></span> <span class='ocrx_word' id='word_1_151' title='bbox 1545 822 1613 855; x_wconf 90' lang='lat' dir='ltr'><strong>and</strong></span> <span class='ocrx_word' id='word_1_152' title='bbox 1646 821 1811 866; x_wconf 85' lang='lat' dir='ltr'><strong>Literary</strong></span> <span class='ocrx_word' id='word_1_153' title='bbox 1847 833 1926 856; x_wconf 85' lang='lat' dir='ltr'><strong>con-</strong></span> 
     </span>
     <span class='ocr_line' id='line_1_15' title="bbox 156 873 1925 917; baseline 0.001 -10"><span class='ocrx_word' id='word_1_154' title='bbox 156 874 282 907; x_wconf 89' lang='lat' dir='ltr'><strong>nected</strong></span> <span class='ocrx_word' id='word_1_155' title='bbox 308 873 395 907; x_wconf 92' lang='lat' dir='ltr'><strong>with</strong></span> <span class='ocrx_word' id='word_1_156' title='bbox 422 873 483 907; x_wconf 88' lang='lat' dir='ltr'><strong>the</strong></span> <span class='ocrx_word' id='word_1_157' title='bbox 508 873 674 907; x_wconf 76' lang='lat' dir='ltr'><strong>Palatino</strong></span> <span class='ocrx_word' id='word_1_158' title='bbox 700 873 870 908; x_wconf 84' lang='lat' dir='ltr'><strong>Counties</strong></span> <span class='ocrx_word' id='word_1_159' title='bbox 906 874 946 907; x_wconf 88' lang='lat' dir='ltr'><strong>of</strong></span> <span class='ocrx_word' id='word_1_160' title='bbox 971 873 1167 908; x_wconf 88' lang='lat' dir='ltr'><strong>Lancaster</strong></span> <span class='ocrx_word' id='word_1_161' title='bbox 1201 875 1270 908; x_wconf 87' lang='lat' dir='ltr'><strong>and</strong></span> <span class='ocrx_word' id='word_1_162' title='bbox 1297 875 1458 909; x_wconf 85' lang='lat' dir='ltr'><strong>Chester.</strong></span> <span class='ocrx_word' id='word_1_163' title='bbox 1488 874 1568 909; x_wconf 91' lang='lat' dir='ltr'><strong>Vol.</strong></span> <span class='ocrx_word' id='word_1_164' title='bbox 1596 876 1629 908; x_wconf 87' lang='grc'><strong>4.</strong></span> <span class='ocrx_word' id='word_1_165' title='bbox 1679 875 1767 909; x_wconf 84' lang='lat' dir='ltr'><strong>New</strong></span> <span class='ocrx_word' id='word_1_166' title='bbox 1802 875 1925 917; x_wconf 83' lang='lat' dir='ltr'><strong>series,</strong></span> 
     </span>
     <span class='ocr_line' id='line_1_16' title="bbox 156 926 1924 973; baseline 0.001 -13"><span class='ocrx_word' id='word_1_167' title='bbox 156 927 387 962; x_wconf 90' lang='lat' dir='ltr'><strong>Manchester</strong></span> <span class='ocrx_word' id='word_1_168' title='bbox 408 927 509 966; x_wconf 89' lang='lat'>1885,</span> <span class='ocrx_word' id='word_1_169' title='bbox 536 937 780 962; x_wconf 69' lang='lat' dir='ltr'><strong>V11-LXXXV.</strong></span> <span class='ocrx_word' id='word_1_170' title='bbox 815 928 909 961; x_wconf 81' lang='lat' dir='ltr'><strong>Bede</strong></span> <span class='ocrx_word' id='word_1_171' title='bbox 930 928 1052 961; x_wconf 78' lang='lat' dir='ltr'><strong>Camm</strong></span> <span class='ocrx_word' id='word_1_172' title='bbox 1072 926 1112 961; x_wconf 94' lang='lat' dir='ltr'><strong>O.</strong></span> <span class='ocrx_word' id='word_1_173' title='bbox 1128 928 1163 962; x_wconf 85' lang='lat' dir='ltr'><strong>S.</strong></span> <span class='ocrx_word' id='word_1_174' title='bbox 1179 928 1230 968; x_wconf 64' lang='lat'><strong>13„</strong></span> <span class='ocrx_word' id='word_1_175' title='bbox 1260 927 1365 962; x_wconf 83' lang='lat' dir='ltr'><strong>Lives</strong></span> <span class='ocrx_word' id='word_1_176' title='bbox 1392 929 1431 962; x_wconf 85' lang='lat' dir='ltr'><strong>of</strong></span> <span class='ocrx_word' id='word_1_177' title='bbox 1453 928 1515 962; x_wconf 85' lang='lat' dir='ltr'><strong>the</strong></span> <span class='ocrx_word' id='word_1_178' title='bbox 1534 928 1684 971; x_wconf 81' lang='lat' dir='ltr'><strong>English</strong></span> <span class='ocrx_word' id='word_1_179' title='bbox 1704 928 1864 973; x_wconf 82' lang='lat' dir='ltr'><strong>Martyrs</strong></span> <span class='ocrx_word' id='word_1_180' title='bbox 1881 928 1924 970; x_wconf 84' lang='lat'><strong>11,</strong></span> 
     </span>
     <span class='ocr_line' id='line_1_17' title="bbox 156 979 1926 1026; baseline 0.001 -13"><span class='ocrx_word' id='word_1_181' title='bbox 156 979 300 1014; x_wconf 90' lang='lat' dir='ltr'><strong>London</strong></span> <span class='ocrx_word' id='word_1_182' title='bbox 330 980 430 1022; x_wconf 89' lang='lat'>1905,</span> <span class='ocrx_word' id='word_1_183' title='bbox 456 980 644 1014; x_wconf 80' lang='lat'>364—365</span> <span class='ocrx_word' id='word_1_184' title='bbox 672 980 770 1022; x_wconf 81' lang='lat'><strong>503).</strong></span> <span class='ocrx_word' id='word_1_185' title='bbox 823 980 1038 1025; x_wconf 76' lang='lat' dir='ltr'><strong>Exemplum</strong></span> <span class='ocrx_word' id='word_1_186' title='bbox 1064 980 1146 1015; x_wconf 87' lang='lat' dir='ltr'><strong>libri</strong></span> <span class='ocrx_word' id='word_1_187' title='bbox 1173 993 1194 1014; x_wconf 85' lang='lat' dir='ltr'><strong>a</strong></span> <span class='ocrx_word' id='word_1_188' title='bbox 1223 980 1361 1015; x_wconf 84' lang='lat' dir='ltr'><strong>Vauxio</strong></span> <span class='ocrx_word' id='word_1_189' title='bbox 1387 982 1586 1026; x_wconf 80' lang='lat' dir='ltr'><strong>compositi,</strong></span> <span class='ocrx_word' id='word_1_190' title='bbox 1620 982 1713 1025; x_wconf 87' lang='lat' dir='ltr'><strong>quod</strong></span> <span class='ocrx_word' id='word_1_191' title='bbox 1740 981 1775 1015; x_wconf 91' lang='lat' dir='ltr'><strong>in</strong></span> <span class='ocrx_word' id='word_1_192' title='bbox 1802 982 1926 1016; x_wconf 90' lang='lat' dir='ltr'><strong>Museo</strong></span> 
     </span>
     <span class='ocr_line' id='line_1_18' title="bbox 156 1033 1926 1075; baseline 0.001 -8"><span class='ocrx_word' id='word_1_193' title='bbox 156 1033 362 1067; x_wconf 88' lang='lat' dir='ltr'><strong>Britannico</strong></span> <span class='ocrx_word' id='word_1_194' title='bbox 389 1033 569 1067; x_wconf 83' lang='lat' dir='ltr'><strong>asservari</strong></span> <span class='ocrx_word' id='word_1_195' title='bbox 588 1033 690 1067; x_wconf 90' lang='lat' dir='ltr'><strong>modo</strong></span> <span class='ocrx_word' id='word_1_196' title='bbox 718 1034 802 1075; x_wconf 84' lang='lat' dir='ltr'><strong>dixi,</strong></span> <span class='ocrx_word' id='word_1_197' title='bbox 830 1034 915 1068; x_wconf 86' lang='lat' dir='ltr'><strong>folio</strong></span> <span class='ocrx_word' id='word_1_198' title='bbox 941 1033 1079 1068; x_wconf 86' lang='lat' dir='ltr'><strong>titulari</strong></span> <span class='ocrx_word' id='word_1_199' title='bbox 1098 1037 1215 1073; x_wconf 82' lang='lat' dir='ltr'><strong>caret;</strong></span> <span class='ocrx_word' id='word_1_200' title='bbox 1243 1036 1279 1068; x_wconf 89' lang='lat' dir='ltr'><strong>in</strong></span> <span class='ocrx_word' id='word_1_201' title='bbox 1297 1034 1423 1069; x_wconf 90' lang='lat' dir='ltr'><strong>ultimo</strong></span> <span class='ocrx_word' id='word_1_202' title='bbox 1448 1038 1567 1069; x_wconf 83' lang='lat' dir='ltr'><strong>autem</strong></span> <span class='ocrx_word' id='word_1_203' title='bbox 1595 1035 1691 1075; x_wconf 90' lang='lat' dir='ltr'><strong>folio,</strong></span> <span class='ocrx_word' id='word_1_204' title='bbox 1718 1037 1758 1069; x_wconf 88' lang='lat' dir='ltr'><strong>ut</strong></span> <span class='ocrx_word' id='word_1_205' title='bbox 1784 1047 1814 1069; x_wconf 87' lang='lat' dir='ltr'><strong>a.</strong></span> <span class='ocrx_word' id='word_1_206' title='bbox 1837 1035 1926 1070; x_wconf 85' lang='lat'>1908</span> 
     </span>
     <span class='ocr_line' id='line_1_19' title="bbox 156 1086 1927 1133; baseline 0.001 -13"><span class='ocrx_word' id='word_1_207' title='bbox 156 1098 201 1120; x_wconf 86' lang='lat' dir='ltr'><strong>ex</strong></span> <span class='ocrx_word' id='word_1_208' title='bbox 227 1086 267 1121; x_wconf 83' lang='lat' dir='ltr'><strong>R.</strong></span> <span class='ocrx_word' id='word_1_209' title='bbox 295 1087 334 1121; x_wconf 82' lang='lat' dir='ltr'><strong>P.</strong></span> <span class='ocrx_word' id='word_1_210' title='bbox 361 1088 549 1121; x_wconf 74' lang='lat' dir='ltr'><strong>Heriberto</strong></span> <span class='ocrx_word' id='word_1_211' title='bbox 581 1088 760 1121; x_wconf 76' lang='lat' dir='ltr'><strong>Tlmrston</strong></span> <span class='ocrx_word' id='word_1_212' title='bbox 788 1087 822 1122; x_wconf 80' lang='lat' dir='ltr'><strong>S.</strong></span> <span class='ocrx_word' id='word_1_213' title='bbox 843 1088 875 1121; x_wconf 83' lang='lat' dir='ltr'><strong>J.</strong></span> <span class='ocrx_word' id='word_1_214' title='bbox 903 1087 1044 1132; x_wconf 85' lang='lat' dir='ltr'><strong>accepi,</strong></span> <span class='ocrx_word' id='word_1_215' title='bbox 1072 1088 1160 1121; x_wconf 90' lang='lat' dir='ltr'><strong>duas</strong></span> <span class='ocrx_word' id='word_1_216' title='bbox 1187 1088 1295 1122; x_wconf 89' lang='lat' dir='ltr'><strong>habet</strong></span> <span class='ocrx_word' id='word_1_217' title='bbox 1321 1088 1613 1133; x_wconf 85' lang='lat' dir='ltr'><strong>approbationes;</strong></span> <span class='ocrx_word' id='word_1_218' title='bbox 1641 1100 1712 1122; x_wconf 87' lang='lat' dir='ltr'><strong>una</strong></span> <span class='ocrx_word' id='word_1_219' title='bbox 1738 1088 1782 1122; x_wconf 84' lang='lat' dir='ltr'><strong>ad</strong></span> <span class='ocrx_word' id='word_1_220' title='bbox 1810 1088 1927 1133; x_wconf 88' lang='lat' dir='ltr'><strong>ipsum</strong></span> 
     </span>
     <span class='ocr_line' id='line_1_20' title="bbox 156 1140 1925 1186; baseline 0.001 -12"><span class='ocrx_word' id='word_1_221' title='bbox 156 1140 414 1174; x_wconf 84' lang='lat' dir='ltr'><strong>catechismum</strong></span> <span class='ocrx_word' id='word_1_222' title='bbox 440 1140 597 1185; x_wconf 88' lang='lat' dir='ltr'><strong>pertinet</strong></span> <span class='ocrx_word' id='word_1_223' title='bbox 622 1142 659 1174; x_wconf 93' lang='lat' dir='ltr'><strong>et</strong></span> <span class='ocrx_word' id='word_1_224' title='bbox 684 1152 705 1174; x_wconf 92' lang='lat' dir='ltr'><strong>a</strong></span> <span class='ocrx_word' id='word_1_225' title='bbox 734 1141 894 1183; x_wconf 80' lang='lat' dir='ltr'><strong>„Cunero</strong></span> <span class='ocrx_word' id='word_1_226' title='bbox 913 1141 1012 1175; x_wconf 88' lang='lat' dir='ltr'><strong>Petri</strong></span> <span class='ocrx_word' id='word_1_227' title='bbox 1038 1143 1183 1185; x_wconf 82' lang='lat' dir='ltr'><strong>pastore</strong></span> <span class='ocrx_word' id='word_1_228' title='bbox 1209 1141 1242 1177; x_wconf 83' lang='lat' dir='ltr'><strong>S.</strong></span> <span class='ocrx_word' id='word_1_229' title='bbox 1263 1142 1382 1175; x_wconf 80' lang='lat' dir='ltr'><strong>Petri“</strong></span> <span class='ocrx_word' id='word_1_230' title='bbox 1413 1141 1563 1176; x_wconf 89' lang='lat' dir='ltr'><strong>Lovanii</strong></span> <span class='ocrx_word' id='word_1_231' title='bbox 1590 1142 1645 1176; x_wconf 90' lang='lat'><strong>20.</strong></span> <span class='ocrx_word' id='word_1_232' title='bbox 1673 1142 1807 1186; x_wconf 86' lang='lat' dir='ltr'><strong>Aprilis</strong></span> <span class='ocrx_word' id='word_1_233' title='bbox 1837 1142 1925 1176; x_wconf 85' lang='lat'>1567</span> 
     </span>
     <span class='ocr_line' id='line_1_21' title="bbox 157 1193 1927 1240; baseline 0.001 -13"><span class='ocrx_word' id='word_1_234' title='bbox 157 1194 241 1228; x_wconf 89' lang='lat' dir='ltr'><strong>data</strong></span> <span class='ocrx_word' id='word_1_235' title='bbox 267 1196 340 1234; x_wconf 84' lang='lat' dir='ltr'><strong>est;</strong></span> <span class='ocrx_word' id='word_1_236' title='bbox 368 1193 483 1227; x_wconf 84' lang='lat' dir='ltr'><strong>altera</strong></span> <span class='ocrx_word' id='word_1_237' title='bbox 508 1194 552 1227; x_wconf 88' lang='lat' dir='ltr'><strong>ad</strong></span> <span class='ocrx_word' id='word_1_238' title='bbox 578 1193 739 1228; x_wconf 90' lang='lat' dir='ltr'><strong>libellum</strong></span> <span class='ocrx_word' id='word_1_239' title='bbox 767 1194 809 1228; x_wconf 91' lang='lat' dir='ltr'><strong>de</strong></span> <span class='ocrx_word' id='word_1_240' title='bbox 837 1194 1011 1228; x_wconf 85' lang='lat' dir='ltr'><strong>ecclesiae</strong></span> <span class='ocrx_word' id='word_1_241' title='bbox 1038 1194 1264 1228; x_wconf 83' lang='lat' dir='ltr'><strong>caerimoniis</strong></span> <span class='ocrx_word' id='word_1_242' title='bbox 1289 1195 1333 1228; x_wconf 86' lang='lat' dir='ltr'><strong>ab</strong></span> <span class='ocrx_word' id='word_1_243' title='bbox 1360 1196 1483 1228; x_wconf 88' lang='lat' dir='ltr'><strong>eodem</strong></span> <span class='ocrx_word' id='word_1_244' title='bbox 1519 1197 1665 1229; x_wconf 85' lang='lat' dir='ltr'><strong>auctore</strong></span> <span class='ocrx_word' id='word_1_245' title='bbox 1692 1195 1927 1240; x_wconf 87' lang='lat' dir='ltr'><strong>compositum</strong></span> 
     </span>
     <span class='ocr_line' id='line_1_22' title="bbox 157 1246 1927 1292; baseline 0.001 -12"><span class='ocrx_word' id='word_1_246' title='bbox 157 1249 193 1280; x_wconf 91' lang='lat' dir='ltr'><strong>et</strong></span> <span class='ocrx_word' id='word_1_247' title='bbox 218 1246 435 1280; x_wconf 82' lang='lat' dir='ltr'><strong>catechismo</strong></span> <span class='ocrx_word' id='word_1_248' title='bbox 462 1247 670 1280; x_wconf 87' lang='lat' dir='ltr'><strong>adiunctum</strong></span> <span class='ocrx_word' id='word_1_249' title='bbox 696 1249 838 1292; x_wconf 86' lang='lat' dir='ltr'><strong>spectat</strong></span> <span class='ocrx_word' id='word_1_250' title='bbox 864 1249 900 1281; x_wconf 91' lang='lat' dir='ltr'><strong>et</strong></span> <span class='ocrx_word' id='word_1_251' title='bbox 926 1248 970 1281; x_wconf 90' lang='lat' dir='ltr'><strong>ab</strong></span> <span class='ocrx_word' id='word_1_252' title='bbox 997 1248 1120 1281; x_wconf 90' lang='lat' dir='ltr'><strong>eodem</strong></span> <span class='ocrx_word' id='word_1_253' title='bbox 1148 1248 1286 1282; x_wconf 88' lang='lat' dir='ltr'><strong>Cunero</strong></span> <span class='ocrx_word' id='word_1_254' title='bbox 1314 1247 1414 1282; x_wconf 86' lang='lat' dir='ltr'><strong>Petri</strong></span> <span class='ocrx_word' id='word_1_255' title='bbox 1434 1248 1581 1282; x_wconf 86' lang='lat' dir='ltr'><strong>Lovanii</strong></span> <span class='ocrx_word' id='word_1_256' title='bbox 1607 1249 1663 1283; x_wconf 90' lang='lat'><strong>20.</strong></span> <span class='ocrx_word' id='word_1_257' title='bbox 1682 1248 1817 1292; x_wconf 83' lang='lat' dir='ltr'><strong>Aprilis</strong></span> <span class='ocrx_word' id='word_1_258' title='bbox 1838 1248 1927 1282; x_wconf 89' lang='grc'>1568</span> 
     </span>
     <span class='ocr_line' id='line_1_23' title="bbox 157 1298 1928 1346; baseline 0.001 -13"><span class='ocrx_word' id='word_1_259' title='bbox 157 1298 256 1344; x_wconf 79' lang='lat' dir='ltr'><strong>[sicl]</strong></span> <span class='ocrx_word' id='word_1_260' title='bbox 285 1300 370 1334; x_wconf 91' lang='lat' dir='ltr'><strong>data</strong></span> <span class='ocrx_word' id='word_1_261' title='bbox 397 1302 463 1334; x_wconf 91' lang='lat' dir='ltr'><strong>est.</strong></span> <span class='ocrx_word' id='word_1_262' title='bbox 514 1299 643 1334; x_wconf 82' lang='lat' dir='ltr'><strong>Oxonii</strong></span> <span class='ocrx_word' id='word_1_263' title='bbox 670 1303 790 1334; x_wconf 88' lang='lat' dir='ltr'><strong>autem</strong></span> <span class='ocrx_word' id='word_1_264' title='bbox 815 1302 851 1334; x_wconf 90' lang='lat' dir='ltr'><strong>in</strong></span> <span class='ocrx_word' id='word_1_265' title='bbox 878 1301 1095 1335; x_wconf 83' lang='lat' dir='ltr'><strong>bibliotheca</strong></span> <span class='ocrx_word' id='word_1_266' title='bbox 1121 1301 1309 1335; x_wconf 84' lang='lat' dir='ltr'><strong>bodleiana</strong></span> <span class='ocrx_word' id='word_1_267' title='bbox 1335 1303 1457 1336; x_wconf 84' lang='lat' dir='ltr'><strong>exstat</strong></span> <span class='ocrx_word' id='word_1_268' title='bbox 1482 1301 1589 1336; x_wconf 91' lang='lat' dir='ltr'><strong>huius</strong></span> <span class='ocrx_word' id='word_1_269' title='bbox 1616 1301 1698 1335; x_wconf 86' lang='lat' dir='ltr'><strong>libri</strong></span> <span class='ocrx_word' id='word_1_270' title='bbox 1724 1301 1928 1346; x_wconf 76' lang='lat' dir='ltr'><strong>exemplum</strong></span> 
     </span>
     <span class='ocr_line' id='line_1_24' title="bbox 156 1353 1927 1398; baseline 0.001 -12"><span class='ocrx_word' id='word_1_271' title='bbox 156 1353 376 1397; x_wconf 83' lang='lat' dir='ltr'><strong>Antverpiae</strong></span> <span class='ocrx_word' id='word_1_272' title='bbox 413 1365 443 1386; x_wconf 91' lang='lat' dir='ltr'><strong>a.</strong></span> <span class='ocrx_word' id='word_1_273' title='bbox 473 1354 563 1388; x_wconf 79' lang='lat'>1574</span> <span class='ocrx_word' id='word_1_274' title='bbox 594 1355 708 1398; x_wconf 80' lang='lat' dir='ltr'><strong>„apud</strong></span> <span class='ocrx_word' id='word_1_275' title='bbox 735 1354 936 1388; x_wconf 59' lang='grc' dir='ltr'><strong>ε10111111116111</strong></span> <span class='ocrx_word' id='word_1_276' title='bbox 962 1354 1173 1396; x_wconf 89' lang='lat' dir='ltr'><strong>Foulerum,</strong></span> <span class='ocrx_word' id='word_1_277' title='bbox 1208 1355 1385 1398; x_wconf 79' lang='lat' dir='ltr'><strong>Anglum“</strong></span> <span class='ocrx_word' id='word_1_278' title='bbox 1417 1367 1601 1395; x_wconf 83' lang='lat' dir='ltr'><strong>excusum,</strong></span> <span class='ocrx_word' id='word_1_279' title='bbox 1637 1355 1672 1388; x_wconf 92' lang='lat' dir='ltr'><strong>in</strong></span> <span class='ocrx_word' id='word_1_280' title='bbox 1707 1356 1809 1388; x_wconf 88' lang='lat' dir='ltr'><strong>cuius</strong></span> <span class='ocrx_word' id='word_1_281' title='bbox 1844 1354 1927 1388; x_wconf 84' lang='lat' dir='ltr'><strong>folio</strong></span> 
     </span>
     <span class='ocr_line' id='line_1_25' title="bbox 155 1406 1927 1453; baseline 0.001 -13"><span class='ocrx_word' id='word_1_282' title='bbox 155 1406 293 1440; x_wconf 84' lang='lat' dir='ltr'><strong>titulari</strong></span> <span class='ocrx_word' id='word_1_283' title='bbox 320 1406 532 1448; x_wconf 80' lang='lat' dir='ltr'><strong>affirmatur,</strong></span> <span class='ocrx_word' id='word_1_284' title='bbox 560 1418 580 1441; x_wconf 88' lang='lat' dir='ltr'><strong>a</strong></span> <span class='ocrx_word' id='word_1_285' title='bbox 603 1406 805 1449; x_wconf 84' lang='lat' dir='ltr'><strong>„Laurence</strong></span> <span class='ocrx_word' id='word_1_286' title='bbox 825 1407 951 1442; x_wconf 79' lang='lat' dir='ltr'><strong>Vaux“</strong></span> <span class='ocrx_word' id='word_1_287' title='bbox 982 1407 1111 1442; x_wconf 89' lang='lat' dir='ltr'><strong>librum</strong></span> <span class='ocrx_word' id='word_1_288' title='bbox 1139 1409 1374 1453; x_wconf 89' lang='lat' dir='ltr'><strong>compositum</strong></span> <span class='ocrx_word' id='word_1_289' title='bbox 1401 1411 1437 1442; x_wconf 89' lang='lat' dir='ltr'><strong>et</strong></span> <span class='ocrx_word' id='word_1_290' title='bbox 1463 1408 1598 1442; x_wconf 87' lang='lat' dir='ltr'><strong>editum</strong></span> <span class='ocrx_word' id='word_1_291' title='bbox 1625 1420 1704 1442; x_wconf 88' lang='lat' dir='ltr'><strong>esse</strong></span> <span class='ocrx_word' id='word_1_292' title='bbox 1726 1409 1831 1451; x_wconf 77' lang='lat' dir='ltr'><strong>(Lam</strong></span> <span class='ocrx_word' id='word_1_293' title='bbox 1856 1407 1879 1442; x_wconf 95' lang='lat' dir='ltr'><strong>l.</strong></span> <span class='ocrx_word' id='word_1_294' title='bbox 1897 1419 1927 1442; x_wconf 93' lang='lat' dir='ltr'><strong>c.</strong></span> 
     </span>
     <span class='ocr_line' id='line_1_26' title="bbox 158 1460 1928 1506; baseline 0.001 -13"><span class='ocrx_word' id='word_1_295' title='bbox 158 1461 346 1503; x_wconf 73' lang='lat' dir='ltr'><strong>Lxxxvn).</strong></span> <span class='ocrx_word' id='word_1_296' title='bbox 406 1460 538 1494; x_wconf 85' lang='lat' dir='ltr'><strong>Postea</strong></span> <span class='ocrx_word' id='word_1_297' title='bbox 573 1472 715 1504; x_wconf 89' lang='lat' dir='ltr'><strong>quoque</strong></span> <span class='ocrx_word' id='word_1_298' title='bbox 758 1461 848 1495; x_wconf 89' lang='lat' dir='ltr'><strong>liber</strong></span> <span class='ocrx_word' id='word_1_299' title='bbox 892 1461 1108 1506; x_wconf 86' lang='lat' dir='ltr'><strong>aliquotiens</strong></span> <span class='ocrx_word' id='word_1_300' title='bbox 1143 1473 1298 1496; x_wconf 84' lang='lat' dir='ltr'><strong>excusus</strong></span> <span class='ocrx_word' id='word_1_301' title='bbox 1334 1465 1408 1502; x_wconf 72' lang='lat' dir='ltr'><strong>est:</strong></span> <span class='ocrx_word' id='word_1_302' title='bbox 1454 1464 1495 1496; x_wconf 90' lang='lat' dir='ltr'><strong>ut</strong></span> <span class='ocrx_word' id='word_1_303' title='bbox 1530 1462 1651 1495; x_wconf 87' lang='lat' dir='ltr'><strong>Leodii</strong></span> <span class='ocrx_word' id='word_1_304' title='bbox 1687 1474 1718 1496; x_wconf 87' lang='lat' dir='ltr'><strong>a.</strong></span> <span class='ocrx_word' id='word_1_305' title='bbox 1749 1462 1856 1501; x_wconf 80' lang='lat'>1583;</span> <span class='ocrx_word' id='word_1_306' title='bbox 1892 1461 1928 1495; x_wconf 87' lang='lat' dir='ltr'><strong>in</strong></span> 
     </span>
     <span class='ocr_line' id='line_1_27' title="bbox 156 1513 1928 1559; baseline 0.001 -12"><span class='ocrx_word' id='word_1_307' title='bbox 156 1514 257 1548; x_wconf 89' lang='lat' dir='ltr'><strong>cuius</strong></span> <span class='ocrx_word' id='word_1_308' title='bbox 283 1513 448 1548; x_wconf 85' lang='lat' dir='ltr'><strong>editionis</strong></span> <span class='ocrx_word' id='word_1_309' title='bbox 475 1514 698 1558; x_wconf 86' lang='lat' dir='ltr'><strong>praefatione</strong></span> <span class='ocrx_word' id='word_1_310' title='bbox 724 1516 830 1548; x_wconf 55' lang='grc' dir='ltr'><strong>Γαῖα</strong></span> <span class='ocrx_word' id='word_1_311' title='bbox 855 1515 944 1548; x_wconf 89' lang='lat' dir='ltr'><strong>haec</strong></span> <span class='ocrx_word' id='word_1_312' title='bbox 970 1516 1107 1559; x_wconf 87' lang='lat' dir='ltr'><strong>posuit:</strong></span> <span class='ocrx_word' id='word_1_313' title='bbox 1149 1515 1282 1558; x_wconf 88' lang='lat' dir='ltr'><strong>„What</strong></span> <span class='ocrx_word' id='word_1_314' title='bbox 1309 1515 1322 1549; x_wconf 85' lang='grc' dir='ltr'>Ι</span> <span class='ocrx_word' id='word_1_315' title='bbox 1349 1515 1441 1549; x_wconf 88' lang='lat' dir='ltr'><strong>haue</strong></span> <span class='ocrx_word' id='word_1_316' title='bbox 1467 1518 1524 1549; x_wconf 90' lang='lat' dir='ltr'><strong>set</strong></span> <span class='ocrx_word' id='word_1_317' title='bbox 1558 1515 1658 1549; x_wconf 85' lang='lat' dir='ltr'><strong>furth</strong></span> <span class='ocrx_word' id='word_1_318' title='bbox 1691 1515 1726 1549; x_wconf 90' lang='lat' dir='ltr'><strong>in</strong></span> <span class='ocrx_word' id='word_1_319' title='bbox 1753 1514 1825 1548; x_wconf 88' lang='lat' dir='ltr'><strong>this</strong></span> <span class='ocrx_word' id='word_1_320' title='bbox 1851 1513 1928 1548; x_wconf 92' lang='lat' dir='ltr'><strong>litle</strong></span> 
     </span>
     <span class='ocr_line' id='line_1_28' title="bbox 159 1566 1925 1612; baseline 0.001 -12"><span class='ocrx_word' id='word_1_321' title='bbox 159 1567 282 1608; x_wconf 90' lang='lat' dir='ltr'><strong>booke,</strong></span> <span class='ocrx_word' id='word_1_322' title='bbox 310 1566 371 1601; x_wconf 79' lang='lat' dir='ltr'><strong>the</strong></span> <span class='ocrx_word' id='word_1_323' title='bbox 398 1567 558 1610; x_wconf 87' lang='lat' dir='ltr'><strong>grounde</strong></span> <span class='ocrx_word' id='word_1_324' title='bbox 585 1567 652 1601; x_wconf 89' lang='lat' dir='ltr'><strong>and</strong></span> <span class='ocrx_word' id='word_1_325' title='bbox 679 1568 871 1602; x_wconf 82' lang='lat' dir='ltr'><strong>substance</strong></span> <span class='ocrx_word' id='word_1_326' title='bbox 898 1568 913 1601; x_wconf 87' lang='lat' dir='ltr'><strong>I</strong></span> <span class='ocrx_word' id='word_1_327' title='bbox 940 1567 1032 1602; x_wconf 88' lang='lat' dir='ltr'><strong>haue</strong></span> <span class='ocrx_word' id='word_1_328' title='bbox 1060 1568 1231 1602; x_wconf 86' lang='lat' dir='ltr'><strong>collected</strong></span> <span class='ocrx_word' id='word_1_329' title='bbox 1259 1569 1327 1602; x_wconf 85' lang='lat' dir='ltr'><strong>and</strong></span> <span class='ocrx_word' id='word_1_330' title='bbox 1353 1568 1553 1603; x_wconf 86' lang='lat' dir='ltr'><strong>translated</strong></span> <span class='ocrx_word' id='word_1_331' title='bbox 1580 1570 1642 1602; x_wconf 89' lang='lat' dir='ltr'><strong>out</strong></span> <span class='ocrx_word' id='word_1_332' title='bbox 1667 1568 1707 1602; x_wconf 90' lang='lat' dir='ltr'><strong>of</strong></span> <span class='ocrx_word' id='word_1_333' title='bbox 1729 1567 1790 1601; x_wconf 88' lang='lat' dir='ltr'><strong>the</strong></span> <span class='ocrx_word' id='word_1_334' title='bbox 1809 1567 1925 1612; x_wconf 80' lang='lat' dir='ltr'><strong>Scrip-</strong></span> 
     </span>
     <span class='ocr_line' id='line_1_29' title="bbox 158 1620 1927 1663; baseline 0.001 -10"><span class='ocrx_word' id='word_1_335' title='bbox 158 1623 247 1660; x_wconf 85' lang='lat' dir='ltr'><strong>ture,</strong></span> <span class='ocrx_word' id='word_1_336' title='bbox 274 1620 342 1654; x_wconf 91' lang='lat' dir='ltr'><strong>and</strong></span> <span class='ocrx_word' id='word_1_337' title='bbox 370 1620 532 1663; x_wconf 85' lang='lat' dir='ltr'><strong>generall</strong></span> <span class='ocrx_word' id='word_1_338' title='bbox 559 1620 758 1663; x_wconf 85' lang='lat' dir='ltr'><strong>Councells,</strong></span> <span class='ocrx_word' id='word_1_339' title='bbox 794 1624 856 1655; x_wconf 89' lang='lat' dir='ltr'><strong>out</strong></span> <span class='ocrx_word' id='word_1_340' title='bbox 882 1622 920 1655; x_wconf 84' lang='lat' dir='ltr'><strong>of</strong></span> <span class='ocrx_word' id='word_1_341' title='bbox 951 1621 1013 1655; x_wconf 90' lang='lat' dir='ltr'><strong>the</strong></span> <span class='ocrx_word' id='word_1_342' title='bbox 1048 1621 1183 1655; x_wconf 87' lang='lat' dir='ltr'><strong>bookes</strong></span> <span class='ocrx_word' id='word_1_343' title='bbox 1218 1622 1257 1655; x_wconf 89' lang='lat' dir='ltr'><strong>of</strong></span> <span class='ocrx_word' id='word_1_344' title='bbox 1280 1621 1321 1656; x_wconf 93' lang='lat' dir='ltr'><strong>D.</strong></span> <span class='ocrx_word' id='word_1_345' title='bbox 1349 1621 1479 1656; x_wconf 88' lang='lat' dir='ltr'><strong>Petrus</strong></span> <span class='ocrx_word' id='word_1_346' title='bbox 1506 1622 1548 1655; x_wconf 87' lang='lat' dir='ltr'><strong>de</strong></span> <span class='ocrx_word' id='word_1_347' title='bbox 1575 1621 1670 1662; x_wconf 85' lang='lat' dir='ltr'><strong>Soto,</strong></span> <span class='ocrx_word' id='word_1_348' title='bbox 1698 1621 1766 1654; x_wconf 88' lang='lat' dir='ltr'><strong>and</strong></span> <span class='ocrx_word' id='word_1_349' title='bbox 1793 1620 1835 1654; x_wconf 89' lang='lat' dir='ltr'><strong>D.</strong></span> <span class='ocrx_word' id='word_1_350' title='bbox 1863 1621 1927 1655; x_wconf 89' lang='lat' dir='ltr'><strong>Ca-</strong></span> 
     </span>
     <span class='ocr_line' id='line_1_30' title="bbox 156 1673 1928 1718; baseline 0.001 -11"><span class='ocrx_word' id='word_1_351' title='bbox 156 1674 281 1716; x_wconf 87' lang='lat' dir='ltr'><strong>nisius,</strong></span> <span class='ocrx_word' id='word_1_352' title='bbox 307 1675 461 1717; x_wconf 83' lang='lat' dir='ltr'><strong>addinge</strong></span> <span class='ocrx_word' id='word_1_353' title='bbox 488 1673 573 1708; x_wconf 88' lang='lat' dir='ltr'><strong>here</strong></span> <span class='ocrx_word' id='word_1_354' title='bbox 600 1675 668 1708; x_wconf 89' lang='lat' dir='ltr'><strong>and</strong></span> <span class='ocrx_word' id='word_1_355' title='bbox 694 1675 796 1708; x_wconf 89' lang='lat' dir='ltr'><strong>there</strong></span> <span class='ocrx_word' id='word_1_356' title='bbox 815 1686 913 1709; x_wconf 88' lang='lat' dir='ltr'><strong>some</strong></span> <span class='ocrx_word' id='word_1_357' title='bbox 939 1678 1129 1709; x_wconf 87' lang='lat' dir='ltr'><strong>sentences</strong></span> <span class='ocrx_word' id='word_1_358' title='bbox 1155 1676 1195 1709; x_wconf 86' lang='lat' dir='ltr'><strong>of</strong></span> <span class='ocrx_word' id='word_1_359' title='bbox 1218 1675 1278 1709; x_wconf 87' lang='lat' dir='ltr'><strong>the</strong></span> <span class='ocrx_word' id='word_1_360' title='bbox 1305 1675 1473 1709; x_wconf 88' lang='lat' dir='ltr'><strong>auncient</strong></span> <span class='ocrx_word' id='word_1_361' title='bbox 1490 1674 1662 1709; x_wconf 84' lang='lat' dir='ltr'><strong>Fathers“</strong></span> <span class='ocrx_word' id='word_1_362' title='bbox 1687 1681 1748 1718; x_wconf 63' lang='lat' dir='ltr'><strong>(ex</strong></span> <span class='ocrx_word' id='word_1_363' title='bbox 1774 1675 1928 1708; x_wconf 86' lang='lat' dir='ltr'><strong>editione</strong></span> 
     </span>
     <span class='ocr_line' id='line_1_31' title="bbox 157 1728 1928 1773; baseline -0.001 -11"><span class='ocrx_word' id='word_1_364' title='bbox 157 1729 305 1762; x_wconf 84' lang='lat' dir='ltr'><strong>curante</strong></span> <span class='ocrx_word' id='word_1_365' title='bbox 337 1728 400 1761; x_wconf 70' lang='lat' dir='ltr'><strong>Th.</strong></span> <span class='ocrx_word' id='word_1_366' title='bbox 432 1729 567 1761; x_wconf 76' lang='lat' dir='ltr'><strong>Graves</strong></span> <span class='ocrx_word' id='word_1_367' title='bbox 592 1729 682 1762; x_wconf 69' lang='lat' dir='ltr'><strong>Low</strong></span> <span class='ocrx_word' id='word_1_368' title='bbox 716 1728 752 1761; x_wconf 88' lang='lat' dir='ltr'><strong>in</strong></span> <span class='ocrx_word' id='word_1_369' title='bbox 782 1728 1006 1771; x_wconf 80' lang='lat' dir='ltr'><strong>⁷‚Remains“‚</strong></span> <span class='ocrx_word' id='word_1_370' title='bbox 1040 1728 1231 1769; x_wconf 86' lang='lat' dir='ltr'><strong>volumine,</strong></span> <span class='ocrx_word' id='word_1_371' title='bbox 1268 1728 1361 1772; x_wconf 91' lang='lat' dir='ltr'><strong>quod</strong></span> <span class='ocrx_word' id='word_1_372' title='bbox 1396 1740 1505 1773; x_wconf 86' lang='lat' dir='ltr'><strong>supra</strong></span> <span class='ocrx_word' id='word_1_373' title='bbox 1531 1728 1616 1768; x_wconf 83' lang='lat' dir='ltr'><strong>dixi,</strong></span> <span class='ocrx_word' id='word_1_374' title='bbox 1653 1728 1767 1761; x_wconf 85' lang='lat' dir='ltr'><strong>denuo</strong></span> <span class='ocrx_word' id='word_1_375' title='bbox 1794 1739 1928 1762; x_wconf 86' lang='lat' dir='ltr'><strong>excusa</strong></span> 
     </span>
     <span class='ocr_line' id='line_1_32' title="bbox 157 1780 1927 1826; baseline 0.001 -12"><span class='ocrx_word' id='word_1_376' title='bbox 157 1792 189 1826; x_wconf 88' lang='lat' dir='ltr'><strong>p.</strong></span> <span class='ocrx_word' id='word_1_377' title='bbox 218 1780 269 1823; x_wconf 87' lang='grc'><strong>7).</strong></span> <span class='ocrx_word' id='word_1_378' title='bbox 321 1780 356 1814; x_wconf 78' lang='lat' dir='ltr'><strong>Si</strong></span> <span class='ocrx_word' id='word_1_379' title='bbox 384 1792 487 1825; x_wconf 83' lang='lat' dir='ltr'><strong>porro</strong></span> <span class='ocrx_word' id='word_1_380' title='bbox 514 1781 736 1816; x_wconf 84' lang='lat' dir='ltr'><strong>canisianum</strong></span> <span class='ocrx_word' id='word_1_381' title='bbox 763 1781 1022 1816; x_wconf 86' lang='lat' dir='ltr'><strong>catechismum</strong></span> <span class='ocrx_word' id='word_1_382' title='bbox 1055 1793 1135 1816; x_wconf 90' lang='lat' dir='ltr'><strong>cum</strong></span> <span class='ocrx_word' id='word_1_383' title='bbox 1171 1782 1312 1825; x_wconf 79' lang='lat' dir='ltr'><strong>anglico</strong></span> <span class='ocrx_word' id='word_1_384' title='bbox 1339 1781 1544 1823; x_wconf 83' lang='lat' dir='ltr'><strong>contuleris,</strong></span> <span class='ocrx_word' id='word_1_385' title='bbox 1580 1781 1686 1815; x_wconf 82' lang='lat' dir='ltr'><strong>facile</strong></span> <span class='ocrx_word' id='word_1_386' title='bbox 1722 1792 1927 1824; x_wconf 82' lang='lat' dir='ltr'><strong>cognosces,</strong></span> 
     </span>
     <span class='ocr_line' id='line_1_33' title="bbox 157 1834 1927 1879; baseline 0.001 -12"><span class='ocrx_word' id='word_1_387' title='bbox 157 1845 228 1875; x_wconf 91' lang='lat' dir='ltr'><strong>eos,</strong></span> <span class='ocrx_word' id='word_1_388' title='bbox 255 1835 348 1878; x_wconf 88' lang='lat' dir='ltr'><strong>quod</strong></span> <span class='ocrx_word' id='word_1_389' title='bbox 375 1834 418 1867; x_wconf 89' lang='lat' dir='ltr'><strong>ad</strong></span> <span class='ocrx_word' id='word_1_390' title='bbox 445 1846 563 1868; x_wconf 88' lang='lat' dir='ltr'><strong>rerum</strong></span> <span class='ocrx_word' id='word_1_391' title='bbox 590 1834 884 1879; x_wconf 84' lang='lat' dir='ltr'><strong>explicandarum</strong></span> <span class='ocrx_word' id='word_1_392' title='bbox 911 1835 1085 1869; x_wconf 86' lang='lat' dir='ltr'><strong>rationem</strong></span> <span class='ocrx_word' id='word_1_393' title='bbox 1111 1835 1250 1876; x_wconf 89' lang='lat' dir='ltr'><strong>attinet,</strong></span> <span class='ocrx_word' id='word_1_394' title='bbox 1278 1835 1401 1869; x_wconf 84' lang='lat' dir='ltr'><strong>multis</strong></span> <span class='ocrx_word' id='word_1_395' title='bbox 1427 1835 1516 1869; x_wconf 91' lang='lat' dir='ltr'><strong>locis</strong></span> <span class='ocrx_word' id='word_1_396' title='bbox 1542 1834 1635 1868; x_wconf 89' lang='lat' dir='ltr'><strong>inter</strong></span> <span class='ocrx_word' id='word_1_397' title='bbox 1660 1846 1699 1868; x_wconf 88' lang='grc'><strong>56</strong></span> <span class='ocrx_word' id='word_1_398' title='bbox 1725 1835 1927 1876; x_wconf 82' lang='lat' dir='ltr'><strong>convenire,</strong></span> 
     </span>
     <span class='ocr_line' id='line_1_34' title="bbox 157 1887 706 1932; baseline 0.002 -12"><span class='ocrx_word' id='word_1_399' title='bbox 157 1887 281 1921; x_wconf 88' lang='lat' dir='ltr'><strong>multis</strong></span> <span class='ocrx_word' id='word_1_400' title='bbox 308 1887 401 1920; x_wconf 88' lang='lat' dir='ltr'><strong>inter</strong></span> <span class='ocrx_word' id='word_1_401' title='bbox 426 1899 465 1921; x_wconf 90' lang='lat' dir='ltr'><strong>se</strong></span> <span class='ocrx_word' id='word_1_402' title='bbox 491 1887 706 1932; x_wconf 86' lang='lat' dir='ltr'><strong>discrepare.</strong></span> 
     </span>
    </p>

    <p class='ocr_par' dir='ltr' id='par_1_3' title="bbox 157 1940 1928 2305">
     <span class='ocr_line' id='line_1_35' title="bbox 276 1940 1926 1986; baseline 0.001 -13"><span class='ocrx_word' id='word_1_403' title='bbox 276 1940 364 1974; x_wconf 87' lang='lat' dir='ltr'><strong>Rem</strong></span> <span class='ocrx_word' id='word_1_404' title='bbox 390 1940 527 1974; x_wconf 88' lang='lat' dir='ltr'><strong>duobus</strong></span> <span class='ocrx_word' id='word_1_405' title='bbox 553 1941 727 1985; x_wconf 88' lang='lat' dir='ltr'><strong>exemplis</strong></span> <span class='ocrx_word' id='word_1_406' title='bbox 753 1941 950 1982; x_wconf 85' lang='lat' dir='ltr'><strong>illustrabo,</strong></span> <span class='ocrx_word' id='word_1_407' title='bbox 978 1941 1139 1986; x_wconf 87' lang='lat' dir='ltr'><strong>ponendo</strong></span> <span class='ocrx_word' id='word_1_408' title='bbox 1163 1953 1334 1986; x_wconf 89' lang='lat' dir='ltr'><strong>responsa</strong></span> <span class='ocrx_word' id='word_1_409' title='bbox 1361 1942 1514 1986; x_wconf 88' lang='lat' dir='ltr'><strong>primum</strong></span> <span class='ocrx_word' id='word_1_410' title='bbox 1541 1953 1586 1975; x_wconf 83' lang='lat' dir='ltr'><strong>ex</strong></span> <span class='ocrx_word' id='word_1_411' title='bbox 1605 1941 1822 1975; x_wconf 85' lang='lat' dir='ltr'><strong>catechismo</strong></span> <span class='ocrx_word' id='word_1_412' title='bbox 1849 1953 1926 1985; x_wconf 85' lang='lat' dir='ltr'><strong>ger·</strong></span> 
     </span>
     <span class='ocr_line' id='line_1_36' title="bbox 157 1994 1927 2038; baseline 0.001 -11"><span class='ocrx_word' id='word_1_413' title='bbox 157 1994 294 2027; x_wconf 87' lang='lat' dir='ltr'><strong>manico</strong></span> <span class='ocrx_word' id='word_1_414' title='bbox 323 1994 462 2028; x_wconf 55' lang='lat' dir='ltr'><strong>Canis-ii</strong></span> <span class='ocrx_word' id='word_1_415' title='bbox 488 2006 517 2027; x_wconf 89' lang='lat' dir='ltr'><strong>a.</strong></span> <span class='ocrx_word' id='word_1_416' title='bbox 541 1994 630 2028; x_wconf 83' lang='lat'>1563</span> <span class='ocrx_word' id='word_1_417' title='bbox 657 1994 823 2038; x_wconf 88' lang='lat' dir='ltr'><strong>Dilingae</strong></span> <span class='ocrx_word' id='word_1_418' title='bbox 849 2006 930 2029; x_wconf 88' lang='lat' dir='ltr'><strong>cum</strong></span> <span class='ocrx_word' id='word_1_419' title='bbox 957 1995 1062 2028; x_wconf 88' lang='lat' dir='ltr'><strong>titulo</strong></span> <span class='ocrx_word' id='word_1_420' title='bbox 1085 1995 1239 2037; x_wconf 83' lang='lat' dir='ltr'><strong>„Kurtze</strong></span> <span class='ocrx_word' id='word_1_421' title='bbox 1258 1994 1457 2038; x_wconf 74' lang='lat' dir='ltr'><strong>Erclarung</strong></span> <span class='ocrx_word' id='word_1_422' title='bbox 1483 1995 1546 2029; x_wconf 88' lang='lat' dir='ltr'><strong>der</strong></span> <span class='ocrx_word' id='word_1_423' title='bbox 1571 1996 1795 2028; x_wconf 79' lang='lat' dir='ltr'><strong>fiirnemsten</strong></span> <span class='ocrx_word' id='word_1_424' title='bbox 1821 1994 1927 2029; x_wconf 88' lang='lat' dir='ltr'><strong>stuck</strong></span> 
     </span>
     <span class='ocr_line' id='line_1_37' title="bbox 157 2046 1927 2092; baseline 0 -11"><span class='ocrx_word' id='word_1_425' title='bbox 157 2047 220 2081; x_wconf 90' lang='lat' dir='ltr'><strong>des</strong></span> <span class='ocrx_word' id='word_1_426' title='bbox 246 2047 390 2080; x_wconf 89' lang='lat' dir='ltr'><strong>wahren</strong></span> <span class='ocrx_word' id='word_1_427' title='bbox 418 2046 671 2081; x_wconf 87' lang='lat' dir='ltr'><strong>Catholischen</strong></span> <span class='ocrx_word' id='word_1_428' title='bbox 698 2047 899 2082; x_wconf 62' lang='grc' dir='ltr'><strong>(1161110605ι</strong></span> <span class='ocrx_word' id='word_1_429' title='bbox 931 2060 1082 2089; x_wconf 83' lang='lat' dir='ltr'><strong>excuso,</strong></span> <span class='ocrx_word' id='word_1_430' title='bbox 1119 2059 1150 2082; x_wconf 93' lang='lat' dir='ltr'><strong>a.</strong></span> <span class='ocrx_word' id='word_1_431' title='bbox 1180 2047 1267 2082; x_wconf 85' lang='lat'>1881</span> <span class='ocrx_word' id='word_1_432' title='bbox 1296 2048 1504 2091; x_wconf 87' lang='lat' dir='ltr'><strong>Moguntiae</strong></span> <span class='ocrx_word' id='word_1_433' title='bbox 1540 2060 1603 2092; x_wconf 85' lang='lat' dir='ltr'><strong>per</strong></span> <span class='ocrx_word' id='word_1_434' title='bbox 1632 2048 1927 2091; x_wconf 68' lang='lat' dir='ltr'><strong>Christophorum</strong></span> 
     </span>
     <span class='ocr_line' id='line_1_38' title="bbox 158 2100 1928 2146; baseline 0.001 -13"><span class='ocrx_word' id='word_1_435' title='bbox 158 2102 332 2143; x_wconf 73' lang='lat' dir='ltr'><strong>Moufang]</strong></span> <span class='ocrx_word' id='word_1_436' title='bbox 352 2100 600 2143; x_wconf 88' lang='lat' dir='ltr'><strong>(Katholische</strong></span> <span class='ocrx_word' id='word_1_437' title='bbox 617 2101 871 2135; x_wconf 87' lang='lat' dir='ltr'><strong>Katechismen</strong></span> <span class='ocrx_word' id='word_1_438' title='bbox 891 2101 953 2135; x_wconf 90' lang='lat' dir='ltr'><strong>des</strong></span> <span class='ocrx_word' id='word_1_439' title='bbox 971 2101 1211 2135; x_wconf 88' lang='lat' dir='ltr'><strong>sechzehnten</strong></span> <span class='ocrx_word' id='word_1_440' title='bbox 1227 2101 1492 2135; x_wconf 88' lang='lat' dir='ltr'><strong>Jahrhunderts</strong></span> <span class='ocrx_word' id='word_1_441' title='bbox 1511 2101 1546 2135; x_wconf 92' lang='lat' dir='ltr'><strong>in</strong></span> <span class='ocrx_word' id='word_1_442' title='bbox 1565 2101 1756 2135; x_wconf 87' lang='lat' dir='ltr'><strong>deutscher</strong></span> <span class='ocrx_word' id='word_1_443' title='bbox 1770 2100 1928 2146; x_wconf 80' lang='lat' dir='ltr'><strong>Sprache</strong></span> 
     </span>
     <span class='ocr_line' id='line_1_39' title="bbox 157 2153 1928 2198; baseline 0 -11"><span class='ocrx_word' id='word_1_444' title='bbox 157 2153 360 2196; x_wconf 85' lang='lat'>559—594)</span> <span class='ocrx_word' id='word_1_445' title='bbox 397 2165 523 2188; x_wconf 86' lang='lat' dir='ltr'><strong>recuso</strong></span> <span class='ocrx_word' id='word_1_446' title='bbox 562 2153 609 2198; x_wconf 94' lang='lat' dir='ltr'><strong>(p.</strong></span> <span class='ocrx_word' id='word_1_447' title='bbox 638 2155 703 2188; x_wconf 87' lang='grc'><strong>561</strong></span> <span class='ocrx_word' id='word_1_448' title='bbox 733 2154 838 2197; x_wconf 83' lang='grc'>573),</span> <span class='ocrx_word' id='word_1_449' title='bbox 875 2154 1002 2188; x_wconf 83' lang='grc'>(16111(16</span> <span class='ocrx_word' id='word_1_450' title='bbox 1038 2166 1083 2188; x_wconf 78' lang='lat' dir='ltr'><strong>ex</strong></span> <span class='ocrx_word' id='word_1_451' title='bbox 1110 2155 1244 2187; x_wconf 57' lang='lat' dir='ltr'><strong>Vama·</strong></span> <span class='ocrx_word' id='word_1_452' title='bbox 1279 2154 1507 2196; x_wconf 82' lang='lat' dir='ltr'><strong>catechismo,</strong></span> <span class='ocrx_word' id='word_1_453' title='bbox 1544 2166 1649 2198; x_wconf 85' lang='lat' dir='ltr'><strong>quem</strong></span> <span class='ocrx_word' id='word_1_454' title='bbox 1688 2154 1772 2196; x_wconf 77' lang='lat' dir='ltr'><strong>dixi,</strong></span> <span class='ocrx_word' id='word_1_455' title='bbox 1809 2154 1928 2188; x_wconf 87' lang='lat' dir='ltr'><strong>Leodii</strong></span> 
     </span>
     <span class='ocr_line' id='line_1_40' title="bbox 157 2206 1926 2252; baseline 0.001 -12"><span class='ocrx_word' id='word_1_456' title='bbox 157 2218 187 2241; x_wconf 88' lang='lat' dir='ltr'><strong>a.</strong></span> <span class='ocrx_word' id='word_1_457' title='bbox 217 2206 306 2241; x_wconf 83' lang='lat'>1583</span> <span class='ocrx_word' id='word_1_458' title='bbox 333 2218 459 2240; x_wconf 88' lang='lat' dir='ltr'><strong>rursus</strong></span> <span class='ocrx_word' id='word_1_459' title='bbox 485 2219 628 2249; x_wconf 73' lang='lat' dir='ltr'><strong>excuse,</strong></span> <span class='ocrx_word' id='word_1_460' title='bbox 654 2207 894 2241; x_wconf 81' lang='lat' dir='ltr'><strong>Mancestriae</strong></span> <span class='ocrx_word' id='word_1_461' title='bbox 927 2220 958 2241; x_wconf 88' lang='lat' dir='ltr'><strong>a.</strong></span> <span class='ocrx_word' id='word_1_462' title='bbox 989 2208 1078 2242; x_wconf 86' lang='lat'>1885</span> <span class='ocrx_word' id='word_1_463' title='bbox 1106 2219 1169 2252; x_wconf 85' lang='lat' dir='ltr'><strong>per</strong></span> <span class='ocrx_word' id='word_1_464' title='bbox 1200 2208 1368 2241; x_wconf 72' lang='lat' dir='ltr'><strong>leomam</strong></span> <span class='ocrx_word' id='word_1_465' title='bbox 1400 2210 1536 2241; x_wconf 81' lang='lat' dir='ltr'><strong>Graves</strong></span> <span class='ocrx_word' id='word_1_466' title='bbox 1563 2209 1650 2243; x_wconf 80' lang='lat' dir='ltr'><strong>Law</strong></span> <span class='ocrx_word' id='word_1_467' title='bbox 1677 2207 1717 2250; x_wconf 88' lang='lat' dir='ltr'><strong>(l.</strong></span> <span class='ocrx_word' id='word_1_468' title='bbox 1737 2219 1765 2241; x_wconf 93' lang='lat' dir='ltr'><strong>c.</strong></span> <span class='ocrx_word' id='word_1_469' title='bbox 1795 2208 1926 2251; x_wconf 83' lang='lat'>1—77)</span> 
     </span>
     <span class='ocr_line' id='line_1_41' title="bbox 157 2260 512 2305; baseline 0 -11"><span class='ocrx_word' id='word_1_470' title='bbox 157 2271 282 2294; x_wconf 86' lang='lat' dir='ltr'><strong>recuso</strong></span> <span class='ocrx_word' id='word_1_471' title='bbox 315 2260 364 2305; x_wconf 88' lang='lat' dir='ltr'><strong>(p.</strong></span> <span class='ocrx_word' id='word_1_472' title='bbox 395 2261 409 2294; x_wconf 94' lang='lat' dir='ltr'><strong>l</strong></span> <span class='ocrx_word' id='word_1_473' title='bbox 439 2260 512 2304; x_wconf 85' lang='lat'><strong>25).</strong></span> 
     </span>
    </p>
   </div>
   <div class='ocr_carea' id='block_1_3' title="bbox 158 2312 1928 2517">
    <p class='ocr_par' dir='ltr' id='par_1_4' title="bbox 215 2312 1288 2358">
     <span class='ocr_line' id='line_1_42' title="bbox 215 2312 1288 2358; baseline 0.001 -12"><span class='ocrx_word' id='word_1_474' title='bbox 215 2312 408 2356; x_wconf 70' lang='lat' dir='ltr'><strong>[Canis-ius</strong></span> <span class='ocrx_word' id='word_1_475' title='bbox 417 2313 450 2356; x_wconf 91' lang='grc'><strong>.·]</strong></span> <span class='ocrx_word' id='word_1_476' title='bbox 1119 2314 1247 2356; x_wconf 64' lang='lat' dir='ltr'><strong>[Vanx</strong></span> <span class='ocrx_word' id='word_1_477' title='bbox 1258 2313 1288 2358; x_wconf 91' lang='grc'><strong>.·]</strong></span> 
     </span>
    </p>

    <p class='ocr_par' dir='ltr' id='par_1_5' title="bbox 158 2365 1928 2454">
     <span class='ocr_line' id='line_1_43' title="bbox 220 2365 1928 2411; baseline 0.001 -12"><span class='ocrx_word' id='word_1_478' title='bbox 220 2366 328 2409; x_wconf 84' lang='lat' dir='ltr'><strong>⁷,Wer</strong></span> <span class='ocrx_word' id='word_1_479' title='bbox 361 2366 410 2400; x_wconf 89' lang='lat' dir='ltr'><strong>ist</strong></span> <span class='ocrx_word' id='word_1_480' title='bbox 443 2366 514 2400; x_wconf 91' lang='lat' dir='ltr'><strong>und</strong></span> <span class='ocrx_word' id='word_1_481' title='bbox 549 2366 616 2400; x_wconf 88' lang='lat' dir='ltr'><strong>soll</strong></span> <span class='ocrx_word' id='word_1_482' title='bbox 651 2366 708 2400; x_wconf 85' lang='lat' dir='ltr'><strong>ein</strong></span> <span class='ocrx_word' id='word_1_483' title='bbox 735 2367 856 2401; x_wconf 84' lang='lat' dir='ltr'><strong>Christ</strong></span> <span class='ocrx_word' id='word_1_484' title='bbox 890 2369 1023 2410; x_wconf 84' lang='lat' dir='ltr'><strong>genant</strong></span> <span class='ocrx_word' id='word_1_485' title='bbox 1125 2366 1296 2410; x_wconf 87' lang='lat' dir='ltr'><strong>„VVhom</strong></span> <span class='ocrx_word' id='word_1_486' title='bbox 1324 2367 1388 2400; x_wconf 86' lang='lat' dir='ltr'><strong>doe</strong></span> <span class='ocrx_word' id='word_1_487' title='bbox 1407 2378 1452 2411; x_wconf 92' lang='lat' dir='ltr'><strong>ye</strong></span> <span class='ocrx_word' id='word_1_488' title='bbox 1472 2365 1540 2400; x_wconf 89' lang='lat' dir='ltr'><strong>call</strong></span> <span class='ocrx_word' id='word_1_489' title='bbox 1559 2378 1579 2400; x_wconf 92' lang='lat' dir='ltr'><strong>a</strong></span> <span class='ocrx_word' id='word_1_490' title='bbox 1599 2365 1780 2401; x_wconf 82' lang='lat' dir='ltr'><strong>Christian</strong></span> <span class='ocrx_word' id='word_1_491' title='bbox 1801 2365 1928 2401; x_wconf 86' lang='lat' dir='ltr'><strong>Catho-</strong></span> 
     </span>
     <span class='ocr_line' id='line_1_44' title="bbox 158 2420 1276 2454; baseline 0.001 -1"><span class='ocrx_word' id='word_1_492' title='bbox 158 2420 298 2453; x_wconf 85' lang='lat' dir='ltr'><strong>werden</strong></span> <span class='ocrx_word' id='word_1_493' title='bbox 311 2421 330 2453; x_wconf 75' lang='lat'><strong>⁶?</strong></span> <span class='ocrx_word' id='word_1_494' title='bbox 1061 2420 1135 2454; x_wconf 88' lang='lat' dir='ltr'><strong>like</strong></span> <span class='ocrx_word' id='word_1_495' title='bbox 1161 2432 1243 2454; x_wconf 87' lang='lat' dir='ltr'><strong>man</strong></span> <span class='ocrx_word' id='word_1_496' title='bbox 1257 2422 1276 2454; x_wconf 67' lang='grc' dir='ltr'><strong>ἱ)</strong></span> 
     </span>
    </p>

    <p class='ocr_par' dir='ltr' id='par_1_6' title="bbox 217 2472 1928 2517">
     <span class='ocr_line' id='line_1_45' title="bbox 217 2472 1928 2517; baseline 0.001 -11"><span class='ocrx_word' id='word_1_497' title='bbox 217 2473 287 2506; x_wconf 92' lang='lat' dir='ltr'><strong>Der</strong></span> <span class='ocrx_word' id='word_1_498' title='bbox 321 2472 413 2506; x_wconf 88' lang='lat' dir='ltr'><strong>nach</strong></span> <span class='ocrx_word' id='word_1_499' title='bbox 444 2473 697 2517; x_wconf 87' lang='lat' dir='ltr'><strong>empfangnem</strong></span> <span class='ocrx_word' id='word_1_500' title='bbox 723 2473 831 2507; x_wconf 88' lang='lat' dir='ltr'><strong>Tauff</strong></span> <span class='ocrx_word' id='word_1_501' title='bbox 853 2474 909 2508; x_wconf 88' lang='lat' dir='ltr'><strong>die</strong></span> <span class='ocrx_word' id='word_1_502' title='bbox 935 2474 1023 2508; x_wconf 91' lang='lat' dir='ltr'><strong>hail·</strong></span> <span class='ocrx_word' id='word_1_503' title='bbox 1122 2474 1227 2507; x_wconf 82' lang='lat' dir='ltr'><strong>HYm</strong></span> <span class='ocrx_word' id='word_1_504' title='bbox 1241 2473 1321 2507; x_wconf 88' lang='lat' dir='ltr'><strong>that</strong></span> <span class='ocrx_word' id='word_1_505' title='bbox 1335 2472 1421 2506; x_wconf 85' lang='lat' dir='ltr'><strong>bath</strong></span> <span class='ocrx_word' id='word_1_506' title='bbox 1436 2473 1609 2506; x_wconf 89' lang='lat' dir='ltr'><strong>receaued</strong></span> <span class='ocrx_word' id='word_1_507' title='bbox 1623 2472 1684 2506; x_wconf 89' lang='lat' dir='ltr'><strong>the</strong></span> <span class='ocrx_word' id='word_1_508' title='bbox 1698 2472 1928 2507; x_wconf 84' lang='lat' dir='ltr'><strong>Sacramente</strong></span> 
     </span>
    </p>
   </div>
   <div class='ocr_carea' id='block_1_4' title="bbox 157 2525 1930 3101">
    <p class='ocr_par' dir='ltr' id='par_1_7' title="bbox 157 2525 1930 2890">
     <span class='ocr_line' id='line_1_46' title="bbox 157 2525 1928 2571; baseline 0 -12"><span class='ocrx_word' id='word_1_509' title='bbox 157 2537 255 2560; x_wconf 86' lang='lat' dir='ltr'><strong>same</strong></span> <span class='ocrx_word' id='word_1_510' title='bbox 278 2525 356 2559; x_wconf 81' lang='lat' dir='ltr'><strong>lehi·</strong></span> <span class='ocrx_word' id='word_1_511' title='bbox 375 2526 462 2560; x_wconf 84' lang='lat' dir='ltr'><strong>Jesu</strong></span> <span class='ocrx_word' id='word_1_512' title='bbox 482 2526 626 2567; x_wconf 89' lang='lat' dir='ltr'><strong>Christi,</strong></span> <span class='ocrx_word' id='word_1_513' title='bbox 653 2526 716 2560; x_wconf 90' lang='lat' dir='ltr'><strong>des</strong></span> <span class='ocrx_word' id='word_1_514' title='bbox 734 2527 879 2561; x_wconf 89' lang='lat' dir='ltr'><strong>wahren</strong></span> <span class='ocrx_word' id='word_1_515' title='bbox 897 2527 1024 2561; x_wconf 77' lang='lat' dir='ltr'><strong>Gottes</strong></span> <span class='ocrx_word' id='word_1_516' title='bbox 1062 2527 1101 2560; x_wconf 84' lang='lat' dir='ltr'><strong>of</strong></span> <span class='ocrx_word' id='word_1_517' title='bbox 1117 2527 1310 2571; x_wconf 80' lang='lat' dir='ltr'><strong>Baptisme,</strong></span> <span class='ocrx_word' id='word_1_518' title='bbox 1338 2526 1526 2571; x_wconf 82' lang='lat' dir='ltr'><strong>vvhereby</strong></span> <span class='ocrx_word' id='word_1_519' title='bbox 1549 2526 1593 2559; x_wconf 92' lang='lat' dir='ltr'><strong>he</strong></span> <span class='ocrx_word' id='word_1_520' title='bbox 1612 2526 1643 2560; x_wconf 91' lang='lat' dir='ltr'><strong>is</strong></span> <span class='ocrx_word' id='word_1_521' title='bbox 1660 2526 1763 2559; x_wconf 84' lang='lat' dir='ltr'><strong>made</strong></span> <span class='ocrx_word' id='word_1_522' title='bbox 1782 2537 1802 2559; x_wconf 89' lang='lat' dir='ltr'><strong>a</strong></span> <span class='ocrx_word' id='word_1_523' title='bbox 1820 2537 1928 2560; x_wconf 88' lang='lat' dir='ltr'><strong>mem-</strong></span> 
     </span>
     <span class='ocr_line' id='line_1_47' title="bbox 158 2578 1928 2620; baseline 0 -8"><span class='ocrx_word' id='word_1_524' title='bbox 158 2579 227 2612; x_wconf 90' lang='lat' dir='ltr'><strong>und</strong></span> <span class='ocrx_word' id='word_1_525' title='bbox 256 2579 458 2619; x_wconf 87' lang='lat' dir='ltr'><strong>menschen,</strong></span> <span class='ocrx_word' id='word_1_526' title='bbox 485 2579 520 2613; x_wconf 93' lang='lat' dir='ltr'><strong>in</strong></span> <span class='ocrx_word' id='word_1_527' title='bbox 547 2580 665 2613; x_wconf 88' lang='lat' dir='ltr'><strong>seiner</strong></span> <span class='ocrx_word' id='word_1_528' title='bbox 688 2579 837 2614; x_wconf 84' lang='lat' dir='ltr'><strong>kirchen</strong></span> <span class='ocrx_word' id='word_1_529' title='bbox 856 2580 927 2614; x_wconf 90' lang='lat' dir='ltr'><strong>und</strong></span> <span class='ocrx_word' id='word_1_530' title='bbox 945 2593 1024 2614; x_wconf 88' lang='lat' dir='ltr'><strong>ver·</strong></span> <span class='ocrx_word' id='word_1_531' title='bbox 1063 2580 1124 2614; x_wconf 89' lang='lat' dir='ltr'><strong>ber</strong></span> <span class='ocrx_word' id='word_1_532' title='bbox 1159 2580 1198 2613; x_wconf 89' lang='lat' dir='ltr'><strong>of</strong></span> <span class='ocrx_word' id='word_1_533' title='bbox 1230 2579 1291 2613; x_wconf 81' lang='lat' dir='ltr'><strong>the</strong></span> <span class='ocrx_word' id='word_1_534' title='bbox 1328 2578 1516 2613; x_wconf 87' lang='lat' dir='ltr'><strong>Catholike</strong></span> <span class='ocrx_word' id='word_1_535' title='bbox 1550 2579 1703 2620; x_wconf 86' lang='lat' dir='ltr'><strong>Church,</strong></span> <span class='ocrx_word' id='word_1_536' title='bbox 1739 2579 1807 2612; x_wconf 86' lang='lat' dir='ltr'><strong>and</strong></span> <span class='ocrx_word' id='word_1_537' title='bbox 1843 2579 1928 2613; x_wconf 85' lang='lat' dir='ltr'><strong>doth</strong></span> 
     </span>
     <span class='ocr_line' id='line_1_48' title="bbox 158 2631 1928 2678; baseline 0.001 -13"><span class='ocrx_word' id='word_1_538' title='bbox 158 2632 324 2675; x_wconf 90' lang='lat' dir='ltr'><strong>samlung</strong></span> <span class='ocrx_word' id='word_1_539' title='bbox 350 2632 519 2673; x_wconf 84' lang='lat' dir='ltr'><strong>bekennt,</strong></span> <span class='ocrx_word' id='word_1_540' title='bbox 554 2633 626 2666; x_wconf 88' lang='lat' dir='ltr'><strong>und</strong></span> <span class='ocrx_word' id='word_1_541' title='bbox 652 2633 706 2666; x_wconf 87' lang='lat' dir='ltr'><strong>nit</strong></span> <span class='ocrx_word' id='word_1_542' title='bbox 731 2633 914 2677; x_wconf 86' lang='lat' dir='ltr'><strong>anhanget</strong></span> <span class='ocrx_word' id='word_1_543' title='bbox 940 2635 1023 2667; x_wconf 89' lang='grc'>61111-</span> <span class='ocrx_word' id='word_1_544' title='bbox 1064 2633 1224 2678; x_wconf 87' lang='lat' dir='ltr'><strong>professe</strong></span> <span class='ocrx_word' id='word_1_545' title='bbox 1259 2633 1295 2666; x_wconf 90' lang='grc'><strong>111</strong></span> <span class='ocrx_word' id='word_1_546' title='bbox 1321 2631 1436 2674; x_wconf 78' lang='lat' dir='ltr'><strong>hai-te,</strong></span> <span class='ocrx_word' id='word_1_547' title='bbox 1471 2632 1596 2672; x_wconf 87' lang='lat' dir='ltr'><strong>vvord,</strong></span> <span class='ocrx_word' id='word_1_548' title='bbox 1625 2632 1693 2666; x_wconf 91' lang='lat' dir='ltr'><strong>and</strong></span> <span class='ocrx_word' id='word_1_549' title='bbox 1720 2632 1839 2673; x_wconf 88' lang='lat' dir='ltr'><strong>deede‚</strong></span> <span class='ocrx_word' id='word_1_550' title='bbox 1868 2632 1928 2666; x_wconf 87' lang='lat' dir='ltr'><strong>the</strong></span> 
     </span>
     <span class='ocr_line' id='line_1_49' title="bbox 158 2685 1929 2730; baseline 0.001 -13"><span class='ocrx_word' id='word_1_551' title='bbox 158 2685 248 2718; x_wconf 90' lang='lat' dir='ltr'><strong>chen</strong></span> <span class='ocrx_word' id='word_1_552' title='bbox 266 2687 399 2725; x_wconf 86' lang='lat' dir='ltr'><strong>secten,</strong></span> <span class='ocrx_word' id='word_1_553' title='bbox 426 2685 656 2729; x_wconf 85' lang='lat' dir='ltr'><strong>spaltungen,</strong></span> <span class='ocrx_word' id='word_1_554' title='bbox 682 2686 767 2720; x_wconf 87' lang='lat' dir='ltr'><strong>oder</strong></span> <span class='ocrx_word' id='word_1_555' title='bbox 784 2687 918 2730; x_wconf 86' lang='lat' dir='ltr'><strong>irrigen</strong></span> <span class='ocrx_word' id='word_1_556' title='bbox 936 2687 1024 2727; x_wconf 89' lang='lat' dir='ltr'><strong>lehr,</strong></span> <span class='ocrx_word' id='word_1_557' title='bbox 1062 2686 1272 2720; x_wconf 89' lang='lat' dir='ltr'><strong>vvholsome</strong></span> <span class='ocrx_word' id='word_1_558' title='bbox 1308 2686 1469 2719; x_wconf 86' lang='lat' dir='ltr'><strong>doctrine</strong></span> <span class='ocrx_word' id='word_1_559' title='bbox 1505 2686 1543 2719; x_wconf 83' lang='lat' dir='ltr'><strong>of</strong></span> <span class='ocrx_word' id='word_1_560' title='bbox 1571 2685 1678 2719; x_wconf 86' lang='lat' dir='ltr'><strong>Jesus</strong></span> <span class='ocrx_word' id='word_1_561' title='bbox 1706 2685 1825 2719; x_wconf 84' lang='lat' dir='ltr'><strong>Christ</strong></span> <span class='ocrx_word' id='word_1_562' title='bbox 1859 2685 1929 2719; x_wconf 84' lang='lat' dir='ltr'><strong>and</strong></span> 
     </span>
     <span class='ocr_line' id='line_1_50' title="bbox 159 2737 1928 2779; baseline 0.001 -9"><span class='ocrx_word' id='word_1_563' title='bbox 159 2748 198 2770; x_wconf 91' lang='lat' dir='ltr'><strong>so</strong></span> <span class='ocrx_word' id='word_1_564' title='bbox 233 2737 342 2771; x_wconf 90' lang='lat' dir='ltr'><strong>wider</strong></span> <span class='ocrx_word' id='word_1_565' title='bbox 370 2738 425 2771; x_wconf 87' lang='lat' dir='ltr'><strong>die</strong></span> <span class='ocrx_word' id='word_1_566' title='bbox 453 2738 669 2773; x_wconf 87' lang='lat' dir='ltr'><strong>Christliche</strong></span> <span class='ocrx_word' id='word_1_567' title='bbox 695 2739 773 2773; x_wconf 88' lang='lat' dir='ltr'><strong>lehr</strong></span> <span class='ocrx_word' id='word_1_568' title='bbox 798 2740 869 2773; x_wconf 92' lang='lat' dir='ltr'><strong>und</strong></span> <span class='ocrx_word' id='word_1_569' title='bbox 898 2740 1023 2774; x_wconf 63' lang='grc'>(3111110-</span> <span class='ocrx_word' id='word_1_570' title='bbox 1062 2740 1100 2773; x_wconf 86' lang='lat' dir='ltr'><strong>of</strong></span> <span class='ocrx_word' id='word_1_571' title='bbox 1123 2739 1184 2773; x_wconf 87' lang='lat' dir='ltr'><strong>the</strong></span> <span class='ocrx_word' id='word_1_572' title='bbox 1211 2738 1371 2773; x_wconf 89' lang='lat' dir='ltr'><strong>catholik</strong></span> <span class='ocrx_word' id='word_1_573' title='bbox 1390 2738 1543 2779; x_wconf 85' lang='lat' dir='ltr'><strong>Church,</strong></span> <span class='ocrx_word' id='word_1_574' title='bbox 1570 2738 1639 2772; x_wconf 87' lang='lat' dir='ltr'><strong>and</strong></span> <span class='ocrx_word' id='word_1_575' title='bbox 1666 2738 1751 2772; x_wconf 92' lang='lat' dir='ltr'><strong>doth</strong></span> <span class='ocrx_word' id='word_1_576' title='bbox 1769 2741 1831 2772; x_wconf 89' lang='lat' dir='ltr'><strong>not</strong></span> <span class='ocrx_word' id='word_1_577' title='bbox 1849 2750 1928 2772; x_wconf 89' lang='lat' dir='ltr'><strong>con-</strong></span> 
     </span>
     <span class='ocr_line' id='line_1_51' title="bbox 160 2789 1930 2836; baseline 0.002 -14"><span class='ocrx_word' id='word_1_578' title='bbox 160 2789 271 2823; x_wconf 89' lang='lat' dir='ltr'><strong>lische</strong></span> <span class='ocrx_word' id='word_1_579' title='bbox 297 2790 407 2824; x_wconf 84' lang='lat' dir='ltr'><strong>Kirch</strong></span> <span class='ocrx_word' id='word_1_580' title='bbox 434 2792 610 2825; x_wconf 85' lang='lat' dir='ltr'><strong>streben.“</strong></span> <span class='ocrx_word' id='word_1_581' title='bbox 1062 2796 1164 2826; x_wconf 85' lang='lat' dir='ltr'><strong>sente</strong></span> <span class='ocrx_word' id='word_1_582' title='bbox 1199 2804 1263 2826; x_wconf 88' lang='lat' dir='ltr'><strong>nor</strong></span> <span class='ocrx_word' id='word_1_583' title='bbox 1298 2803 1406 2835; x_wconf 85' lang='lat' dir='ltr'><strong>agree</strong></span> <span class='ocrx_word' id='word_1_584' title='bbox 1438 2796 1475 2825; x_wconf 86' lang='lat' dir='ltr'><strong>to</strong></span> <span class='ocrx_word' id='word_1_585' title='bbox 1501 2803 1571 2836; x_wconf 82' lang='lat' dir='ltr'><strong>any</strong></span> <span class='ocrx_word' id='word_1_586' title='bbox 1598 2794 1725 2834; x_wconf 87' lang='lat' dir='ltr'><strong>strang</strong></span> <span class='ocrx_word' id='word_1_587' title='bbox 1750 2794 1856 2832; x_wconf 85' lang='lat' dir='ltr'><strong>sects,</strong></span> <span class='ocrx_word' id='word_1_588' title='bbox 1891 2803 1930 2825; x_wconf 88' lang='lat' dir='ltr'><strong>or</strong></span> 
     </span>
     <span class='ocr_line' id='line_1_52' title="bbox 1062 2844 1928 2890; baseline -0.001 -11"><span class='ocrx_word' id='word_1_589' title='bbox 1062 2845 1236 2890; x_wconf 82' lang='lat' dir='ltr'><strong>opinionS‚</strong></span> <span class='ocrx_word' id='word_1_590' title='bbox 1262 2845 1342 2878; x_wconf 88' lang='lat' dir='ltr'><strong>that</strong></span> <span class='ocrx_word' id='word_1_591' title='bbox 1367 2844 1428 2878; x_wconf 90' lang='lat' dir='ltr'><strong>the</strong></span> <span class='ocrx_word' id='word_1_592' title='bbox 1447 2844 1635 2878; x_wconf 84' lang='lat' dir='ltr'><strong>Catholike</strong></span> <span class='ocrx_word' id='word_1_593' title='bbox 1654 2844 1817 2879; x_wconf 90' lang='lat' dir='ltr'><strong>Churche</strong></span> <span class='ocrx_word' id='word_1_594' title='bbox 1844 2844 1928 2878; x_wconf 87' lang='lat' dir='ltr'><strong>doth</strong></span> 
     </span>
    </p>

    <p class='ocr_par' dir='ltr' id='par_1_8' title="bbox 1064 2898 1547 2932">
     <span class='ocr_line' id='line_1_53' title="bbox 1064 2898 1547 2932; baseline -0.002 0"><span class='ocrx_word' id='word_1_595' title='bbox 1064 2898 1228 2932; x_wconf 86' lang='lat' dir='ltr'><strong>disalovv</strong></span> <span class='ocrx_word' id='word_1_596' title='bbox 1256 2910 1294 2931; x_wconf 86' lang='lat'><strong>01·</strong></span> <span class='ocrx_word' id='word_1_597' title='bbox 1320 2898 1547 2931; x_wconf 84' lang='lat' dir='ltr'><strong>condemne.&#39;‘</strong></span> 
     </span>
    </p>

    <p class='ocr_par' dir='ltr' id='par_1_9' title="bbox 161 2946 1927 3101">
     <span class='ocr_line' id='line_1_54' title="bbox 223 2946 1550 2993; baseline 0.004 -14"><span class='ocrx_word' id='word_1_598' title='bbox 223 2946 333 2989; x_wconf 84' lang='lat' dir='ltr'><strong>„Was</strong></span> <span class='ocrx_word' id='word_1_599' title='bbox 359 2948 407 2981; x_wconf 89' lang='lat' dir='ltr'><strong>ist</strong></span> <span class='ocrx_word' id='word_1_600' title='bbox 432 2949 503 2982; x_wconf 89' lang='lat' dir='ltr'><strong>und</strong></span> <span class='ocrx_word' id='word_1_601' title='bbox 530 2949 624 2983; x_wconf 87' lang='lat' dir='ltr'><strong>heist</strong></span> <span class='ocrx_word' id='word_1_602' title='bbox 650 2951 706 2984; x_wconf 87' lang='lat' dir='ltr'><strong>die</strong></span> <span class='ocrx_word' id='word_1_603' title='bbox 733 2951 871 2985; x_wconf 75' lang='lat' dir='ltr'><strong>Liebe?</strong></span> <span class='ocrx_word' id='word_1_604' title='bbox 1128 2950 1279 2993; x_wconf 84' lang='lat' dir='ltr'><strong>„VVhat</strong></span> <span class='ocrx_word' id='word_1_605' title='bbox 1306 2952 1335 2984; x_wconf 90' lang='lat' dir='ltr'><strong>is</strong></span> <span class='ocrx_word' id='word_1_606' title='bbox 1363 2950 1550 2984; x_wconf 84' lang='lat' dir='ltr'><strong>Charitic‘?</strong></span> 
     </span>
     <span class='ocr_line' id='line_1_55' title="bbox 220 2999 1927 3048; baseline 0.002 -16"><span class='ocrx_word' id='word_1_607' title='bbox 220 2999 285 3033; x_wconf 89' lang='lat' dir='ltr'><strong>Die</strong></span> <span class='ocrx_word' id='word_1_608' title='bbox 312 2999 417 3033; x_wconf 85' lang='lat' dir='ltr'><strong>Liebe</strong></span> <span class='ocrx_word' id='word_1_609' title='bbox 443 3002 491 3034; x_wconf 86' lang='lat' dir='ltr'><strong>ist</strong></span> <span class='ocrx_word' id='word_1_610' title='bbox 517 3001 571 3035; x_wconf 85' lang='lat' dir='ltr'><strong>ein</strong></span> <span class='ocrx_word' id='word_1_611' title='bbox 596 3003 822 3045; x_wconf 78' lang='lat' dir='ltr'><strong>guadreiche‚</strong></span> <span class='ocrx_word' id='word_1_612' title='bbox 850 3016 919 3038; x_wconf 87' lang='lat' dir='ltr'><strong>von</strong></span> <span class='ocrx_word' id='word_1_613' title='bbox 940 3004 1025 3038; x_wconf 86' lang='lat' dir='ltr'><strong>Gott</strong></span> <span class='ocrx_word' id='word_1_614' title='bbox 1124 3003 1285 3048; x_wconf 85' lang='lat' dir='ltr'><strong>CHarity</strong></span> <span class='ocrx_word' id='word_1_615' title='bbox 1322 3004 1353 3037; x_wconf 86' lang='lat' dir='ltr'><strong>is</strong></span> <span class='ocrx_word' id='word_1_616' title='bbox 1380 3015 1400 3037; x_wconf 89' lang='lat' dir='ltr'><strong>a</strong></span> <span class='ocrx_word' id='word_1_617' title='bbox 1427 3005 1554 3037; x_wconf 82' lang='lat' dir='ltr'><strong>vertue</strong></span> <span class='ocrx_word' id='word_1_618' title='bbox 1581 3015 1695 3046; x_wconf 79' lang='lat' dir='ltr'><strong>geuen</strong></span> <span class='ocrx_word' id='word_1_619' title='bbox 1722 3004 1812 3037; x_wconf 84' lang='lat' dir='ltr'><strong>from</strong></span> <span class='ocrx_word' id='word_1_620' title='bbox 1840 3003 1927 3044; x_wconf 80' lang='lat' dir='ltr'><strong>God,</strong></span> 
     </span>
     <span class='ocr_line' id='line_1_56' title="bbox 161 3053 1927 3101; baseline 0.001 -14"><span class='ocrx_word' id='word_1_621' title='bbox 161 3053 397 3096; x_wconf 87' lang='lat' dir='ltr'><strong>eingegossne</strong></span> <span class='ocrx_word' id='word_1_622' title='bbox 440 3055 584 3095; x_wconf 74' lang='lat' dir='ltr'><strong>tugent,</strong></span> <span class='ocrx_word' id='word_1_623' title='bbox 630 3055 741 3089; x_wconf 88' lang='lat' dir='ltr'><strong>durch</strong></span> <span class='ocrx_word' id='word_1_624' title='bbox 783 3055 919 3090; x_wconf 88' lang='lat' dir='ltr'><strong>welche</strong></span> <span class='ocrx_word' id='word_1_625' title='bbox 961 3056 1026 3090; x_wconf 90' lang='lat' dir='ltr'><strong>wir</strong></span> <span class='ocrx_word' id='word_1_626' title='bbox 1063 3057 1109 3101; x_wconf 81' lang='lat' dir='ltr'><strong>by</strong></span> <span class='ocrx_word' id='word_1_627' title='bbox 1136 3057 1197 3090; x_wconf 86' lang='lat' dir='ltr'><strong>the</strong></span> <span class='ocrx_word' id='word_1_628' title='bbox 1223 3056 1379 3101; x_wconf 86' lang='lat' dir='ltr'><strong>keeping</strong></span> <span class='ocrx_word' id='word_1_629' title='bbox 1405 3056 1566 3090; x_wconf 87' lang='lat' dir='ltr'><strong>whereof</strong></span> <span class='ocrx_word' id='word_1_630' title='bbox 1586 3058 1642 3099; x_wconf 81' lang='lat' dir='ltr'><strong>(as</strong></span> <span class='ocrx_word' id='word_1_631' title='bbox 1661 3055 1782 3090; x_wconf 87' lang='lat' dir='ltr'><strong>Christ</strong></span> <span class='ocrx_word' id='word_1_632' title='bbox 1799 3056 1927 3101; x_wconf 84' lang='lat' dir='ltr'><strong>sayed)</strong></span> 
     </span>
    </p>
   </div>
  </div>
 </body>
</html>
