2044 3335
398 106 492 141 Mon.
521 107 588 141 948
616 106 693 141 sive
719 106 758 142 it.
781 106 846 150 (1).
889 106 945 140 Ab
972 106 1028 140 28.
1048 106 1182 151 Aprilis
1209 107 1253 140 ad
1278 107 1311 141 4.
1331 105 1417 139 Maii
1447 106 1547 140 1568.
1769 107 1853 147 565

210 224 420 257 Provinciae
450 224 665 257 Germaniae
690 225 890 266 superioris
915 225 1137 266 vongo-efflatio
1163 224 1345 265 Azcfflcstae
1370 223 1528 256 habetur.
1584 222 1749 256 Ccmz‘sa‘us
1770 232 1858 264 pro-

93 277 253 309 vinciam
287 278 473 320 deliyt'tzcr,
509 282 544 309 ut
580 288 657 310 cum
690 277 759 309 FP.
787 277 939 318 Hoffccco
975 282 1005 310 et
1031 278 1172 310 Lanoa'o
1206 278 1350 319 sele'yat,
1386 288 1475 320 (letae
1506 276 1741 319 proponenda
1774 277 1855 308 sint.

92 330 187 363 Idem
213 331 356 372 θῖιζῳιῗέην
387 335 617 373 procecramr,
654 331 716 372 «μί
744 330 887 362 Romame
916 334 980 371 eccs,
1017 334 1046 362 et
1073 331 1198 362 ibidem
1224 341 1427 372 proponere
1464 330 1603 362 iubetur
1638 330 1742 361 varia
1768 340 1858 371 quae

90 387 245 426 spectant
271 384 318 415 acl
344 384 542 416 dimittendi
561 387 765 426 potestatem
797 383 1097 425 amplificandam,
1126 383 1310 416 Socz'etatis
1343 383 1535 415 libertatem
1564 383 1732 415 mlversecs
1751 383 1857 424 prin-

92 437 182 479 cipes
207 438 473 480 defemi'endwn,
499 436 655 469 homines
673 437 785 469 Roma
814 437 1008 478 ›mittendo-⁵³,
1036 446 1222 477 carcerem,
1248 437 1379 478 simila,
1399 437 1677 478 Acerrm'swmm‚
1705 436 1857 478 refflclas,

92 490 228 522 decreta
254 491 462 533 tridentina,
489 490 665 528 Inclz'cem;
694 490 832 522 iubetur
858 488 961 522 etiam<
998 490 1145 531 referre,
1181 489 1267 531 qnid
1300 489 1458 531 suadeat,
1495 494 1530 521 nt
1557 491 1779 532 compre-(satio
1802 500 1859 531 ye-

94 544 227 575 tem-alis·
254 548 410 586 coyatur,
438 544 535 587 qnid,
572 548 609 576 ut
635 544 840 586 ci'ifferatecr,
878 547 907 575 eff
933 542 1097 585 nzaxc'me,
1125 542 1212 584 quid
1237 542 1430 574 timendam
1456 543 1502 575 sit
1528 543 1569 575 (Ie
1596 544 1779 576 Societatc's
1806 544 1859 575 [ιι-

92 598 211 629 3ΐίΐιιέο
232 608 300 639 per
326 597 431 629 Pium
457 597 493 630 V.
522 596 752 629 immutando.

211 657 238 708 ἢ·
272 657 335 698 De
382 655 492 698 actis
540 654 891 709 congregationis
937 654 1221 696 Prouincialis
1273 654 1317 696 in
1368 654 1578 709 superiori
1628 655 1860 697 Germania

92 720 268 762 habitae
300 721 527 774 Augustae
561 734 672 762 anno
708 721 834 762 1568.

213 785 316 827 Cum
358 785 521 828 indicta
562 785 718 826 fuisset
751 783 1034 837 congregatio
1066 783 1366 838 prouincialis,
1410 798 1435 825 a
1476 784 1526 826 R.
1560 784 1606 826 Ρ.
1639 785 1690 827 D.
1726 785 1860 826 Paulo

94 850 275 892 Hoffaeo
299 849 661 904 Viceprouinciali
685 849 875 890 eiusdem
908 849 1168 903 prouinciae,
1205 849 1258 890 ad
1294 851 1347 891 28
1372 849 1483 890 diem
1517 849 1676 890 mensis
1698 849 1862 903 Aprilis

94 915 332 968 supradicti
355 915 469 965 anni,
495 914 610 968 (erat
633 914 743 956 enim
768 915 1048 956 Reuerendus
1066 914 1112 957 P.
1132 914 1327 956 Oanisius
1350 914 1541 967 alioquin
1565 913 1860 964 Prouincialis,

95 980 148 1021 ob
189 979 361 1034 publica
402 980 614 1033 quaedam
656 979 803 1032 magni
844 980 1051 1021 momenti
1093 979 1275 1033 negocia
1308 994 1334 1022 a
1368 980 1541 1022 Summo
1576 979 1785 1021 Pontifice
1824 979 1863 1021 ei

95 1044 356 1086 demandata
379 1058 507 1086 onere
530 1044 858 1097 gubernationis
891 1059 940 1086 eo
963 1048 1159 1098 tempore
1191 1043 1420 1097 liberatus)
1445 1059 1626 1098 cumque
1658 1044 1863 1086 adessent

94 1109 283 1150 Professi
308 1123 467 1162 magna
500 1123 554 1150 ex
586 1111 725 1162 parte,
761 1112 804 1151 et
827 1109 1037 1152 Hectores
1070 1111 1261 1160 omnesl,
1296 1112 1414 1151 recte
1438 1109 1634 1151 omnibus
1661 1123 1716 1151 ex
1749 1109 1862 1152 anti-

95 1173 275 1226 quitatis
319 1173 469 1215 ordine
517 1173 759 1227 dispositis,
810 1174 861 1215 de
910 1189 1090 1228 quorum
1137 1175 1334 1228 legitima
1381 1175 1631 1225 uocatione,
1681 1177 1725 1217 et
1770 1175 1864 1216 iure

94 1239 288 1292 suffragij
312 1239 416 1280 nihil
439 1238 733 1289 dubitabatur,
766 1238 810 1280 in
839 1239 933 1281 loco
957 1254 982 1282 a
1006 1239 1369 1294 Viceprouinciali
1391 1240 1620 1294 designato
1644 1240 1865 1282 celebrata

95 1306 163 1346 est
193 1303 334 1358 prima
366 1303 662 1357 congregatio.

110 1380 241 1423 Primi
275 1380 357 1422 diei
499 1380 753 1423 Praedictus
798 1395 902 1434 ergo
945 1381 1328 1435 Viceprouincialis
1375 1384 1475 1435 post
1518 1382 1694 1424 breuem
1737 1395 1865 1436 prae-

93 1446 233 1501 prima
251 1446 377 1489 actio.
441 1445 650 1488 sationem
686 1446 737 1488 de
763 1460 882 1488 more
915 1446 1122 1498 habitam,
1158 1461 1268 1500 quae
1295 1450 1535 1500 sequuntur
1566 1447 1804 1501 proposuit.

748 1517 941 1559 Primum
974 1517 1210 1561 decretum.

498 1581 656 1624 Vtrum
680 1582 936 1624 commeatio
969 1584 1013 1625 et
1036 1583 1318 1637 congregatio
1352 1583 1405 1625 ab
1433 1597 1482 1625 eo
1516 1583 1635 1626 facta
1667 1583 1866 1636 legitima

438 1647 653 1689 censenda
685 1650 814 1690 esset.
880 1647 1081 1690 Omnium
1113 1648 1334 1703 suffragijs
1366 1649 1607 1703 legitimam
1642 1662 1738 1691 esse
1771 1651 1863 1691 sta-

437 1715 579 1755 tutum
614 1715 695 1756 est.

817 1775 875 1817 2¹1³
906 1773 1142 1816 decretum.

496 1837 653 1880 Vtrum
677 1837 895 1880 Praefecti
924 1841 1172 1881 nostrorum
1205 1838 1276 1892 qui
1299 1839 1526 1892 Augustae
1549 1842 1699 1893 agunt,
1734 1853 1863 1894 prae-

437 1902 580 1945 sentia
612 1903 667 1944 ad
700 1903 860 1946 dictam
895 1904 1278 1958 congregationem
1311 1904 1648 1958 requireretur2.

497 1967 696 2010 Omnium
719 1969 940 2023 suffragijs
963 1972 1179 2012 statutum
1201 1972 1269 2012 est
1291 1984 1378 2012 non
1401 1970 1575 2023 requiri,
1601 1970 1676 2012 sed
1699 1969 1735 2012 si
1753 1984 1864 2024 quae

437 2033 691 2076 uiderentur
722 2034 776 2076 ab
810 2048 860 2076 eo
892 2034 1190 2088 intelligenda,
1224 2049 1350 2089 posse
1383 2038 1486 2077 tunc
1520 2035 1679 2079 uocari.

814 2107 873 2149 3¹3¹
904 2106 1140 2150 decretum.

111 2168 236 2222 primi
271 2168 355 2211 diei
499 2168 704 2219 Quisnam
752 2170 974 2213 uideretur
1026 2171 1251 2225 eligendus
1303 2171 1581 2215 secretarius.
1661 2171 1862 2214 Omnium

132 2236 178 2275 2‘5
210 2234 338 2277 actio.
438 2235 658 2290 suffragijs
691 2237 906 2278 statutum
939 2239 1019 2288 est,
1060 2239 1108 2279 ut
1140 2237 1186 2280 P.
1220 2237 1272 2281 D.
1306 2237 1540 2280 Marcellus
1572 2237 1731 2279 Vasius
1763 2251 1865 2292 pro—

436 2299 623 2342 uinciam
656 2301 832 2344 subiret.

813 2368 873 2410 4¹³3
906 2367 1142 2410 decretum.

498 2430 577 2480 Qui
619 2444 718 2472 nam
760 2430 982 2474 uideretur
1024 2432 1248 2486 eligendus
1292 2433 1515 2486 secretarij
1549 2432 1732 2475 adiutor.
1795 2431 1864 2474 Ad

438 2496 564 2550 plura
595 2496 805 2550 suffragia
836 2499 1052 2540 statutum
1085 2502 1165 2550 est,
1199 2501 1249 2540 ut
1280 2498 1327 2541 P.
1351 2498 1602 2540 Dominicus
1634 2496 1864 2551 Menginus

438 2561 601 2604 Rector
633 2562 953 2604 Monachiensis
985 2577 1140 2604 munus
1172 2563 1215 2605 id
1247 2563 1443 2606 haberet.

817 2635 875 2677 5¹?
906 2634 1142 2677 decretum.

495 2698 654 2741 Vtrum
665 2698 947 2740 Reuerendus
959 2699 1006 2742 P.
1018 2699 1175 2741 Petrus
1187 2699 1381 2742 Canisius
1397 2700 1554 2742 absens
1564 2700 1580 2727 3
1598 2699 1698 2754 eligi
1715 2702 1865 2754 posset

437 2763 480 2805 in
513 2761 713 2818 nume[ro
747 2764 928 2820 duorum
960 2765 1264 2819 primariorum
1296 2766 1500 2817 Patrum,
1543 2765 1616 2819 qui
1647 2779 1734 2808 una
1767 2779 1863 2807 cum

216 2883 225 2901 ¹
250 2881 403 2916 Nomina
430 2894 561 2924 eorum,
589 2882 649 2926 qui
676 2882 945 2926 congregationi
971 2882 1223 2925 interfuerunt,
1258 2884 1293 2917 in
1320 2886 1502 2929 postrema
1536 2882 1663 2918 horum
1690 2883 1863 2918 Actorum

93 2937 195 2979 parte
221 2935 338 2979 posita
364 2937 459 2970 sunt.

213 2989 226 3008 2
240 2987 374 3023 Domus
389 2991 614 3032 augustanae
628 2989 790 3034 superior
805 2991 882 3023 erat
894 2989 933 3024 P.
946 2988 1143 3032 Gregorius
1157 2989 1351 3031 Roseffius;
1369 2990 1411 3024 de
1425 2989 1493 3025 hac
1507 3002 1545 3025 re
1560 2990 1605 3025 cf.
1617 3001 1726 3035 supra
1737 3002 1770 3035 p.
1785 2990 1863 3025 164.

214 3040 227 3061 ³
253 3041 419 3076 Canisius
444 3042 601 3076 nondum
627 3042 744 3075 redire
770 3044 936 3087 potuerat
962 3055 1007 3076 ex
1033 3043 1242 3085 Franconia,
1268 3043 1328 3077 ubi
1355 3043 1513 3089 episcopi
1539 3046 1575 3078 et
1602 3043 1784 3078 Sociorum
1811 3054 1865 3077 ro-

93 3096 181 3137 gatu
219 3097 376 3130 atrocem
412 3095 510 3130 illam
547 3095 764 3129 calumniam
802 3095 899 3139 (eum
935 3096 979 3130 ad
1014 3098 1258 3140 protestantes
1293 3097 1469 3131 transisse
1504 3097 1686 3141 ferebant)
1726 3097 1864 3131 duabus
