2044 3335
135 98 220 139 472
612 96 712 129 1747.
739 95 778 129 P.
798 95 949 129 Ioannes
975 93 1127 128 Rethius
1155 93 1187 128 S.
1208 94 1239 128 J.
1269 94 1421 129 Canisio.

137 212 306 254 Sanctis
347 211 425 252 sub
468 210 587 264 prelo
630 212 697 251 est
716 211 741 251 ¹.
807 209 925 263 Opus
967 209 1016 252 R.
1053 209 1131 251 Τ.2
1164 213 1458 264 expectamus.
1522 211 1744 253 Inuenerit
1783 226 1897 254 nunc

135 291 261 331 spero
285 277 335 319 R.
360 276 407 317 T.
433 275 505 328 qui
537 289 591 316 ex
623 274 725 316 uitis
759 278 1022 323 sanctorum,
1057 277 1102 316 et
1134 275 1471 317 authoritatibus
1504 275 1824 318 catechisticis³
1851 277 1895 318 in

135 342 325 394 linguam
353 339 648 393 germanicam
672 341 860 389 uertant,
895 353 1006 392 quae
1029 339 1193 381 seruire
1216 345 1260 382 et
1292 341 1497 394 prodesse
1520 341 1678 395 populo
1701 345 1896 395 possunt.

137 406 308 459 Optime
340 405 421 446 hac
454 403 651 445 uersione
684 404 831 445 multis
864 404 1173 447 consuleretur.
1222 405 1341 446 Talis
1368 406 1480 446 enim
1513 409 1685 459 patrum
1718 405 1758 447 in
1795 406 1897 448 doc-

134 471 252 512 trina
284 483 532 519 consensus,
577 472 621 511 et
661 469 704 510 in
745 469 836 510 uita
877 469 1091 511 sanctitas
1133 469 1369 511 efficaciter
1401 470 1567 512 animos
1599 473 1813 524 penetrat,
1853 474 1899 513 et

134 535 349 577 immutat.
415 534 502 576 Ora
535 548 612 587 pro
645 548 714 575 me
747 534 884 575 Deum
920 534 968 576 R.
1003 534 1147 584 Pater,
1191 548 1242 575 ac
1276 535 1508 576 Doctorem
1540 535 1852 576 Theodoricum
1866 537 1896 583 4,

135 600 418 652 caeterosque
451 602 600 653 patres
633 601 677 640 et
708 598 870 640 fratres
903 612 958 640 ex
990 612 1059 640 me
1091 599 1236 641 saluta
1268 599 1511 654 plurimum.
1567 600 1740 642 Salutat
1772 600 1823 642 R.
1847 599 1897 641 Τ.

135 664 297 706 Rector
338 664 516 718 Collegij
559 664 609 706 R.
646 664 690 705 P.
725 663 976 705 Leonardus
1017 663 1252 706 Kesselius.
1316 663 1518 706 Coloniae
1551 699 1559 708 .
1593 678 1705 706 anno
1740 663 1899 706 Christi

140 731 249 771 1571
278 763 286 772 ’
312 729 379 771 die
412 731 480 772 30⁶
516 729 715 782 AugUSti'
1131 764 1180 806 R.
1206 764 1252 807 P.
1278 764 1325 807 T.
1350 778 1502 806 seruus
1533 765 1576 806 in
1611 764 1779 807 Christo

1251 835 1436 877 Ioannes
1468 835 1664 878 Rethius.

254 907 508 949 Reuerendo
543 907 587 948 in
619 905 788 948 Christo
821 905 956 957 Patri,
991 905 1169 948 Doctori
1202 906 1332 948 Petro
1366 906 1534 948 Canisio
1569 906 1789 959 Theologo
1823 906 1900 948 So-

137 972 310 1015 cietatis
347 972 492 1014 IESV.
555 971 788 1025 Dilingam.

257 1048 312 1081 Ex
339 1047 407 1081 hac
433 1047 588 1091 epistula
614 1046 849 1090 intellegitur,
877 1045 1045 1080 Rethium
1072 1057 1143 1080 una
1170 1058 1247 1080 cum
1276 1047 1353 1091 ipsa
1377 1046 1519 1081 Canisio
1544 1046 1686 1081 misisse
1712 1046 1833 1090 aliqua
1859 1046 1902 1080 de

138 1100 276 1134 ratione
308 1100 568 1141 ,aedificandae
604 1100 728 1134 domus
755 1099 917 1133 Domini“
948 1111 968 1133 a
998 1111 1036 1133 se
1067 1099 1297 1143 „aliquando“
1328 1100 1541 1144 conscripta,
1577 1112 1669 1144 quae
1703 1099 1780 1144 ipse
1810 1099 1903 1144 „epi-

140 1154 259 1198 scopis
289 1154 516 1198 persuaderi⁴⁴
547 1153 724 1198 cupiebat.
775 1154 814 1186 In
845 1152 1183 1197 „Ephemeridibus“
1214 1165 1353 1197 quoque
1380 1154 1526 1187 Reth'z'us
1550 1154 1710 1188 notavit:
1742 1153 1806 1195 „30
1832 1153 1903 1186 Au-

137 1207 235 1251 gusti
256 1206 375 1250 [1571]
395 1207 524 1252 scripsi
543 1206 583 1241 D:
603 1207 709 1240 Petro
729 1206 870 1240 Canisio
890 1234 917 1241 ..
932 1234 939 1240 .
970 1206 1054 1240 Misi
1079 1208 1267 1251 praeterea
1293 1207 1343 1240 illi
1370 1207 1545 1251 scriptum
1571 1218 1687 1240 meum
1716 1207 1758 1240 de
1784 1206 1903 1240 officio

138 1260 324 1305 Episcopi;
364 1260 457 1294 forte
495 1260 676 1304 aliquibus
702 1260 890 1304 Episcopis
928 1260 1016 1293 talia
1050 1260 1300 1304 persvadebit“
1341 1259 1402 1303 (ex
1439 1259 1645 1305 apographo
1684 1271 1726 1294 ca
1751 1271 1782 1294 a.
1813 1259 1903 1294 1620

137 1314 291 1358 scripto:
331 1313 414 1347 Cod.
443 1313 554 1348 colon.
586 1313 747 1355 „Reth.“,
787 1313 877 1357 Eph.
904 1313 929 1347 f.
957 1313 1049 1357 50⁸⁷).
1101 1312 1293 1355 Quaerenti
1329 1316 1448 1347 autem
1484 1313 1659 1358 scriptum
1693 1312 1780 1346 illud
1815 1312 1903 1346 mihi

137 1367 293 1402 occurrit
318 1368 354 1401 in
382 1367 466 1402 Cod.
493 1367 605 1401 colon.
638 1367 746 1411 ,Epp.
774 1367 817 1400 ad
844 1366 969 1400 Reth.“
1004 1367 1054 1408 (v.
1076 1367 1162 1400 Can.
1183 1367 1233 1400 III
1258 1366 1481 1409 Lirin—LIX)
1510 1366 1534 1400 f.
1556 1366 1775 1400 lma—126¹)
1803 1365 1903 1400 Com-

137 1420 336 1455 mentarius
357 1421 420 1463 (A)
450 1431 470 1454 a
496 1420 651 1461 librario,
680 1421 782 1454 cuius
809 1431 915 1464 opera
934 1419 1086 1454 Rethius
1112 1431 1219 1465 saepe
1246 1420 1425 1461 utebatur,
1451 1420 1609 1464 scriptus
1630 1419 1699 1463 (2⁰)
1729 1421 1766 1453 et
1792 1430 1901 1453 manu

138 1474 250 1519 ipsius
277 1475 397 1508 Rethii
431 1474 466 1507 in
493 1485 574 1518 pag.
601 1475 623 1507 4
658 1473 736 1508 sive
770 1473 806 1506 in
833 1474 937 1507 dorso
972 1473 1024 1507 sic
1050 1474 1264 1517 inscriptus:
1307 1474 1345 1514 „†
1373 1473 1423 1507 De
1450 1472 1568 1507 officio
1595 1472 1762 1517 Episcopi
1788 1475 1903 1506 trans-

139 1528 289 1562 missum
315 1527 357 1561 R.
372 1527 412 1561 P.
428 1527 535 1561 Petro
551 1527 728 1561 Canisio“.
764 1526 897 1560 Exstat
923 1529 1109 1571 praeterea
1135 1526 1264 1560 ibidem
1294 1525 1584 1569 (f.1952-196b)
1615 1525 1817 1570 exemplum
1840 1524 1900 1568 (B)

140 1581 247 1615 huius
266 1580 522 1621 commentarii,
550 1580 642 1624 quod
669 1580 794 1614 eadem
821 1591 927 1614 manu
954 1583 1062 1624 atque
1088 1580 1188 1624 prius
1214 1579 1301 1614 illud
1328 1581 1501 1624 scriptum
1529 1583 1585 1613 est
1611 1581 1646 1613 et
1664 1590 1771 1612 manu
1789 1578 1904 1623 ipsius

140 1635 260 1668 Rethz'z·
285 1633 319 1667 in
348 1634 450 1668 dorso
477 1633 529 1668 sic
555 1633 786 1678 inscriptum:
818 1633 1034 1675 „Consilium
1060 1645 1190 1674 meum,
1221 1633 1395 1677 quomodo
1415 1632 1582 1678 Episcopi
1608 1634 1755 1677 possent
1780 1632 1905 1666 iuuare

139 1687 327 1722 ecclesiam
363 1699 426 1722 seu
463 1687 694 1730 germaniam,
731 1687 853 1720 datum
880 1686 1194 1720 Reuerendissimo
1229 1689 1265 1720 et
1300 1686 1549 1720 illustrissimo
1576 1685 1725 1719 Domino
1752 1684 1905 1718 Ernesto

140 1752 184 1774 ex
211 1740 370 1774 Ducibus
405 1740 582 1774 Bauariae
618 1739 909 1773 Administratori
947 1740 1179 1783 Frisingensi‚
1218 1739 1296 1773 uice
1334 1739 1596 1780 ualedictionis‚
1633 1738 1809 1780 Coloniae,
1848 1738 1904 1772 die

140 1794 171 1828 3.
192 1793 336 1838 Aprilis,
364 1805 455 1827 anno
482 1794 606 1827 1571“.
651 1793 780 1837 Incipit
807 1795 946 1827 autem:
978 1795 1017 1835 „†
1043 1793 1294 1827 Reuerendiss.
1322 1796 1357 1827 et
1384 1792 1577 1827 Jllustriss.
1598 1791 1756 1833 Domine,
1784 1803 1905 1825 amore

138 1846 205 1880 Dei
230 1858 316 1890 rogo
351 1847 550 1892 perpendas
576 1858 655 1881 curn
684 1847 898 1892 consiliarijs
933 1847 1004 1880 tuis
1031 1847 1090 1880 vbi
1126 1846 1349 1881 commodum
1383 1846 1502 1887 fuerit,
1539 1857 1583 1879 an
1615 1856 1658 1879 ne
1694 1845 1737 1878 de
1774 1845 1905 1890 populo

141 1899 344 1935 Christiano
379 1900 500 1944 plures
535 1902 768 1934 sei-narentur
793 1901 943 1941 animae,
980 1911 1131 1944 quarum
1157 1911 1251 1933 nunc
1288 1911 1352 1945 pro
1379 1899 1477 1933 dolor
1502 1898 1637 1932 multae
1664 1900 1833 1942 pereunt:
1870 1900 1906 1931 et

140 1964 231 1987 anne
267 1953 327 1997 qui
361 1955 532 1998 praesunt
566 1953 709 1988 facilius
747 1953 896 1987 Domino
931 1953 1005 1987 Deo
1040 1964 1104 1987 suo
1139 1953 1411 1987 satisfacerent:
1447 1953 1636 1996 minusque
1673 1950 1832 1996 scandalj
1870 1953 1907 1984 et

141 2005 369 2050 querelarum
388 2008 603 2050 superesset.
632 2006 686 2041 Si“
710 2008 778 2041 etc.
817 2006 969 2050 Reliqua
996 2007 1119 2040 eadem
1139 2008 1223 2040 sunt
1241 2009 1349 2050 atque
1376 2006 1411 2039 in
1430 2005 1594 2050 exemplo
1612 2004 1735 2046 altero,
1762 2006 1905 2048 praeter

140 2058 313 2093 lectiones
340 2059 533 2100 variantes,
570 2071 662 2103 quae
696 2059 790 2093 infra
817 2061 1001 2104 ponentur.
1054 2059 1174 2103 Atque
1210 2059 1362 2093 alterum
1397 2059 1464 2093 hoc
1491 2057 1695 2102 exemplum
1720 2056 1819 2102 typis
1845 2068 1904 2090 ex-

141 2112 287 2157 scripsit
313 2113 536 2156 Reiffenbery
561 2113 583 2147 1.
612 2124 641 2147 (·.
669 2113 684 2146 I
713 2113 918 2153 153—154;
956 2112 1017 2157 qui
1042 2114 1162 2146 tamen
1189 2124 1375 2157 perperam
1403 2112 1571 2152 affirmat,
1606 2111 1701 2145 idem
1731 2111 1905 2154 scriptum

141 2177 220 2199 esse
251 2165 392 2208 „Rethii
417 2167 568 2206 manu‘,
595 2177 678 2200 nam
704 2166 817 2200 solam
844 2166 1112 2210 inscriptionem
1140 2165 1198 2199 hic
1224 2166 1354 2210 posuit.
1394 2166 1583 2200 Caeterum
1609 2164 1698 2198 haec
1724 2163 1829 2197 facile
1855 2163 1906 2197 in-

140 2218 381 2261 telleguntur:
418 2219 569 2253 Rethius
605 2220 779 2264 scriptum
814 2231 860 2253 m.
887 2219 1003 2264 Aprili
1030 2219 1182 2253 Ernesto
1219 2219 1437 2253 destinatum
1471 2230 1518 2252 m.
1545 2218 1710 2261 Augusto
1745 2216 1906 2250 nonnihil

143 2272 328 2317 expolivit,
355 2272 531 2317 imprimis
557 2273 601 2306 iis
621 2273 751 2313 verbis,
779 2284 870 2317 quae
896 2272 962 2306 soli
980 2273 1133 2306 Ernesto
1161 2272 1418 2316 congruebant,
1445 2272 1646 2316 expunctis,
1672 2270 1723 2304 ita
1748 2273 1788 2304 ut
1813 2281 1905 2304 com-

267 2393 276 2411 1
307 2391 380 2433 ,De
406 2390 566 2435 probatis
593 2391 805 2425 Sanctorum
831 2390 1013 2432 Historiis,
1052 2390 1182 2435 partim
1210 2402 1255 2424 ex
1281 2389 1402 2423 Tomis
1429 2389 1569 2434 Aloysii
1595 2388 1790 2433 Lipomani,
1827 2387 1906 2421 doc-

144 2444 276 2478 tissimi
295 2443 473 2489 Episcopi,
501 2444 632 2488 partim
659 2444 767 2477 etiam
795 2456 839 2477 ex
859 2444 1014 2487 egregiis
1033 2443 1288 2488 manuscriptis
1303 2443 1503 2484 Codicibus,
1530 2453 1680 2486 quarum
1706 2439 1907 2485 permultae

146 2497 300 2531 antehac
325 2509 506 2541 nunquam
533 2497 568 2530 in
596 2497 711 2531 lucem
739 2497 913 2541 prodiere,
940 2508 1035 2530 nunc
1061 2508 1187 2531 recens
1214 2496 1349 2542 optima
1375 2496 1444 2530 fide
1471 2495 1631 2530 collectis
1656 2506 1720 2539 per
1745 2493 1782 2527 F.
1810 2495 1906 2527 Lau-

143 2552 298 2584 rentium
324 2552 477 2585 Surium
504 2549 792 2584 Carthusianum.
829 2550 961 2584 Tomus
987 2550 1128 2585 tertius.
1165 2549 1414 2594 Complectens
1442 2549 1592 2583 Sanctos
1617 2547 1793 2581 mensium
1820 2545 1906 2580 Maii

144 2606 180 2636 et
205 2604 308 2638 lunii.
361 2603 529 2637 Coloniae
557 2603 787 2648 Agrippinae,
824 2604 928 2648 Apud
966 2602 1161 2637 Geruinum
1190 2602 1375 2637 Calenium
1410 2605 1446 2636 et
1481 2601 1653 2635 haeredes
1689 2599 1906 2642 Quentelios,

145 2657 246 2690 Anno
273 2656 321 2690 M.
337 2656 378 2691 D.
394 2657 536 2691 LXXII.
577 2656 665 2690 Cum
692 2656 881 2700 priuilegio
908 2656 963 2690 Pii
977 2656 1021 2690 V.
1042 2656 1227 2690 Pontificis
1245 2655 1405 2695 Maximi,
1433 2658 1469 2688 et
1488 2654 1685 2688 Caesareae
1703 2651 1908 2686 Maiestatis

144 2708 181 2742 in
208 2709 448 2744 decennium.“
479 2710 535 2750 20;
563 2722 620 2755 pp.
640 2710 709 2745 882
737 2713 774 2743 et
798 2712 985 2754 praeterea
1014 2711 1048 2744 in
1075 2709 1175 2743 initio
1202 2709 1236 2743 ff.
1258 2709 1301 2743 18
1331 2708 1467 2751 (addito
1492 2707 1603 2749 titul.)
1633 2710 1669 2740 et
1693 2707 1728 2740 in
1754 2706 1823 2740 fine
1841 2705 1864 2739 f.
1888 2706 1903 2739 1

145 2773 214 2795 non
241 2762 331 2804 sign.
382 2763 517 2803 Surius,
545 2775 624 2796 cum
652 2766 787 2797 tomum
814 2763 967 2807 primum
995 2762 1029 2797 S.
1050 2763 1113 2796 Pio
1128 2762 1182 2803 V„
1209 2762 1405 2796 secundum
1432 2760 1605 2794 cardinali
1631 2759 1755 2793 Ottoni
1773 2757 1907 2792 Truch-

145 2825 224 2847 sess
259 2814 468 2856 dedicasset,
504 2816 650 2850 tertium
686 2815 781 2850 hunc
816 2816 997 2850 dedicavit
1032 2815 1204 2850 cardinali
1239 2815 1361 2849 Marco
1387 2813 1542 2848 Antonio
1577 2812 1729 2853 Amulio,
1768 2810 1908 2854 „Reati-

150 2867 272 2900 nensis
299 2867 537 2912 Episcopatus
563 2869 856 2903 Administratori
883 2870 1087 2914 perpetu0“.

266 2920 279 2939 ‘⁸'
304 2919 448 2953 Librum
476 2921 518 2954 de
545 2921 579 2955 S.
607 2921 737 2955 Ioanne
764 2922 940 2966 Baptista.

268 2972 280 2991 ³
305 2971 405 3016 Opus
436 2973 724 3015 ¹‚Authoritatum
752 2974 882 3008 Sacrae
910 2974 1136 3019 Scripturae“
1159 2976 1227 3007 etc.
1254 2973 1331 3007 sive
1354 2971 1664 3015 „catechisticum“
1695 2981 1715 3004 a
1741 2970 1780 3003 P.
1800 2969 1908 3003 Petro

148 3024 286 3058 Busaeo
314 3025 448 3058 editum
475 3026 674 3067 significat;
701 3027 743 3060 de
771 3039 839 3071 quo
866 3038 975 3072 supra
1000 3039 1033 3072 p.
1053 3027 1120 3061 323
1148 3026 1226 3060 387.

267 3079 280 3097 ⁴²
308 3077 499 3111 Canisium.
