2044 3335
158 105 241 146 714
559 103 652 136 Mon.
683 101 916 136 1063—1064
942 102 1019 135 sive
1045 101 1114 136 litt.
1136 100 1359 145 (58)—(59).
1405 101 1504 135 1571.

275 218 521 261 Valkenburgi
549 218 582 251 in
602 217 817 251 bibliotheca
836 216 977 259 collegii
997 217 1172 260 ignatiani
1192 216 1226 251 S.
1246 217 1278 251 J.
1299 219 1421 251 exstat
1439 217 1597 251 eiusdem
1615 216 1695 250 libri
1715 216 1916 261 exemplum

158 273 193 306 in
220 272 314 306 corio
351 271 439 308 albo.
475 271 601 313 figuris
636 270 820 314 impresso,
856 269 1020 313 ligatum,
1056 270 1091 303 in
1118 270 1220 304 cuius
1255 270 1340 304 folio
1374 270 1513 304 titulari
1544 270 1666 310 (manu
1694 270 1765 313 „M
1792 271 1919 304 Jacobi

158 324 354 366 Humem·“)
383 325 572 357 *notatum
608 325 681 357 est:
722 324 761 364 „†
781 323 882 356 Anno
909 323 1041 356 domini
1069 323 1112 356 75
1140 322 1305 368 Eijstadij
1342 335 1454 368 comp:
1482 334 1502 356 a
1529 323 1647 357 biblio:
1681 323 1727 358 48
1752 322 1920 357 kreutzer

158 378 188 412 7.
208 377 373 411 Decemb.
400 379 436 409 et
462 387 632 420 compego
660 376 702 409 .5.
730 375 878 409 batzen“
909 375 1030 420 [dedi]
1073 376 1114 409 ln
1140 375 1266 410 charta
1293 378 1412 410 autem
1438 376 1522 410 folio
1548 375 1687 409 titulari
1715 377 1919 420 praeposita

157 430 246 463 idem
267 431 453 463 Humelius
477 429 641 473 scripsit:
670 428 714 462 Se
733 428 789 463 20.
808 428 963 462 Ianuarii
983 428 1104 472 [15]76
1131 428 1225 462 hunc
1251 428 1379 463 librum
1404 428 1654 472 ,gratitudinis
1680 430 1716 462 et
1741 428 1920 462 amicitiae

156 483 259 526 ergo‘
292 481 509 524 wolfgango
540 481 731 525 Agricolae
768 482 901 515 decano
937 481 1111 526 spaltensi
1145 480 1279 526 (Spast,
1316 481 1483 526 oppidum
1518 481 1736 515 Franeoniae
1771 481 1919 523 mediae,

157 535 327 569 dioecesis
354 534 604 579 eystettensis)
633 535 795 569 donasse.

159 666 294 703 1063
322 668 400 702 sive
426 666 536 703 litt.
558 666 695 712 (58).
770 666 817 702 15.
837 666 1063 714 Septembris
1089 665 1173 702 1571.

276 732 329 766 Ex
356 732 597 778 autographo;
626 732 666 766 G.
687 733 750 777 Ep.
775 733 888 767 colLI
914 733 939 767 f.
959 733 1053 767 22421.

275 794 468 827 Librorum
495 796 527 826 2.
554 797 585 825 et
611 796 641 826 3.
669 804 690 825 α
722 793 865 826 Cam'sio
892 798 1015 826 contra
1046 793 1233 826 Centure‘as
1257 793 1523 826 scribendorum
1560 793 1715 834 confecta
1742 803 1810 826 non
1838 797 1920 826 sunt

156 846 229 878 nisi
247 857 379 889 pauca.
430 847 467 879 Is
492 857 600 889 neque
624 846 691 879 sibi
718 857 825 890 neque
851 846 935 879 aliis
955 847 1087 889 parcit.

276 906 321 948 P.
356 907 521 949 Paulus
554 906 760 960 Hoffaezcs
795 906 834 949 S.
863 907 903 948 J.
938 906 1212 960 praepositus
1245 905 1524 960 provincialis
1559 904 1817 947 Germaniae
1850 918 1920 946 su-

157 971 338 1025 perioris
370 971 572 1025 Augusta
617 973 682 1013 15.
717 971 984 1025 Septembris
1031 972 1139 1013 1571
1184 971 1231 1013 P.
1266 970 1530 1023 Hieronymo
1574 969 1725 1011 Natali
1759 969 1920 1011 vicario

159 1036 351 1089 generali
387 1036 617 1079 Societatis
650 1036 845 1090 scripsit:
895 1035 1101 1090 „Scripsit
1134 1036 1182 1078 R.
1219 1035 1270 1079 V.
1305 1035 1359 1077 ad
1396 1049 1463 1077 me
1482 1036 1506 1085 ¹,
1543 1035 1588 1077 Ρ.
1623 1035 1839 1077 Canisium
1873 1040 1923 1076 a³

159 1115 331 1142 suorum
354 1101 561 1142 librorum
586 1101 896 1155 compositione
920 1101 1139 1143 abstinere
1163 1101 1318 1142 debere
1342 1103 1385 1142 et
1407 1103 1575 1143 tantum
1596 1113 1754 1142 vacare
1777 1113 1922 1141 emen-

159 1166 323 1208 dationi
355 1166 532 1208 secundi
566 1169 609 1208 et
641 1167 761 1220 tertij
794 1166 891 1208 libri
907 1169 935 1217 2,
972 1170 1020 1208 vt
1052 1166 1213 1208 rectius
1236 1165 1475 1208 valetudini
1507 1165 1598 1207 eius
1625 1165 1924 1207 consuleretur

159 1234 203 1274 et
239 1232 332 1285 ipse
365 1231 643 1273 concionibus
676 1231 806 1285 (quae
840 1231 1060 1285 principi-⁵³
1092 1234 1248 1284 gratae
1281 1230 1399 1283 sunt)
1434 1230 1697 1273 commodius
1730 1233 1921 1272 vacaret.

159 1296 219 1338 At
251 1296 361 1340 sciat
393 1297 443 1340 R..
478 1297 639 1339 Vestra
671 1297 904 1339 secundum
946 1297 1102 1338 librum
1136 1297 1242 1338 adeo
1276 1296 1464 1338 nondum
1498 1310 1592 1338 esse
1625 1295 1921 1349 compositum,

160 1364 209 1404 vt
231 1361 422 1404 dubitem
446 1376 500 1403 an
525 1361 640 1404 infra
657 1362 757 1415 annj
781 1362 973 1416 spacium
997 1361 1145 1415 praelo
1165 1361 1309 1415 aptari
1331 1361 1468 1415 possit
1492 1360 1661 1414 magnis
1684 1359 1922 1402 laboribus:

160 1427 211 1468 de
233 1427 363 1469 tertio
386 1427 445 1468 nil
468 1427 626 1470 attinet
650 1427 804 1469 dicere.
842 1427 892 1469 Rs.
913 1427 1073 1468 Vestra
1096 1426 1244 1468 videat
1268 1426 1367 1479 quid
1390 1426 1629 1479 agendum:
1663 1425 1709 1468 P.
1729 1424 1923 1467 Canisius

159 1506 235 1533 suo
278 1506 396 1534 more
429 1507 508 1534 nec
541 1492 621 1534 sibi
664 1506 741 1534 nec
775 1492 870 1545 alijs
914 1491 1065 1546 parcit,
1110 1495 1155 1534 et
1196 1491 1299 1533 mihi
1340 1494 1519 1544 questus
1552 1493 1620 1533 est
1660 1491 1751 1532 eius
1783 1490 1924 1532 socius

160 1558 206 1599 P.
230 1557 446 1600 Antonius
463 1560 491 1607 4,
525 1572 571 1599 se
604 1558 647 1599 in
680 1558 817 1611 primo
841 1557 949 1599 libro
973 1556 1267 1599 inhumaniter
1290 1570 1315 1598 a
1338 1556 1469 1598 Patre
1493 1555 1663 1598 Canisio
1686 1558 1923 1598 tractatum

158 1622 314 1673 fuisse,
358 1637 498 1676 neque
540 1623 738 1664 leuamen
780 1625 940 1677 sperat.
1007 1623 1167 1664 Gratus
1210 1621 1381 1675 quidem
1423 1624 1490 1664 est
1531 1621 1621 1663 eius
1662 1621 1806 1670 labor,
1850 1621 1925 1662 sed

159 1687 331 1729 interim
364 1702 410 1730 se
443 1691 609 1739 enecat,
653 1691 697 1729 et
730 1690 779 1729 vt
820 1687 961 1736 audio,
1004 1687 1189 1742 ipsemet
1230 1687 1373 1728 fassus
1407 1689 1474 1729 est
1511 1686 1591 1728 sibi
1633 1686 1676 1727 in
1708 1686 1773 1727 his
1806 1685 1925 1727 libris

161 1752 453 1794 emoriendum
487 1767 593 1795 esse.
658 1754 716 1795 Et
749 1766 801 1794 ne
837 1752 905 1794 hic
938 1753 1071 1794 Pater
1103 1756 1204 1794 ante
1237 1755 1408 1806 tempus
1441 1752 1563 1793 nobis
1596 1754 1761 1805 pereat,
1796 1755 1840 1794 et
1872 1765 1925 1792 ne

162 1831 241 1870 ego
284 1831 339 1859 ex
381 1819 538 1860 affectu
580 1819 697 1871 loqui
733 1818 894 1868 videar,
938 1818 1099 1860 suadeo
1132 1820 1181 1859 vt
1222 1817 1272 1859 R.
1307 1817 1359 1859 V.
1394 1817 1543 1858 audiat
1584 1816 1840 1869 Dilinganos
1882 1820 1926 1858 et

162 1883 212 1925 D.
238 1882 454 1933 Pisanum,
490 1897 539 1925 ac
561 1883 608 1926 P.
632 1883 883 1932 Antonium,
918 1883 988 1935 qui
1022 1883 1193 1924 labores
1226 1882 1317 1923 eius
1350 1885 1521 1932 norunt,
1556 1882 1610 1923 ad
1644 1895 1750 1934 quos
1774 1881 1922 1923 concio

167 1949 210 1989 et
242 1949 443 1990 montes5
475 1951 754 1989 accesserunt
787 1948 840 1990 ad
874 1948 1155 1990 cumulandas
1187 1947 1249 1988 illi
1282 1947 1601 1989 difficultates.“

162 2089 300 2126 1064
326 2091 403 2125 sive
432 2089 539 2126 litt.
561 2090 697 2135 (59).
773 2090 874 2126 Anno
901 2089 984 2125 1571.

281 2157 333 2190 Ex
359 2157 594 2201 autographo.
632 2156 673 2191 G.
694 2157 781 2201 Epp.
802 2156 880 2191 coll.
901 2156 915 2189 1
941 2157 964 2190 f.
985 2156 1079 2190 237³.

282 2217 352 2250 PP.
381 2217 555 2259 Hoffaeus
581 2221 611 2249 et
641 2216 806 2249 Canisz'ns
833 2216 870 2249 P.
904 2217 1073 2249 Torrensz·
1099 2218 1244 2258 instant,
1270 2220 1309 2249 ut
1335 2216 1444 2248 libros
1469 2216 1674 2257 theoloyicos
1698 2215 1839 2249 scribat.

281 2274 319 2309 P.
339 2276 581 2318 Hieronymus
610 2275 797 2308 Torrensis
823 2274 856 2308 S.
878 2275 909 2308 J.
940 2274 977 2308 P.
998 2274 1216 2319 Hieronymo
1242 2273 1363 2308 Natali
1390 2274 1524 2308 vicario
1551 2273 1709 2317 generali
1738 2273 1927 2308 Societatis

162 2328 307 2372 scripsit
333 2328 553 2371 Ingolstadio
572 2327 628 2362 22.
647 2328 862 2362 Novembris
883 2328 992 2362 1571:
1021 2327 1065 2361 Se
1093 2328 1194 2361 modo
1221 2327 1350 2360 librum
1376 2327 1524 2360 tertium
1550 2327 1808 2360 sententiarum
1829 2327 1928 2360 Petri

164 2381 351 2414 Lonibardi
379 2381 577 2425 explicare:
616 2381 744 2416 cotidie
770 2392 808 2414 se
844 2381 879 2414 in
912 2381 1148 2415 universitate
1184 2381 1400 2423 theologiam
1436 2380 1597 2420 tradere;
1632 2391 1716 2414 nam
1742 2379 1927 2425 Rudolpho

162 2434 305 2477 quidem
332 2434 467 2468 Clenck
502 2445 623 2468 secum
664 2434 952 2476 „alternandum“
985 2445 1083 2474 esse3
1121 2434 1182 2468 sed
1220 2435 1249 2468 is
1285 2433 1385 2478 „alijs
1420 2433 1580 2478 negociJ's
1615 2444 1748 2467 vacans
1865 2433 1928 2467 vix

162 2486 272 2520 vllam
299 2487 407 2521 habet
432 2487 664 2529 lectione1n⁴⁴3
702 2490 888 2532 praeterea
923 2499 961 2521 se
997 2488 1032 2521 in
1059 2486 1250 2521 Societatis
1285 2486 1435 2530 collegio
1475 2486 1675 2529 „collationi
1712 2497 1816 2520 casus
1849 2498 1927 2520 con-

163 2540 366 2581 scientiae“‚
394 2551 485 2583 quae
503 2540 656 2583 singulis
674 2540 907 2575 hebdomadis
926 2540 1111 2582 habeatur,
1139 2551 1316 2585 praeesse.
1357 2539 1520 2582 „Hortati
1539 2542 1622 2574 sunt
1640 2551 1696 2573 me
1722 2539 1928 2583 frequenter

162 2591 393 2626 Reuerendus
428 2593 536 2627 Pater
572 2593 832 2628 Prouincialis⁶
868 2596 903 2627 et
930 2594 969 2627 P.
998 2594 1126 2628 Petrus
1155 2593 1320 2627 Canisius
1355 2593 1399 2626 ad
1434 2593 1679 2637 scriptionem,
1715 2593 1927 2637 praesertim

284 2664 310 2692 a)
334 2662 394 2686 Hoc
416 2671 437 2686 r.
458 2663 493 2686 (17)
514 2664 550 2687 H.
570 2671 661 2694 snpra
685 2672 797 2688 versum
817 2664 957 2695 scriptum
980 2667 1028 2688 est.

286 2769 295 2787 ¹
323 2768 412 2802 Vide
439 2780 546 2813 supra
573 2781 604 2813 p.
632 2770 709 2803 712.

288 2822 299 2839 ²
326 2820 377 2853 De
403 2821 511 2855 Verbi
538 2822 603 2855 Dei
639 2822 851 2867 corruptelis
887 2823 1061 2857 adversus
1097 2822 1384 2862 Centuriatores;
1424 2821 1483 2866 qui
1520 2822 1587 2854 duo
1623 2820 1704 2855 libri
1739 2821 1781 2854 de
1815 2820 1927 2854 Beata

170 2872 285 2905 Maria
312 2872 459 2915 Virgine
487 2878 521 2907 et
548 2875 589 2907 de
616 2875 649 2909 S.
678 2875 784 2908 Petro
811 2875 922 2909 futuri
950 2878 1062 2909 erant.

285 2926 297 2944 ³
322 2925 543 2959 Ferdinando
568 2928 610 2960 ll.
638 2928 829 2967 archiduci,
857 2928 1055 2973 Oeniponte
1081 2928 1226 2962 Tirolim
1255 2930 1322 2962 etc.
1349 2927 1499 2970 regenti.
1645 2928 1657 2946 ⁴
1684 2926 1877 2961 Guisanus.

285 2978 296 2995 ⁵
324 2977 443 3021 Alpes.
471 2979 577 3013 Urbis
605 2981 862 3024 oenipontauae
897 2981 988 3015 situs
1015 2981 1215 3015 valetudini
1242 2981 1374 3015 Canisii
1408 2980 1585 3014 curandae
1612 2991 1683 3013 non
1719 2981 1796 3013 erat
1822 2977 1927 3012 valde

166 3030 404 3074 opportunus:
434 3042 465 3063 v.
493 3042 600 3075 supra
627 3044 659 3076 p.
686 3034 751 3066 217
780 3034 847 3067 277
877 3034 942 3067 321
970 3034 1051 3068 458.

287 3083 299 3100 ‘²
326 3082 459 3115 Paulus
487 3083 666 3117 Hoffaeus.
