2044 3335
622 80 787 123 Augusta
805 79 912 114 Vind.
932 79 986 113 16.
1006 77 1142 122 Aprilis
1163 76 1264 111 1569.
1746 74 1831 115 305

64 200 288 256 pecuniam
321 199 364 240 in
396 197 625 240 viaticum:
660 196 732 249 qui
755 211 851 238 cum
884 198 1038 250 postea
1060 194 1281 248 digressus
1304 194 1420 234 esset
1443 190 1497 233 ad
1520 203 1634 239 suos,
1667 188 1834 230 miserit

63 266 214 308 literas
247 265 450 313 Romam,
493 265 720 314 totamque
762 275 938 302 causam
980 273 1107 305 suam
1145 257 1396 311 exposuerit
1437 254 1669 309 superiori,
1713 253 1833 295 cuius

65 330 287 373 consilium
330 331 375 370 et
406 327 608 369 iudicium
651 326 881 368 uidebatur
923 326 1256 379 expectaturus:
1299 335 1411 362 nunc
1453 321 1624 362 demum
1666 319 1747 360 hoc
1779 332 1834 359 ex

66 395 183 437 Vrbe
205 393 347 443 scribi,
376 395 424 434 vt
446 392 482 434 si
504 394 678 433 recuset
699 391 913 432 Viennam
936 392 1098 444 petere,
1121 388 1357 429 Lauretum
1381 386 1450 427 uel
1472 385 1655 426 Romam
1680 383 1833 425 adeat:

65 473 166 502 nam
197 459 241 500 in
263 472 360 500 mea
391 459 611 512 potestate
634 469 718 497 non
743 469 839 497 esse
862 455 1006 504 situm,
1041 453 1153 495 sicut
1186 453 1230 493 et
1262 450 1324 492 illi
1356 453 1488 492 antea
1520 449 1622 500 dixi,
1657 451 1707 490 vt
1729 449 1834 489 vota

64 523 127 566 illi
148 523 442 565 remittantur.
496 522 698 563 Decanus
725 520 805 562 hac
828 518 1108 574 responsione
1131 518 1374 566 contentus,
1409 515 1609 568 promisit
1641 527 1687 554 se
1720 512 1834 567 apud

64 588 185 630 illum
218 587 553 629 admonitionem
577 585 947 639 intel-positurum,
981 583 1172 635 nihilque
1205 593 1525 628 concessurum,
1560 592 1613 619 ne
1646 577 1835 630 alioquin

66 651 491 695 Reuerendissimum
527 649 831 693 Ordinarium¹
864 649 1094 691 aduersum
1128 660 1174 688 se
1207 646 1431 699 prouocet.
1495 643 1631 684 Doleo
1663 642 1836 684 interim

67 718 181 771 quod
221 718 333 759 idem
367 718 568 758 Decanus
608 714 858 764 affirmauit,
902 713 1073 755 venisse
1114 712 1200 753 iam
1242 713 1374 752 antea
1406 709 1452 751 P.
1487 707 1755 750 Martinuni2
1793 709 1837 749 et

67 783 114 825 P.
139 781 432 825 Schorichium
455 781 510 823 ad
532 795 592 831 se,
628 779 696 833 qui
721 779 847 821 ambo
870 778 956 821 sint
979 781 1023 821 et
1044 777 1127 832 ipsi
1150 775 1373 828 conquesti
1397 774 1448 815 de
1471 787 1548 815 suo
1571 773 1793 826 superiore
1806 772 1835 821 3,

67 851 113 890 et
152 848 232 889 hoc
269 847 395 889 modo
430 846 667 888 Germanos
709 844 992 897 gubernandi,
1037 842 1161 896 quasi
1203 854 1299 883 cum
1340 840 1405 881 his
1438 844 1598 892 agatur
1629 836 1836 886 seuerius,

69 915 114 955 et
135 913 376 967 plusculum
402 910 626 953 Germanis
649 909 863 962 indulgeri
887 911 1101 963 oporteat.
1147 907 1230 950 Sed
1264 903 1641 957 diligentibus
1674 903 1837 943 Deum

68 978 132 1020 ad
164 978 356 1019 bonum
390 976 610 1019 omnia4.
655 976 782 1018 Certe
805 974 951 1028 magni
978 973 1126 1022 refert,
1161 975 1211 1014 vt
1243 972 1424 1013 libertas
1456 969 1542 1010 ista
1567 967 1838 1017 Germanica,

68 1056 179 1096 quae
217 1043 364 1085 multis
404 1043 561 1097 placet,
605 1040 766 1082 nostris
799 1053 937 1093 neque
970 1039 1013 1080 in
1046 1037 1270 1093 principio,
1313 1048 1453 1088 neque
1485 1034 1529 1075 in
1561 1033 1701 1075 medio
1735 1045 1839 1074 suae

68 1108 310 1150 vocationis
342 1107 624 1161 permittatur
646 1119 700 1147 ne
733 1106 879 1159 plures
903 1104 1092 1157 alioquin
1119 1103 1356 1145 habeamus
1380 1098 1664 1149 Schorichios,
1699 1098 1839 1139 Chun-

68 1174 197 1216 rados
210 1174 238 1224 5,
273 1176 317 1216 et
348 1173 541 1215 Thomae
574 1170 688 1213 dicto
721 1171 897 1213 similes.
962 1170 1115 1222 Neque
1147 1171 1296 1210 tamen
1328 1167 1495 1220 ignoro,
1535 1165 1578 1206 in
1612 1162 1839 1206 Germanis

67 1238 279 1292 quaedam
323 1252 418 1280 esse
460 1236 793 1286 dissimulanda,
844 1238 892 1278 ut
935 1234 1105 1288 quando
1148 1233 1195 1275 P.
1221 1231 1495 1275 Schorichius
1543 1230 1662 1271 leues
1707 1228 1839 1271 etiam

68 1303 335 1358 suspiciones
358 1304 614 1357 exaggerat,
649 1304 692 1344 et
725 1300 952 1343 scribendo
985 1299 1298 1348 stomachatur,
1334 1299 1378 1339 et
1400 1294 1579 1350 opponit
1612 1308 1706 1336 sese
1731 1294 1840 1335 Rec-

69 1369 155 1411 tori
187 1372 318 1423 atque
351 1368 561 1423 superiori
575 1369 602 1412 ⁶.
666 1369 721 1410 Jn
764 1367 830 1408 his
874 1365 1009 1408 uincit
1049 1379 1180 1419 saepe
1222 1365 1376 1406 sancta
1418 1361 1643 1416 patientia,
1688 1361 1755 1401 est
1797 1362 1841 1401 et

70 1434 250 1477 monitio
272 1448 578 1488 nonnunquam
601 1432 862 1483 necessaria,
896 1431 1128 1486 praecipue
1151 1444 1253 1472 vero
1278 1428 1359 1471 Dei
1391 1427 1536 1482 gratia
1568 1425 1841 1468 illuminante

70 1504 116 1543 et
147 1514 226 1542 nos
259 1500 475 1554 dirigente
507 1500 763 1553 indigemus.

191 1571 311 1620 Quod
344 1571 398 1613 ad
430 1570 684 1625 petitionem
716 1568 974 1611 Archiducis
1007 1570 1051 1610 et
1082 1580 1278 1609 sororum
1313 1565 1404 1607 eius
1437 1563 1610 1613 attinet,
1644 1577 1715 1604 res
1746 1563 1842 1604 tota

71 1637 372 1679 committatur
419 1650 579 1690 quaeso
621 1636 667 1679 P.
704 1635 836 1677 Paulo
880 1634 1083 1683 Hoffaeo,
1133 1632 1204 1685 qui
1245 1631 1332 1673 iam
1375 1629 1568 1672 decreuit
1610 1626 1842 1682 Oeniponti

73 1702 288 1756 tantisper
327 1702 528 1752 haerere,
579 1702 714 1744 donec
756 1700 1011 1742 absoluatur
1052 1697 1214 1751 aliquid
1262 1697 1313 1738 de
1356 1694 1552 1737 Hallensi
1593 1693 1775 1746 collegio
1817 1707 1843 1734 a

73 1767 252 1820 Reginis
285 1767 566 1817 instituendo,
601 1767 714 1809 sicut
747 1765 971 1807 Archidux
1003 1764 1211 1818 postulat.

192 1839 359 1892 Dignus
392 1839 564 1881 uidetur
585 1839 642 1881 M.
667 1837 938 1880 Richardus7
962 1836 1194 1890 Hybernus
1217 1833 1420 1887 Dilingae
1453 1831 1674 1886 professor
1706 1830 1844 1884 philo-

73 1904 264 1958 sophiae,
299 1904 371 1957 qui
403 1904 677 1946 sacerdotum
702 1916 927 1944 numerum
951 1903 1125 1954 augeat.
1169 1900 1284 1941 Nam
1309 1902 1353 1940 et
1375 1898 1539 1939 Romae
1562 1895 1845 1948 Theologiam

75 1969 261 2020 audiuit,
311 1972 356 2012 et
397 1983 423 2011 a
463 1968 734 2023 philosophia
776 1968 965 2010 fortasse
1010 1966 1064 2008 ad
1106 1980 1232 2007 sacra
1273 1963 1479 2007 transibit
1521 1961 1665 2004 studia
1709 1960 1843 2002 breui.

76 2035 215 2077 Valde
257 2049 334 2077 nos
375 2035 534 2088 premit
575 2034 849 2076 sacerdotum
886 2033 1198 2074 Germanorum
1241 2030 1417 2079 raritas,
1459 2027 1718 2083 praesertim
1751 2026 1845 2067 Mo-

76 2100 215 2154 nachij
259 2102 304 2142 et
336 2099 580 2154 Oeniponti.
644 2099 876 2141 Possemus
909 2098 1080 2151 quidem
1113 2096 1168 2138 ad
1201 2095 1493 2137 sacerdotium
1526 2092 1736 2146 quosdam
1769 2092 1845 2133 ad-

75 2166 263 2216 mittere,
296 2165 409 2207 sicut
441 2168 508 2207 est
531 2165 693 2207 Romae
717 2178 982 2213 concessum,
1017 2162 1092 2204 sed
1126 2161 1370 2203 scholarum
1403 2159 1515 2201 ratio
1548 2172 1632 2199 non
1666 2157 1845 2211 patitur,

75 2234 124 2273 vt
147 2245 172 2273 a
194 2231 349 2284 studijs
382 2230 705 2280 abstrahantur,
741 2232 785 2271 et
818 2229 872 2271 ad
903 2228 1154 2270 discendam
1178 2226 1368 2279 aliquam
1390 2223 1639 2277 theologiae
1661 2225 1845 2276 partem,

74 2297 375 2345 traducantur,
419 2296 669 2350 priusquam
713 2309 768 2336 ex
799 2294 1008 2349 professis
1048 2294 1169 2343 fiant,
1213 2294 1257 2334 et
1290 2290 1540 2333 sacerdotes
1580 2287 1845 2330 ordinentur.

196 2361 454 2403 Commendo
487 2375 554 2402 me
586 2360 816 2415 plurimum
849 2358 1072 2412 sacrificijs
1106 2360 1150 2399 et
1183 2357 1383 2412 precibus
1418 2356 1463 2398 P.
1498 2355 1546 2397 T.
1582 2367 1632 2395 ac
1664 2352 1845 2394 Patrum

76 2427 204 2470 isthic
237 2427 437 2478 omnium,
473 2426 681 2468 Dominus
712 2425 947 2467 nobiscum.
1012 2424 1240 2476 Augustae
1276 2423 1328 2463 16
1364 2420 1526 2475 Aprilis
1561 2419 1702 2461 .1569.

1005 2506 1166 2548 Seruus
1199 2505 1242 2546 in
1275 2502 1445 2545 Christo
1480 2502 1525 2544 P.
1551 2500 1785 2543 Canisius³.

198 2613 224 2632 a}
249 2608 325 2638 Quae
345 2610 518 2639 sequnntur,
539 2607 567 2631 ιή
587 2606 723 2631 schedula
744 2605 854 2636 scripta
876 2608 952 2629 siml.

203 2740 211 2758 ¹
240 2738 463 2772 Cardinalem
491 2736 659 2771 Ottonem
687 2735 898 2769 Truchsess.
1046 2733 1059 2753 ‘2
1084 2731 1372 2767 Stevordianum.

201 2799 213 2819 ⁸
239 2798 386 2832 Petrum
414 2796 596 2831 Canisium
624 2794 882 2840 provincialem
910 2792 1137 2838 potissimum
1164 2790 1360 2834 significari
1388 2789 1522 2834 opinor.

202 2859 214 2877 4
242 2856 331 2890 Rom
358 2857 390 2897 8,
417 2856 473 2891 28.
620 2856 633 2874 ⁵
660 2853 874 2897 Swagerios.

202 2918 214 2937 ⁶
240 2916 310 2950 ΡΡ.
337 2915 522 2950 Dominico
548 2915 719 2958 Mengino
754 2913 885 2947 rectori
912 2911 1118 2945 monacensi
1156 2913 1191 2944 et
1217 2909 1324 2943 Petro
1353 2907 1495 2943 Canisio
1531 2905 1736 2952 praeposito
1772 2916 1850 2950 pro—

83 2970 239 3005 vinciali.

203 3031 215 3049 ⁷
241 3028 438 3062 Flaminius
474 3028 551 3062 sive
578 3027 807 3069 Flemingus3
843 3025 886 3059 de
922 3035 991 3068 quo
1018 3036 1052 3058 V.
1084 3024 1170 3057 Can.
1189 3022 1221 3056 V
1239 3022 1325 3056 4821
1353 3020 1432 3062 523,
1470 3022 1505 3054 et
1531 3021 1673 3063 Hoqan,
1710 3017 1851 3052 lbernia

83 3083 273 3126 Ignatiana
300 3083 315 3116 I
342 3082 493 3117 26—27.

154 3147 178 3172 B
188 3155 203 3172 r
212 3154 254 3172 au
262 3154 280 3172 n
290 3154 304 3172 s
313 3146 330 3171 b
340 3154 355 3172 e
364 3154 378 3172 r
387 3153 405 3178 g
413 3153 428 3171 e
438 3153 452 3171 r
460 3166 466 3176 ,
488 3145 597 3171 Cauisii
618 3144 773 3178 Epistulae
794 3142 825 3169 et
844 3142 930 3168 Acta.
954 3141 1002 3167 VI.
1520 3133 1564 3167 20
