2044 3335
594 108 687 143 Mon.
717 107 807 142 1088
833 107 911 141 sive
936 93 1013 142 tar.
1035 106 1123 150 (24).
1169 104 1412 140 1567—1571.
1798 105 1878 146 751

115 224 246 278 plura
279 224 448 277 scripsit
480 224 727 277 Sacclzimcs,
762 223 872 264 Hist.
908 224 950 264 S.
974 222 1017 264 J.
1052 222 1134 272 III,
1168 223 1194 263 Z.
1219 224 1258 275 8,
1292 236 1333 263 n.
1359 222 1605 263 140—148.
1657 219 1723 273 Cf.
1759 221 1881 261 etiam·

119 302 223 341 opus
258 288 466 339 „Sanetus
507 288 766 330 Franciscus
806 287 992 342 Boryia“
1031 287 1066 328 V
1093 291 1470 324 XXXII—XXXIII
1507 286 1752 327 729—730.
1817 285 1883 326 Ibi

118 353 251 407 iyitur
293 353 412 393 initio
453 366 506 394 m.
540 353 783 394 Decembris
816 367 853 394 α.
891 352 1005 394 1567
1043 356 1214 406 praeter
1246 353 1335 392 alia
1376 352 1449 392 hoc
1481 350 1689 405 siqniftcat
1729 364 1770 391 se
1803 349 1883 390 sibi

114 417 406 472 proposuisse:

237 486 276 527 el
309 485 533 527 memorial
566 486 673 528 cada
707 486 777 528 dia
810 486 930 528 delas
961 485 1208 540 provincias

613 553 633 591 1
672 551 759 593 .F.1
1073 552 1126 591 12
1160 549 1373 591 emund03

611 617 634 655 2
668 615 806 657 Roma
1074 616 1126 656 13
1160 628 1326 667 aragon

611 682 636 721 3
670 680 867 723 Toscana
1071 680 1125 721 14
1157 678 1337 720 Castilla

610 748 634 785 4
668 744 862 798 Napoles
1069 745 1121 785 15
1156 743 1318 785 Toledo

610 811 634 850 5
670 809 815 852 Sicilia
1068 809 1120 850 16
1155 807 1384 850 andaluzia

610 875 635 915 6
668 873 928 916 Lombardia
1066 875 1117 915 17
1152 873 1360 926 Portogal

612 940 633 980 7
670 939 840 981 Canisio
1067 939 1120 979 18
1154 938 1366 980 Ρο11311104

610 1004 635 1044 8
668 1003 797 1045 vinch
1066 1004 1117 1044 19
1152 1003 1293 1044 Brasil

610 1070 634 1110 9
668 1069 877 1122 Maggio2
1062 1070 1117 1110 20
1150 1082 1234 1121 goa

584 1134 636 1175 10
669 1133 857 1176 Flandes
1062 1135 1114 1174 21
1148 1133 1254 1176 toda
1267 1134 1295 1175 5.

581 1200 631 1240 11
668 1198 791 1240 Paris

241 1269 291 1310 Et
324 1272 362 1312 5.
396 1269 629 1311 Februarii
663 1272 779 1312 1568
810 1275 948 1311 notat:

233 1344 397 1386 Pusose
437 1345 481 1386 la
522 1344 699 1387 oracion
740 1346 866 1389 sobre
907 1347 948 1388 lo
991 1345 1044 1387 de
1086 1344 1247 1387 canisio
1291 1347 1387 1395 etc.‚
1430 1358 1459 1398 y
1500 1347 1621 1387 otros
1646 1379 1654 1387 .
1678 1344 1807 1387 hasta
1840 1345 1882 1387 la

116 1409 298 1461 Pascua,
333 1424 356 1451 ο
392 1411 444 1453 ,4.
480 1410 707 1464 Tempora.

234 1479 288 1513 Ita
313 1479 465 1522 Borgias
500 1480 535 1514 id
570 1481 790 1525 praestabat,
827 1481 919 1525 quod
953 1480 1118 1515 Canisius
1153 1480 1197 1514 ab
1233 1480 1333 1514 initio
1369 1479 1451 1513 anni
1488 1480 1590 1521 1565,
1627 1491 1696 1524 quo
1731 1479 1883 1523 Borgias

114 1531 329 1566 Societatem
348 1534 554 1567 universam
573 1545 698 1577 regere
725 1534 852 1579 coepit,
878 1546 942 1579 per
967 1534 1108 1568 litteras
1129 1534 1362 1576 „plurimum“
1386 1535 1423 1567 et
1444 1544 1551 1578 saepe
1578 1533 1621 1567 ab
1649 1545 1689 1567 eo
1715 1533 1882 1577 petebat:

115 1585 166 1619 Ut
199 1597 238 1620 se
273 1597 428 1630 suosque
453 1586 528 1620 Deo
563 1587 752 1622 sacrificiis
787 1588 972 1632 sacrisque
1007 1587 1172 1632 precibus
1209 1587 1475 1621 commendaret
1501 1587 1609 1630 (Can.
1629 1586 1661 1620 V
1698 1587 1740 1621 16
1769 1586 1812 1620 18
1839 1586 1883 1621 33

114 1638 160 1673 48
186 1638 232 1673 54
261 1639 327 1674 130
356 1640 541 1675 157-158
571 1641 635 1675 191
666 1641 732 1675 198
760 1643 826 1675 etc.
855 1643 890 1675 et
915 1652 1025 1686 supra
1051 1653 1084 1686 p.
1113 1641 1133 1674 2
1163 1640 1204 1674 12
1234 1642 1275 1675 17
1303 1641 1349 1675 20
1375 1640 1419 1675 29
1446 1640 1490 1674 33
1518 1640 1615 1683 etc.).

235 1692 269 1727 S.
296 1692 528 1728 Franciscum
562 1706 818 1738 nonnunquam
854 1695 961 1728 etiam
996 1694 1114 1737 magis
1151 1693 1363 1737 singillatim
1399 1705 1462 1738 pro
1498 1692 1643 1728 Canisio
1682 1704 1804 1727 orasse
1839 1704 1884 1726 ex

116 1745 240 1779 eodem
275 1745 335 1780 1110
363 1746 491 1781 Codice
524 1747 718 1790 colligitur.
768 1748 824 1782 Ita
860 1759 940 1782 cum
977 1748 1142 1782 Canisius
1177 1751 1331 1781 exeunte
1367 1747 1567 1792 Septembri
1594 1758 1625 1781 a.
1656 1747 1745 1781 1565
1772 1746 1885 1779 Roma

116 1799 300 1843 profectus
334 1802 432 1834 esset
465 1801 502 1834 in
537 1800 776 1842 Germaniam,
813 1801 873 1835 ubi
900 1802 955 1835 Pii
981 1802 1031 1836 IV
1066 1801 1237 1835 mandatu
1274 1812 1353 1835 cum
1389 1800 1630 1845 compluribus
1666 1799 1885 1844 principibus

117 1852 367 1898 episcopisque
402 1856 549 1888 acturus
583 1857 670 1896 erat,
707 1856 862 1898 Boryz‘as
899 1855 965 1898 „Jn
1001 1855 1057 1889 die
1092 1855 1195 1889 Beati
1230 1855 1414 1889 Francisci
1452 1855 1541 1889 1565
1580 1854 1619 1888 4⁰
1653 1853 1820 1887 octubre“
1849 1852 1885 1886 in

115 1917 264 1940 numero
295 1918 484 1941 causarum
510 1907 584 1942 Deo
616 1919 680 1953 per
705 1920 830 1953 preces
857 1911 891 1942 et
917 1908 1095 1943 sacrificia
1121 1908 1355 1951 singulariter
1381 1907 1742 1942 commendandarum
1767 1905 1887 1950 posuit

122 1959 176 2002 „la
200 1959 261 1994 ida
286 1960 328 1994 de
354 1960 506 1994 canisio“
540 1961 577 2005 (l.
597 1973 627 1996 c.
645 1961 669 1995 f.
701 1962 783 1997 1402
810 1961 913 2002 142b;
941 1962 986 1996 cf.
1018 1961 1191 2004 „Sanctus
1209 1961 1442 1996 Franciscus“
1465 1962 1532 1995 etc.
1550 1959 1583 1994 V
1611 1960 1716 2003 796);
1744 1962 1780 1993 et
1805 1970 1885 1993 cum

117 2013 214 2047 circa
239 2013 380 2047 initium
407 2025 439 2048 a.
467 2014 556 2048 1566
584 2015 750 2050 Canisius
776 2016 964 2058 Augustae
991 2015 1257 2050 Vindelicorum
1293 2015 1329 2049 in
1364 2015 1518 2049 comitiis
1552 2013 1691 2059 imperii
1723 2013 1885 2058 proxime

116 2067 327 2101 incohandis
345 2067 537 2102 cardinalis
556 2068 810 2103 Commendoni
827 2069 1034 2113 theologum
1054 2081 1161 2113 agere
1184 2069 1304 2103 iussus
1323 2071 1430 2110 esset,
1455 2070 1610 2112 Boryias
1630 2068 1682 2102 13.
1702 2066 1886 2101 Februarii

121 2121 211 2155 1566
249 2121 408 2162 notavit,
446 2133 569 2156 sacras
606 2134 731 2167 preces
757 2122 831 2157 Deo
870 2122 1011 2157 oblatas
1048 2134 1068 2156 a
1103 2134 1142 2157 se
1180 2134 1260 2157 esse
1300 2134 1382 2167 „por
1420 2122 1572 2156 canisio“
1605 2121 1642 2164 (l.
1671 2132 1699 2155 ο.
1727 2120 1751 2155 f.
1782 2120 1884 2160 196¹²;

119 2173 165 2208 cf.
184 2174 291 2208 etiam
322 2174 495 2216 „Sanctus
520 2175 754 2210 Franciscus“
785 2176 883 2219 eto).
934 2176 1115 2210 Proximis
1142 2178 1260 2210 autem
1289 2176 1401 2217 annis,
1429 2186 1509 2209 cum
1534 2174 1687 2218 Borgias
1714 2173 1748 2208 S.
1769 2173 1823 2207 Pii
1841 2173 1884 2207 V.

119 2227 290 2261 mandatu
309 2227 490 2262 Canisium
517 2229 692 2264 adversus
711 2229 902 2264 Centurias
920 2230 1077 2264 scribere
1103 2229 1282 2271 iussisset,
1309 2229 1339 2263 is
1357 2229 1464 2263 etiam
1483 2227 1608 2271 magis,
1636 2239 1743 2271 quam
1769 2228 1886 2266 antea,

118 2279 272 2323 Borgiae
297 2292 422 2326 preces
448 2282 693 2326 efflagitabat;
728 2283 829 2317 velut
865 2295 945 2317 cum
972 2283 1004 2318 8.
1032 2283 1239 2317 Decembris
1270 2283 1359 2317 1570
1395 2283 1426 2316 ei
1461 2281 1653 2316 scriberet:
1693 2280 1885 2323 „Maiorem

119 2334 155 2367 in
181 2334 324 2368 modum
350 2347 447 2378 rogo,
474 2337 713 2377 commendari
740 2339 855 2371 totum
881 2336 949 2371 hoc
983 2336 1190 2371 institutum
1217 2337 1290 2371 Deo
1325 2335 1514 2380 sacrificijs
1540 2334 1579 2369 P.
1608 2335 1667 2370 T.“
1700 2334 1749 2379 (V.
1777 2346 1887 2380 supra

119 2399 152 2432 p.
179 2388 269 2429 419;
296 2390 332 2422 et
357 2389 402 2423 cf.
429 2400 538 2434 supra
556 2401 589 2434 p.
611 2390 705 2434 165).
749 2389 866 2431 Quare
893 2390 982 2424 satis
1001 2392 1138 2424 certum
1158 2392 1223 2430 est,
1250 2390 1294 2424 iis
1313 2401 1452 2434 quoque
1471 2388 1574 2423 annis
1592 2388 1760 2432 Borgiam
1779 2401 1886 2434 saepe

121 2441 255 2475 Oanisii
281 2453 427 2476 causam
453 2443 547 2488 apud
573 2443 686 2478 Deum
713 2444 843 2486 egisse.
890 2443 1006 2478 Multa
1032 2446 1068 2477 et
1093 2454 1225 2485 magna
1251 2443 1416 2477 Canisius
1442 2454 1483 2476 eo
1508 2443 1668 2487 tempore
1693 2442 1886 2487 praestitit,

121 2494 241 2528 divino
276 2495 421 2529 adiutus
455 2496 610 2537 auxilio;
649 2508 714 2531 nec
749 2497 872 2531 dubito
908 2497 1089 2541 equidem,
1128 2496 1213 2540 quin
1248 2507 1416 2540 magnam
1450 2495 1557 2530 huius
1588 2495 1714 2530 auxilii
1748 2497 1885 2541 partem

121 2548 372 2583 sanctissimus
398 2549 455 2583 vir
480 2550 692 2584 Franciscus
719 2551 871 2594 Borgias
897 2550 928 2584 ei
954 2550 1214 2595 impetraverit.

245 2657 254 2677 ¹
281 2657 304 2690 i.
331 2669 359 2690 e.
386 2657 577 2692 Francisco
605 2657 697 2702 (ipse
725 2657 759 2692 S.
786 2657 999 2691 Franciscus
1025 2656 1176 2700 Borgias
1187 2656 1234 2700 ‘?).

242 2709 256 2730 ²
282 2710 352 2745 ΡΡ.
380 2711 510 2745 Petrus
542 2710 726 2753 Canisius,
762 2710 940 2744 Antonius
966 2710 1103 2750 Vinck‚
1139 2710 1353 2745 Laurentius
1387 2710 1550 2754 Magius,
1586 2709 1781 2756 praepositi
1811 2722 1888 2756 pro-

122 2763 322 2798 vinciarum
350 2764 563 2799 Germaniae
588 2764 792 2809 superioris,
819 2763 944 2805 Rheni,
972 2764 1153 2798 Austriae.

245 2817 258 2836 3
283 2817 323 2850 P.
351 2817 559 2851 Edmundus
584 2817 776 2860 Augerius,
803 2816 1034 2862 provincialis
1059 2816 1286 2861 Aquitaniae.

245 2872 257 2890 ⁴
284 2871 323 2904 P.
351 2870 593 2916 Hieronymus
617 2870 801 2911 Portissus,
827 2870 1005 2905 Peruviae
1031 2870 1262 2915 provincialis
1288 2871 1508 2914 designatus.

246 2924 258 2943 ⁵
283 2924 409 2958 Totam
437 2923 650 2958 Societatem
677 2923 881 2967 significare
907 2924 1059 2958 videtur.
