2044 3335
121 125 221 159 1597.
236 121 355 158 ‘Mart
375 123 619 158 Leubenstain
646 123 731 158 Can.
777 123 878 158 1598.
907 123 992 160 Can.
1012 124 1059 158 10.
1079 123 1121 157 de
1139 122 1306 156 Polanco.
1343 122 1456 155 Roma
1474 121 1565 156 Nov.
1582 122 1684 156 1568.
1752 125 1836 165 229

190 240 368 275 Polancus
394 240 452 274 his
477 240 612 275 litteris
630 240 820 275 Hoffaeum
838 243 970 282 monet,
996 243 1037 275 ut
1062 241 1278 286 respondeat
1304 240 1346 274 de
1365 240 1405 274 P.
1424 239 1582 273 Martino
1601 238 1839 273 Stevordiano

73 295 194 339 (quem
221 294 393 328 Albertus
419 294 462 328 V.
492 294 670 327 Bavariae
697 294 769 328 dux
796 293 980 329 Monachii
1006 294 1289 328 contionatorem
1316 293 1472 326 retinere
1506 291 1648 326 omnino
1675 291 1839 332 volebat;

73 360 104 382 v.
123 359 231 392 supra
257 359 291 392 p.
310 347 417 390 210);
444 358 560 391 neque
586 347 732 381 dubium
760 349 826 388 est,
853 348 938 391 quin
956 347 1136 381 Polancus
1161 346 1332 381 *litteras
1359 346 1550 389 significet,
1577 356 1668 389 quas
1687 346 1841 389 Boryias

70 401 181 435 Roma
208 401 264 435 23.
292 400 514 445 Septembris
542 400 634 435 1568
661 401 705 434 ad
733 400 920 434 Hoffaeum
949 401 1066 441 dedit;
1102 400 1162 434 ubi
1188 399 1268 434 ille:
1300 399 1432 444 „Sopra
1459 399 1483 432 il
1511 399 1550 433 P.
1576 398 1733 432 Martino
1759 410 1839 432 con-

70 454 174 488 uiene
200 466 286 488 usar
320 453 451 487 liberta
484 454 519 487 in
554 455 688 487 trattar
724 453 778 487 col
814 454 1037 488 canceliero¹
1074 455 1110 487 et
1145 453 1259 487 anche
1296 453 1351 487 col
1384 453 1534 496 Signore
1561 451 1673 491 Daca,
1709 451 1775 486 che
1809 450 1840 485 si

70 507 229 542 contenti
263 506 329 541 che
365 506 463 540 detto
500 506 539 540 P.
566 506 722 540 Martino
749 507 883 550 uenghi
920 508 940 540 a
966 506 1091 546 Roma,
1127 518 1146 540 ο
1182 518 1267 540 uero
1302 506 1384 540 uadi
1422 508 1443 540 a
1470 505 1617 539 Colonia
1652 504 1751 539 accio
1785 504 1841 538 sia

70 561 207 595 aiutato
232 560 315 594 nela
340 570 494 605 persona
519 571 596 600 sua,
632 559 762 603 perche
789 559 824 593 la
850 559 1072 604 Compagnia
1098 561 1223 594 nostra
1249 559 1412 593 hauendo
1439 559 1484 593 da
1510 558 1640 592 render
1665 560 1770 592 conto
1797 557 1840 591 de

69 614 120 648 lui
147 616 167 648 a
184 613 261 655 Dio,
289 614 319 648 si
346 615 448 647 sente
475 612 635 656 obligata
661 612 697 646 in
716 613 937 647 conscientia
963 615 984 646 a
1010 613 1103 647 farlo
1129 613 1214 653 cosi,
1242 615 1277 646 et
1303 613 1445 657 quando
1471 624 1542 646 non
1568 612 1598 646 si
1617 610 1840 646 contentassi

70 667 142 702 Sua
168 667 379 701 Eccellenza
413 666 448 700 la
476 666 698 710 Compagnia
732 677 814 700 sara
850 667 1008 700 sforzata
1042 668 1063 700 a
1088 665 1256 700 lasciarlo
1292 668 1328 699 et
1353 665 1538 710 separarlo
1564 665 1608 698 da
1634 676 1683 705 se,
1720 676 1783 708 per
1808 663 1842 697 le

69 720 209 763 ragioni
236 720 301 754 che
327 720 368 753 V.
398 719 440 753 R.
476 719 500 752 li
528 720 631 763 potra
658 719 744 759 dire,
781 722 816 753 et
842 719 1003 753 all'hora
1029 731 1067 753 se
1094 719 1127 753 lo
1153 730 1260 753 uorra
1287 719 1419 763 pigliar
1454 730 1517 763 per
1543 718 1768 762 predicatore
1795 716 1842 760 [lo

70 773 195 819 pigli]a
220 786 240 807 o
266 773 299 807 lo
325 773 413 808 lasci
441 784 541 807 come
559 772 691 815 meglio
717 772 741 806 li
769 773 932 817 piacera“
958 772 1020 813 (ex
1037 784 1162 817 apogr.
1181 772 1292 806 eiusd.
1312 775 1442 817 temp.;
1471 771 1592 806 Germ.
1613 772 1656 805 67
1685 769 1841 813 f.177b).

73 887 223 924 1597.
335 887 397 923 P.
433 885 792 923 BIARTINUS
830 885 1316 923 LEUBENSTAIN
1357 886 1410 923 S.
1439 886 1494 923 J.
1537 889 1655 922 rector
1698 886 1842 929 collegii

261 941 556 985 ingolstadiensis
584 940 785 976 CANISIO.

805 994 1029 1039 Ingolstadio
1063 994 1159 1029 inter
1194 994 1325 1028 Iulium
1361 996 1398 1028 et
1422 994 1664 1029 Novembrem
1694 994 1794 1028 1568.

189 1060 244 1094 Ex
271 1059 428 1105 epistula
454 1060 498 1094 ad
525 1058 734 1100 Polancum,
762 1059 805 1093 de
832 1071 903 1103 qua
928 1059 1034 1101 infra,
1062 1071 1116 1104 ep.
1144 1071 1177 1093 n.
1199 1059 1301 1094 1604.

194 1126 362 1159 Canisius
387 1125 574 1158 Florentia
602 1126 658 1158 10.
686 1124 888 1158 Decembris
916 1126 1008 1157 1568
1032 1125 1072 1159 P.
1100 1125 1232 1158 Ioanni
1266 1125 1308 1157 de
1333 1125 1489 1158 Polanco
1515 1125 1702 1158 Societatis
1735 1134 1844 1157 secre-

68 1181 164 1213 tario
198 1180 362 1222 scripsit:
397 1178 715 1222 „Respondendam
749 1182 797 1211 est
823 1178 1182 1221 Jnyolstadiensibas,
1215 1179 1355 1221 possint
1389 1190 1432 1211 ne
1462 1179 1586 1221 plures
1612 1179 1748 1210 mittere
1773 1182 1844 1210 sta-

69 1235 186 1267 diosos
211 1233 260 1265 ad
289 1233 545 1266 Germanicam
571 1232 754 1274 colleqiecm
782 1242 878 1264 cmno
904 1232 1070 1274 sequenti.
1104 1232 1199 1265 Nam
1225 1231 1354 1265 litteris
1380 1232 1427 1264 ad
1452 1243 1505 1264 mc
1530 1232 1624 1264 datis
1649 1231 1714 1264 hoc
1740 1241 1845 1274 quae-

68 1284 240 1320 sierant.“

70 1396 224 1434 1598.
334 1396 552 1432 GANISIUS
588 1395 650 1432 P.
677 1394 923 1432 IOANNI
950 1395 1043 1431 DE
1071 1393 1391 1431 POLANCO
1429 1396 1624 1430 secretario
1655 1396 1846 1431 Societatis

260 1451 353 1485 Iesu.
1080 1449 1195 1484 Roma
1222 1452 1377 1484 exeunte
1403 1461 1449 1485 m.
1469 1449 1664 1484 Novembri
1694 1450 1796 1485 1568.

189 1516 244 1551 Ex
270 1515 489 1561 apographis
515 1514 752 1561 epistularum
779 1514 938 1555 Polanci,
966 1514 1009 1548 de
1036 1514 1166 1559 quibus
1192 1514 1298 1554 infra,
1325 1526 1404 1559 epp.
1431 1527 1490 1549 nn.
1513 1515 1602 1550 1605
1632 1515 1733 1550 1607.

192 1583 329 1626 Aliqua
355 1583 387 1614 ei
413 1582 630 1615 commendat
656 1581 698 1614 de
724 1581 899 1624 Fuyyeris
926 1581 1065 1623 colleyii
1087 1581 1287 1623 yermanici
1313 1581 1569 1615 convictoribus
1607 1585 1636 1614 et
1661 1581 1703 1613 de
1728 1581 1848 1614 Bona-

74 1639 223 1670 ventura
250 1635 457 1669 Petraei-inas
481 1636 608 1678 futuro
635 1637 805 1678 maqistro
832 1637 1052 1668 noviciorum
1079 1638 1138 1668 etc.

187 1708 401 1750 Polawcus
436 1707 610 1749 Canisio
650 1708 821 1762 scripsit
864 1708 999 1749 Roma
1044 1708 1113 1749 11.
1156 1707 1400 1748 Decembris
1432 1708 1574 1749 1568:
1618 1706 1772 1759 „Circa
1814 1706 1845 1747 il

69 1775 287 1816 memorial
320 1774 346 1814 a
378 1787 443 1814 me
483 1774 658 1814 lasciato
701 1774 752 1814 lio
785 1774 1030 1814 cominciato
1064 1773 1090 1813 a
1120 1772 1199 1826 far
1231 1773 1323 1828 quel
1356 1773 1427 1813 che
1459 1773 1503 1813 V.
1538 1773 1590 1813 R.
1625 1772 1684 1813 mi
1714 1773 1845 1813 [ascio

70 1840 395 1881 raccomandato
427 1843 463 1880 et
494 1839 653 1881 lzauero
686 1853 791 1880 cura
825 1839 892 1880 del
923 1837 1071 1880 resto.“
1128 1838 1185 1880 Et
1216 1839 1351 1880 Roma
1386 1840 1453 1880 15.
1478 1838 1684 1879 Ianuarii
1707 1838 1846 1879 1569.-

74 1905 177 1956 „Del
217 1905 461 1946 memoriale
500 1904 572 1945 che
603 1905 648 1948 V.
685 1904 736 1946 R.
771 1905 830 1945 mi
861 1905 1003 1956 inscio,
1047 1904 1208 1944 hauero
1250 1918 1353 1945 cara
1397 1904 1462 1944 sia
1497 1904 1686 1958 eseqiiit07
1731 1903 1792 1943 cio
1825 1904 1844 1943 e

69 1975 225 2025 quanto
258 1971 335 2012 alti
366 1970 439 2011 doz·
468 1969 634 2023 fratelli
667 1969 873 2023 Fuchari,
907 1969 1234 2011 Bonauentura.
1271 1967 1368 2011 etc.“

187 2051 364 2086 Antonius
393 2050 515 2094 (natus
542 2063 573 2086 a.
591 2050 699 2094 1552)
729 2053 764 2085 et
793 2050 1016 2085 Raimundus
1037 2050 1160 2093 (natus
1184 2061 1214 2084 a.
1233 2050 1339 2094 1553)
1369 2049 1435 2084 filii
1459 2049 1605 2093 Georgii
1624 2048 1666 2082 H.
1687 2046 1846 2091 Fuggeri

67 2107 104 2139 et
129 2105 284 2139 Ursulae
312 2105 354 2139 de
383 2104 631 2139 Lichtenstein
658 2116 689 2139 a.
711 2105 802 2139 1568
821 2104 988 2148 Augusta
1014 2104 1163 2138 Romam
1190 2104 1291 2138 missi
1318 2106 1431 2144 erant,
1458 2106 1499 2137 ut
1526 2103 1561 2137 in
1587 2102 1739 2145 collegio
1766 2112 1843 2144 ger-

68 2160 206 2193 manico
237 2158 503 2201 „convictores‘
535 2160 658 2192 essent
687 2158 919 2198 (Steinhuber
944 2157 967 2192 1.
995 2170 1025 2192 c.
1053 2158 1091 2191 Ι2
1118 2157 1190 2201 74).
1236 2157 1306 2191 Eos
1335 2158 1389 2191 17.
1418 2156 1640 2202 Septembris
1669 2155 1758 2189 1568
1785 2154 1844 2188 ad-

68 2213 212 2246 venisse
237 2214 340 2246 notat
358 2213 461 2246 Hier.
480 2213 605 2255 Nappi
631 2211 664 2246 S.
682 2212 715 2247 J.
743 2212 779 2245 in
797 2211 959 2245 *Annali
979 2211 1036 2245 del
1055 2211 1254 2246 Seminario
1277 2211 1338 2252 (cf.
1358 2212 1444 2246 Can.
1463 2210 1514 2244 IV
1532 2210 1617 2252 316)
1638 2221 1671 2254 p.
1692 2208 1843 2243 60—64.

69 2265 267 2309 Collegium
295 2277 335 2299 eo
362 2277 454 2299 anno
480 2265 550 2300 260
576 2265 829 2299 adulescentes
855 2264 993 2299 nobiles
1019 2264 1177 2299 habebat
1206 2264 1432 2308 (Sacc-hinne,
1459 2264 1552 2298 Hist.
1573 2263 1607 2298 S.
1627 2264 1660 2297 J.
1682 2262 1742 2303 ΙΙΙ,
1769 2262 1790 2295 l.
1809 2262 1842 2301 4,

67 2332 100 2354 n.
130 2319 228 2362 156).
278 2318 431 2353 Nomine
457 2321 579 2353 autem
609 2319 927 2361 „Bonaventurae“
958 2318 1188 2361 significatur
1213 2318 1470 2352 Bonaventura
1498 2317 1708 2357 Par-adimas,
1736 2325 1843 2359 quem

70 2372 104 2408 S.
124 2372 338 2407 Franciscus
357 2372 510 2416 Borgias
535 2373 764 2417 praepositus
791 2372 972 2415 generalis
999 2371 1119 2406 domui
1145 2372 1368 2416 probationis
1394 2371 1600 2406 monacensi
1627 2369 1843 2413 magistrum

67 2426 289 2460 noviciorum
308 2425 566 2466 destinaverat,
598 2425 732 2470 „primo
750 2426 856 2459 vere⁴⁴
879 2425 994 2459 Roma
1011 2425 1227 2460 mittendum
1248 2426 1297 2467 (v,
1318 2425 1423 2466 infra,
1443 2437 1496 2470 ep.
1516 2437 1550 2459 n.
1571 2424 1692 2466 1600).
1732 2422 1784 2457 De
1804 2433 1843 2456 eo

70 2480 158 2514 haec
183 2480 390 2514 referuntur
428 2479 464 2513 in
491 2480 682 2524 *„Eloye‘is
708 2479 902 2513 Hominum
930 2479 1131 2513 illustrium
1159 2480 1220 2524 qui
1246 2479 1282 2513 in
1308 2478 1502 2513 Prouincia
1528 2477 1730 2523 Superioris
1757 2476 1843 2511 Ger-

69 2533 208 2568 maniae
235 2533 406 2567 vixerunt
432 2535 468 2567 et
494 2532 660 2567 obierunt
687 2544 767 2567 cum
794 2532 1063 2567 existimatione
1088 2532 1322 2577 perfectionis
1350 2534 1386 2566 et
1403 2532 1611 2566 sanctitatis
1628 2530 1840 2574 religiosae*

71 2587 118 2631 (a.
137 2586 399 2630 1581—1649),
426 2586 571 2621 saeculo
591 2586 704 2621 XVII.
733 2586 966 2631 conscriptis:
995 2586 1150 2630 Segobia
1178 2586 1360 2630 (Segovia,
1385 2585 1583 2631 Hispaniae
1601 2584 1703 2628 urbs)
1733 2587 1844 2625 ortus,

70 2641 204 2675 Romae
243 2640 437 2684 „magister
472 2641 598 2674 domus
630 2640 744 2674 Marci
779 2639 927 2674 Antonii
954 2639 1156 2674 Cardinalis
1184 2639 1379 2674 Columnae
1414 2639 1586 2674 senioris“
1626 2638 1846 2673 constitutus

69 2699 143 2735 est;
180 2693 307 2728 deinde
332 2694 465 2728 ibidem
491 2694 548 2728 23.
575 2693 668 2727 Iunii
698 2694 788 2729 1566
824 2693 1042 2727 Societatem
1077 2694 1276 2737 ingressus,
1308 2694 1367 2735 „R
1394 2693 1580 2738 Alphonso
1607 2692 1733 2727 Ruizio
1760 2691 1846 2726 Cor-

69 2747 238 2782 dubensi“
268 2747 492 2782 noviciorum
510 2747 710 2791 magistro²
735 2746 939 2781 tirocinium
966 2746 1126 2791 peregit;
1153 2759 1184 2781 a.
1203 2747 1292 2781 1569
1319 2748 1354 2781 in
1374 2747 1604 2782 Germaniam
1623 2746 1845 2791 superiorem

192 2817 221 2849 a)
242 2819 322 2843 Haec
341 2818 510 2849 supplenda
530 2825 591 2843 esse
611 2817 736 2842 ostendit
756 2824 805 2842 res
824 2817 899 2849 ipsa.

192 2914 202 2935 ¹
230 2913 373 2948 Simone
399 2913 593 2947 Thaddaeo
620 2912 708 2947 Eck.

189 2966 203 2987 ²
228 2966 308 3000 Non
335 2966 532 3007 Cordubae,
567 2968 608 3000 ut
634 2968 711 3010 Iyn.
738 2966 911 3009 Agricola
938 2965 972 2999 S.
992 2966 1038 3006 J..
1070 2964 1232 3000 Historia
1267 2964 1481 3000 Provinciae
1507 2966 1541 3001 S.
1570 2966 1603 3000 J.
1631 2965 1847 3000 Germaniae

71 3019 282 3064 Superioris,
319 3020 410 3054 Pars
436 3020 605 3061 secunda,
640 3019 829 3063 Augustae
857 3018 1126 3053 vindelicorum
1155 3019 1255 3059 1729,
1292 3031 1326 3054 n.
1350 3019 1430 3059 368.
1458 3020 1594 3061 scribit,
1621 3019 1685 3054 sed
1712 3019 1847 3053 Romae

69 3073 101 3160 {s
126 3075 213 3108 tunc
238 3073 413 3170 ma)gister
438 3073 661 3108 noviciorum
691 3075 769 3107 erat
797 3072 1023 3117 (Sacchinus,
1050 3072 1145 3107 Hist.
1173 3072 1206 3107 S.
1227 3073 1260 3107 J.
1287 3072 1349 3114 Ill,
1376 3072 1398 3106 l.
1417 3074 1446 3113 1,
1472 3085 1506 3108 n.
1527 3073 1590 3114 55;
1619 3073 1642 3108 l.
1670 3073 1701 3114 2,
1729 3073 1842 3113 n.16;

86 3153 92 3161 .
118 3127 151 3168 4,
177 3139 211 3161 n.
241 3127 282 3161 15
305 3154 312 3161 .
