2044 3335
433 118 529 153 Mon.
556 118 624 154 960
649 118 728 153 sive
753 118 791 153 it.
813 118 903 163 (13).
945 118 1000 153 Ab
1029 119 1058 153 1.
1077 118 1122 153 ad
1150 118 1206 154 15.
1225 117 1380 161 Augusti
1407 117 1511 152 1568.
1774 118 1856 158 585

100 232 204 272 vicio
243 231 423 272 notavit:
465 231 577 272 1568
602 264 611 272 .
637 264 645 273 .
672 265 680 273 .
727 231 763 272 A
788 230 829 271 di
865 231 931 272 15.
957 229 998 271 di
1020 230 1188 283 Agosto
1220 229 1268 271 fu
1299 228 1638 271 raccomandata
1670 227 1696 268 l·
1716 227 1861 269 anima

101 294 171 336 del
202 294 248 337 F.
283 294 501 337 Stanislao
542 294 723 348 polono³
756 295 934 337 defunto
966 294 1009 336 in
1043 297 1169 337 santo
1201 294 1379 336 Andrea
1411 294 1451 335 di
1486 293 1624 335 Roma
1655 294 1681 334 a
1714 292 1755 333 di
1787 306 1860 333 su-

101 359 222 402 detto
256 360 324 402 68.
359 359 624 413 dapertuttO.

218 425 424 466 Eiusdem
466 426 677 467 Stanislai
717 426 847 480 paulo
892 426 1072 480 amplior
1113 425 1160 478 fit
1203 425 1353 466 mentio
1397 426 1440 466 in
1483 425 1657 465 Litteris
1701 424 1858 464 annuis

101 490 331 542 Societatis,
365 490 499 530 Roma
532 491 601 531 31.
625 490 867 531 Decembris
900 491 1016 531 1568
1049 490 1186 530 datis:
1217 489 1454 542 Narratur,
1491 503 1532 530 eo
1565 502 1676 530 armo
1703 488 1862 529 Romae

102 556 154 596 11
198 555 361 596 sodales
401 556 487 595 vita
528 556 761 596 excessisse.
824 553 964 596 Multa
1006 555 1165 603 essent,
1208 567 1318 606 quae
1353 553 1404 594 de
1437 553 1618 606 singulis
1651 553 1706 594 ad
1744 566 1861 594 com-

99 632 270 660 munem
292 618 527 661 utilitatem
548 618 733 672 proferri
756 621 948 672 possent,
971 617 1229 672 praesertim
1247 631 1351 659 uero
1375 618 1427 659 de
1446 617 1664 660 Stanislao
1684 617 1858 667 Polono,

99 683 376 725 adolescente
408 682 550 724 animo
583 697 633 725 ac
659 683 907 734 uirtutibus,
941 697 1069 736 quam
1093 682 1305 736 sanguine
1327 696 1378 724 ac
1411 683 1618 736 progenie
1640 681 1860 723 nobiliori:

99 748 257 790 etenim
291 750 340 789 vt
371 747 463 789 uita
495 747 691 789 omnibus
723 747 807 790 fuit
837 748 1063 802 praeclaro
1097 747 1308 800 exemplo,
1353 746 1416 789 ita
1448 761 1563 788 mors
1595 746 1861 799 singularem

99 812 250 855 attulit
282 812 638 863 aedificationem,
671 827 822 854 verum
844 812 977 855 missa
1008 812 1115 854 haec
1136 812 1262 863 facio,
1298 812 1410 865 quod
1443 811 1651 865 peculiari
1674 811 1859 864 quadarn

98 877 282 931 epistola
315 877 511 918 omnibus
543 877 677 919 fuerit
707 877 954 931 significata
985 876 1058 927 (ex
1080 879 1263 932 exemplo
1286 877 1421 920 eiusd.
1444 882 1564 931 temp.
1577 892 1594 930 ,·
1615 877 1735 919 Rom.
1760 876 1859 929 127,

97 943 216 996 VIII,
246 957 288 996 p.
323 944 511 984 10-11.
575 944 739 984 Eadem
767 945 909 997 posuit
940 943 1178 984 Ubaldiuus
1210 944 1235 985 l.
1270 958 1302 984 c.
1336 943 1413 984 XI
1438 943 1559 995 455).

218 1005 564 1059 „Particulares“
590 1008 674 1049 sive
705 1008 905 1062 speciales
937 1008 1015 1049 has
1047 1009 1210 1049 litteras
1232 1008 1369 1049 Roma
1390 1022 1444 1049 m.
1468 1008 1656 1061 Auqusto
1680 1021 1719 1048 a.
1745 1007 1861 1047 1568

100 1073 218 1113 iussu
250 1072 293 1114 S.
328 1071 551 1112 Francisci
583 1072 767 1127 Boryiae
795 1074 1028 1127 praepositi
1062 1074 1272 1128 yeueralis
1306 1073 1365 1113 acl
1398 1073 1539 1114 Socios
1572 1085 1711 1113 omues
1744 1071 1860 1112 (ledit

94 1137 234 1178 Iulius
268 1136 432 1188 Fatius,
466 1137 539 1191 qui
573 1151 614 1178 eo
646 1142 825 1192 tempore
856 1139 900 1179 iu
937 1138 1055 1179 domo
1085 1138 1347 1192 probationis
1381 1138 1438 1178 ad
1471 1138 1513 1180 S.
1542 1137 1747 1178 Andreae
1779 1137 1860 1177 sita

97 1203 298 1255 mayister
328 1202 585 1242 noviciorum
628 1206 731 1244 erat.
794 1202 962 1244 Earum
994 1207 1132 1244 autem
1165 1204 1353 1257 exempla
1386 1217 1516 1244 mauu
1549 1204 1709 1257 scripta
1741 1200 1859 1255 (quo-

95 1281 189 1308 rum
220 1267 421 1320 pleraque
453 1267 589 1307 latina
619 1266 756 1320 fuisse
779 1268 942 1318 censeo)
963 1269 1126 1322 perisse
1149 1269 1373 1317 videntur,-
1405 1269 1514 1322 typis
1537 1272 1675 1309 autem
1691 1267 1861 1321 primus

97 1345 168 1373 eas
213 1332 397 1385 vulqavit
440 1331 489 1373 P.
535 1332 709 1373 Gabriel
756 1332 807 1373 (le
847 1334 1034 1374 Aranda
1068 1334 1110 1375 S.
1144 1333 1186 1375 J.
1221 1335 1266 1374 in
1305 1333 1441 1384 „Victa
1481 1347 1508 1387 y
1548 1334 1750 1386 rriilafflos
1795 1333 1862 1373 clel

94 1396 147 1439 B.
181 1396 427 1437 Estauislao
460 1396 639 1449 Kostlca,
685 1397 735 1438 cle
769 1398 812 1438 la
847 1398 1081 1452 Compar‘ii'a
1123 1399 1174 1439 cle
1206 1397 1375 1451 Jesus“,
1418 1398 1572 1439 Sevilla
1606 1398 1749 1449 1678,-
1789 1397 1862 1438 ubi

94 1461 246 1502 Fatius
287 1462 388 1502 haec
419 1466 599 1503 narrat:
640 1461 818 1511 Quando
859 1462 975 1515 llego
1014 1466 1108 1505 este
1140 1476 1231 1504 mes
1265 1463 1316 1504 de
1348 1462 1530 1515 Agosto,
1575 1476 1652 1503 con
1687 1461 1860 1503 ocasion

95 1526 147 1567 de
190 1539 275 1567 una
315 1525 521 1579 platica1,
565 1540 647 1579 que
689 1526 782 1568 hizo
825 1541 878 1568 en
920 1530 1012 1570 este
1053 1528 1281 1569 noviciado
1323 1530 1501 1569 nuestro
1543 1527 1684 1569 Padre
1719 1526 1859 1567 Pedro

95 1590 279 1642 Canisio,
322 1605 369 1633 se
401 1591 608 1633 encendio
651 1591 704 1633 de
742 1606 921 1634 manera
953 1606 1005 1634 en
1039 1593 1164 1634 vivos
1197 1593 1350 1634 deseos
1383 1593 1451 1634 del
1493 1592 1703 1642 martirio,
1746 1606 1775 1645 y
1808 1591 1860 1633 de

95 1655 202 1697 salii·
234 1656 360 1698 desta
390 1655 504 1706 vida,
539 1670 621 1710 que
655 1658 987 1711 contemplando
1021 1658 1059 1699 el
1093 1658 1145 1700 de
1178 1658 1265 1700 San
1297 1658 1490 1712 Lorenco
1523 1658 1566 1700 la
1599 1658 1775 1712 vispera
1808 1656 1862 1698 de

94 1735 145 1763 su
178 1721 261 1772 dia,
294 1722 335 1763 le
369 1721 438 1763 dio
465 1736 521 1763 un
555 1722 761 1776 desmayo
784 1723 956 1773 mortal,
986 1725 1111 1777 junto
1145 1738 1225 1765 con
1258 1723 1506 1766 calenturas
1538 1725 1585 1775 (l.
1611 1739 1643 1765 c.
1672 1738 1714 1778 p.
1738 1724 1860 1774 250).

212 1790 325 1825 Iulius
351 1790 475 1825 Fatius
504 1791 631 1835 (Fatio,
658 1791 779 1836 Fazio)
814 1792 1075 1837 neapolitanus,
1109 1795 1217 1827 natus
1252 1805 1283 1827 a.
1310 1793 1455 1827 circiter
1483 1793 1584 1832 1537,
1620 1793 1655 1827 in
1683 1791 1862 1826 Societate

94 1844 321 1886 gravissimis
346 1845 553 1879 muneribus
587 1846 733 1879 functus
769 1847 841 1886 θεὶς
880 1846 1026 1880 Genuae
1061 1848 1097 1880 et
1123 1846 1243 1880 Monte
1270 1846 1397 1890 Regali
1426 1846 1624 1890 (Monreale
1658 1846 1694 1880 in
1722 1844 1859 1888 Sicilia)

94 1900 212 1932 rector
229 1897 371 1941 collegii
396 1898 475 1939 fuit,
501 1898 695 1943 provinciis
713 1898 858 1940 siculae,
886 1902 1048 1942 venetae,
1075 1899 1325 1944 neapolitanae
1344 1899 1512 1945 praefuit,
1539 1899 1729 1934 Societatis
1747 1910 1862 1933 secre-

93 1951 226 1985 tarium
251 1951 317 1985 sub
344 1951 526 1986 Everardo
552 1952 777 1986 Mercuriano
804 1953 1007 1998 praeposito
1033 1953 1193 1996 generali
1228 1965 1292 1998 per
1325 1954 1465 1997 aliquot
1499 1964 1611 1988 annos
1638 1953 1733 1997 egit;
1769 1964 1861 1986 anno

97 2005 187 2039 1596
213 2006 337 2038 sancto
364 2005 520 2039 excessit
546 2005 643 2040 obitu
674 2006 793 2049 (Gius.
814 2008 898 2040 Ant.
923 2008 1141 2050 Patriyuani
1167 2007 1201 2041 S.
1221 2007 1265 2048 J.,
1292 2006 1493 2050 Menologio
1520 2006 1615 2040 della
1642 2005 1863 2051 Compagnia

94 2057 256 2153 (Ιίἐζθὲῗὲ),
283 2059 336 2092 ed.
360 2060 401 2092 G.
420 2060 534 2093 Boero
560 2059 594 2094 S.
615 2059 648 2093 J.
675 2059 700 2101 Ι,
728 2059 840 2094 Roma
862 2060 962 2101 1859,
989 2061 1140 2094 92—93.
1177 2061 1442 2104 Somnwrwyel,
1470 2060 1561 2095 Bibl.
1580 2060 1631 2094 Ill
1657 2059 1862 2100 581-582;

214 2174 256 2214 2.
291 2172 338 2215 Ρ.
364 2172 621 2215 Frarzciscus
643 2174 878 2215 Sacchircus
912 2173 1249 2227 (1570—16‘25)
1273 2176 1492 2218 Societatis
1514 2175 1610 2216 Iesu
1639 2174 1863 2216 historicus

99 2238 145 2279 iu
186 2238 292 2279 libro
338 2238 459 2290 „Vita
500 2238 552 2281 Β.
594 2239 804 2280 Stanislai
844 2239 1032 2281 Kostlcae
1068 2240 1220 2281 Poloui
1262 2255 1281 2281 e
1320 2241 1524 2282 Societate
1564 2240 1668 2292 Iesv,
1710 2241 1864 2281 Avtore

98 2302 329 2344 Francisco
362 2303 579 2355 Sacchina
614 2305 832 2346 Societatis
871 2305 1050 2347 eiusdem
1083 2305 1350 2358 Sacerdote“,
1384 2305 1640 2360 Inqolstadii
1673 2319 1711 2346 a.
1747 2306 1863 2345 1609

94 2369 283 2422 primum
318 2369 439 2419 edito,
474 2369 576 2410 haec
604 2374 759 2410 narrat
792 2370 850 2423 (p.
871 2370 948 2421 45)
982 2371 1033 2411 cle
1055 2375 1195 2423 morte,
1231 2385 1358 2425 quam
1390 2372 1458 2412 ille
1481 2371 1640 2412 Romae
1672 2372 1716 2411 iu
1745 2370 1864 2410 domo

92 2432 356 2487 probationis
389 2434 446 2475 ad
484 2435 528 2476 S.
561 2435 764 2475 Andreae
796 2435 966 2475 condita
1000 2449 1037 2478 a.
1064 2437 1180 2477 1568
1212 2436 1311 2476 obiit
1345 2435 1419 2488 (cf.
1455 2450 1587 2490 supra
1606 2449 1649 2490 p.
1673 2437 1699 2477 4
1733 2434 1865 2486 109).-

95 2498 204 2539 Eius
246 2512 301 2539 ex
337 2498 418 2540 hac
453 2498 544 2540 vita
581 2498 797 2552 migratio,
841 2499 924 2540 duo
966 2498 1117 2542 habuit
1158 2499 1409 2553 singularia.
1473 2500 1662 2541 Primum
1702 2513 1787 2541 non
1819 2499 1862 2540 vi

94 2562 299 2614 naturali,
342 2563 418 2605 sed
461 2563 605 2605 diuino
644 2566 819 2618 praeter
852 2563 1043 2606 ordinem
1077 2564 1196 2606 iussu
1229 2564 1481 2607 existimata
1514 2568 1581 2607 est
1614 2564 1861 2618 contigisse.

95 2628 274 2679 Deinde,
318 2631 363 2670 et
403 2629 648 2683 praesensit
690 2643 798 2678 eam,
842 2630 887 2671 et
927 2629 1146 2683 praedixit
1183 2630 1440 2681 Stanislaus‚
1483 2629 1569 2672 imo
1612 2630 1742 2673 etiam
1784 2629 1864 2671 im-

96 2695 294 2746 petrasse
327 2694 576 2736 coniectura
609 2697 689 2736 est.
743 2695 906 2736 Eadem
934 2709 1115 2749 prorsus
1146 2701 1245 2737 suut
1277 2697 1322 2737 iu
1355 2696 1543 2737 eiusdem
1580 2694 1749 2747 „Vitae“
1777 2695 1864 2737 eoli-

96 2759 206 2800 tione
237 2759 492 2814 Irzqolstadii
525 2775 563 2801 a.
599 2762 712 2801 1611
744 2760 862 2813 facta
896 2762 956 2814 (p.
981 2762 1206 2811 47—48).·
1237 2761 1381 2816 Neque
1416 2761 1582 2803 Canisii
1614 2762 1750 2802 oratio
1783 2762 1866 2802 sive

99 2824 330 2866 exhortatio
367 2826 412 2866 in
454 2826 520 2867 his
562 2826 684 2867 libris
717 2830 1078 2868 commemoratur.
1140 2826 1293 2867 Verum
1335 2829 1381 2868 iu
1416 2826 1538 2879 „Vita
1570 2827 1623 2869 B.
1657 2827 1866 2868 Stauislai

97 2888 285 2931 Kostlcae
316 2890 466 2932 Potoni
501 2905 519 2931 e
550 2891 754 2932 Soeietate
785 2891 897 2942 Iesu,
931 2892 1113 2932 Auctore
1146 2892 1375 2933 Francisco
1408 2893 1615 2934 Saccliiuo
1647 2893 1866 2935 Societatz's

216 2965 245 2995 a)
266 2966 348 2989 Inter
367 2963 520 2989 Stanislao
542 2968 567 2989 et
587 2964 698 2997 polono
719 2972 808 2989 manu
823 2965 986 2996 posteriore
1002 2965 1133 2996 positum
1153 2968 1211 2990 est:
1231 2964 1361 2993 Kostka.

220 3048 230 3068 ¹
255 3047 308 3082 De
334 3047 448 3082 sacris
483 3048 792 3082 exhortationibus
827 3047 925 3082 hisce
959 3048 1143 3083 mensibus
1177 3061 1241 3094 per
1267 3049 1459 3084 societatis
1495 3050 1617 3084 domos
1653 3060 1819 3084 romanas
1846 3060 1867 3083 a

98 3099 241 3135 Canisio
267 3100 401 3135 habitis
427 3112 462 3136 v.
489 3112 598 3146 supra
624 3113 657 3146 p.
679 3102 757 3136 584.
