2044 3335
144 73 229 114 640
533 70 625 103 Mon.
656 68 743 102 1001
771 68 849 101 sive
875 79 951 101 oen.
973 65 1062 110 (29).
1106 66 1161 101 23.
1181 65 1389 100 Decembris
1417 66 1518 101 1571.

267 187 433 221 Canisius
458 187 496 217 >in
523 186 690 226 contione,
718 194 823 225 quam
851 184 905 215 16.
934 182 1134 215 Decembris
1162 184 1253 215 1571
1280 182 1389 225 (qnae
1418 187 1494 215 erat
1522 182 1711 215 Domim'ca
1737 182 1808 214 ΙΙΙ.
1838 181 1909 214 Ad-

144 241 283 279 ventus)
315 240 504 281 Oeniponte
530 238 566 269 in
592 237 678 269 aula
703 235 933 268 Ferclinandi
950 235 1000 268 Π.
1028 234 1233 268 archiducis
1253 236 1503 278 principisque
1527 235 1706 268 tirolensis
1732 234 1773 266 de
1799 234 1836 267 S.
1854 234 1909 266 Io—

145 303 238 325 anne
263 293 426 334 Baptista
461 289 652 331 discipulos
686 289 733 321 acl
771 287 951 321 Christum
985 288 1137 320 mittente
1164 289 1237 329 (Mt
1263 290 1319 331 11,
1346 288 1483 328 2—11)
1518 287 1677 329 habebat,
1707 287 1911 330 principem

144 346 288 377 eundem
316 345 456 386 eiusque
474 343 701 375 consiliarios
724 343 774 374 sie
791 342 927 374 monuit
937 353 948 373 .·
975 340 1132 374 Joannes
1150 342 1272 374 noster
1290 340 1398 374 etiam
1424 340 1528 374 hodie
1547 340 1652 374 docet
1674 339 1911 382 magistratus

145 408 277 436 omnes,
304 398 344 429 vt
369 394 565 429 secundum
591 405 693 428 suam
719 394 941 427 vocationem
968 393 1122 427 subditis
1147 393 1308 427 tribuant
1333 393 1598 427 solicitudinem
1625 394 1661 426 et
1687 391 1911 435 diligentiam

144 450 180 483 in
206 449 262 483 his
290 460 380 492 quae
407 448 451 481 ad
469 447 574 481 fidem
601 448 791 492 pertinent,
818 449 930 490 vtque
957 446 1181 481 infirmos
1208 447 1249 480 in
1276 447 1374 480 fide
1390 447 1400 467 ²
1425 446 1484 480 vel
1502 458 1565 491 per
1591 457 1629 480 se
1648 445 1707 479 vel
1732 456 1796 489 per
1821 443 1912 478 alios

145 513 274 535 sanare
301 503 426 535 curent
461 502 496 534 et
531 500 760 545 praecipuam
795 511 936 544 semper
971 510 1093 533 curam
1127 499 1283 533 habeant
1319 499 1586 533 conseruandae
1613 509 1720 532 verae
1754 496 1849 542 fidej,
1877 499 1913 530 et

146 554 390 588 defendendae
416 556 540 588 contra
565 553 742 588 hostes..
762 580 769 587 .
819 552 923 586 Nunc
958 564 1066 597 saepe
1100 552 1189 586 nihil
1223 555 1379 594 curatur,
1415 552 1556 586 etiamsi
1591 561 1850 595 cognoscamus
1877 552 1913 583 et

145 607 332 641 videamus
357 607 393 641 in
419 607 531 648 domo,
568 607 604 640 in
630 606 788 647 ciuitate,
823 606 858 639 in
894 605 1039 649 regione
1074 605 1206 640 multos
1242 617 1432 650 peruersos
1467 607 1503 639 et
1537 605 1786 650 peruertentes
1812 602 1913 644 alios,

144 660 396 702 contentiosos,
422 660 654 705 praefractos,
681 659 893 700 ceruicosos,
912 658 972 703 quj
992 659 1124 692 audent
1142 659 1336 704 disputare,
1365 661 1591 693 contemnere
1610 659 1646 691 et
1663 657 1779 690 ridere
1798 658 1911 690 totam

144 713 368 748 Ecclesiama
394 717 430 747 et
456 716 510 747 tot
536 715 757 747 errantes
790 713 925 746 oues²
952 712 1023 745 imo
1049 712 1187 746 animas
1214 711 1439 746 Christianas
1465 711 1598 756 seducj.
1650 710 1727 744 Hoc
1760 720 1830 743 non
1858 710 1914 742 est

145 767 295 801 Joannis
321 766 437 801 zelum
463 766 594 801 habere
605 767 628 807 b,
655 778 724 800 non
760 769 816 800 est
842 765 885 800 ad
913 765 1095 799 Christum
1130 765 1299 799 mittere³
1325 767 1360 799 et
1394 765 1552 799 infirmos
1587 775 1726 805 sanare,
1760 762 1830 796 imo
1857 763 1914 795 est

145 821 284 865 aperire
310 819 463 861 ianuam,
490 823 531 854 vt
557 819 728 864 quilibetc
754 819 829 853 fere
856 818 978 853 credat
1004 819 1097 862 quod
1123 818 1222 859 velit,
1260 818 1353 862 quod
1378 817 1460 863 bonj
1496 818 1732 857 offendantur,
1768 817 1803 849 et
1828 814 1911 848 sim-

145 873 259 918 plices
278 875 542 918 peruertantur‚
568 875 604 907 et
620 885 693 918 pax
710 872 852 917 publica
878 871 1052 912 laedatur,
1079 874 1115 906 et
1132 872 1254 905 variae
1273 871 1442 905 haereses
1468 882 1510 905 ac
1527 873 1648 905 sectae
1674 868 1910 903 inualescant.

145 926 249 960 Vnde
274 927 376 960 tamd
401 926 534 960 multos
560 925 734 960 habemus
759 937 873 966 nunc,
912 925 1041 959 sicut
1075 925 1337 959 arundines
1371 924 1640 968 agitatas⁴³4
1667 925 1703 956 et
1738 931 1912 966 pueros

145 979 492 1020 fluctuantes5,
519 979 647 1023 quibus
673 979 804 1013 debent
828 979 1031 1023 superiores
1056 978 1255 1023 prouidere,
1290 980 1332 1012 vt
1358 978 1394 1011 in
1420 977 1522 1011 domo
1550 975 1683 1021 Christj
1711 976 1880 1008 maneant
1892 973 1910 1015 f,

147 1033 189 1067 ad
226 1032 349 1066 viam
384 1032 645 1067 veritatis⁶
678 1033 896 1066 reducantur
931 1034 967 1065 et
1001 1032 1037 1065 in
1063 1032 1123 1065 via
1158 1043 1246 1065 sana
1281 1031 1545 1065 confirmentur.
1596 1030 1633 1075 Sj
1662 1030 1819 1063 Joannes
1852 1027 1911 1060 ad-

147 1088 253 1127 esset,
280 1086 375 1120 haud
402 1086 507 1120 dubie
532 1086 819 1130 reprehenderet,
845 1085 939 1129 quod
965 1085 1167 1129 superiores
1192 1096 1262 1119 non
1288 1084 1404 1128 magis
1430 1084 1526 1129 cordj
1553 1083 1751 1117 haberentg
1775 1083 1911 1115 statum

145 1139 340 1183 religionis,
376 1140 616 1173 vnitatem
650 1139 795 1183 fidej7
822 1141 857 1173 et
893 1138 1051 1172 debitum
1085 1138 1210 1179 zelum,
1246 1139 1340 1172 sicut
1373 1137 1485 1182 nostrj
1521 1137 1675 1171 maiores
1709 1135 1939 1170 habuerunt*

146 1203 370 1226 communem
397 1193 566 1237 populum
592 1192 636 1226 ab
663 1192 802 1226 Herode
830 1195 863 1226 et
890 1191 1030 1236 haeresj
1058 1191 1282 1236 defendendj,
1317 1203 1361 1225 ne
1396 1190 1585 1224 zizania
1620 1189 1840 1224 seminentur
1866 1188 1912 1220 in

146 1245 297 1279 medio
324 1245 526 1291 triticjss.
577 1248 618 1279 In
646 1247 805 1289 marotiae
831 1246 956 1278 deinde
984 1246 1153 1279 Canisius
1186 1256 1252 1278 sua
1286 1255 1397 1278 manu
1430 1245 1525 1287 haec,
1554 1248 1702 1287 praeter
1727 1243 1813 1285 alia,
1849 1250 1912 1273 rno-

146 1300 249 1332 tavit:
274 1298 419 1333 Nullum
446 1300 614 1333 damnum
641 1299 798 1342 grauius,
825 1298 960 1332 nullum
988 1309 1164 1332 uenenum
1192 1297 1428 1342 pestilentius,
1463 1296 1561 1330 nulla
1595 1296 1709 1340 pestis
1744 1293 1911 1329 uerderb-

146 1351 269 1392 licher,
297 1363 405 1395 quam
431 1352 544 1386 falsae
571 1353 753 1386 doctrinae
780 1352 864 1385 dare
889 1351 1006 1385 locum
1034 1353 1069 1385 et
1094 1351 1301 1395 permittere
1328 1350 1489 1384 homines
1521 1350 1644 1383 uiuere
1671 1350 1707 1382 et
1731 1349 1848 1393 perire
1874 1346 1910 1380 in

146 1416 212 1439 sua
238 1405 398 1450 perfidia.
440 1405 547 1440 Nulla
573 1412 721 1450 peccata
737 1404 854 1448 magis
872 1405 986 1438 Deum
1014 1404 1196 1438 offendunt
1222 1415 1328 1447 quam
1348 1414 1439 1447 quae
1464 1405 1628 1447 pugnant
1654 1404 1777 1436 contra
1803 1400 1910 1434 fidem

146 1460 182 1492 et
208 1458 444 1492 obedientiam
462 1458 657 1493 Ecclesiae.
691 1458 789 1492 Nihil
814 1458 1002 1502 perturbat
1018 1457 1146 1491 bonam
1170 1456 1330 1501 politiam
1349 1458 1384 1490 et
1410 1467 1634 1490 communem
1651 1466 1778 1500 pacem
1795 1454 1912 1496 magis

145 1522 254 1555 quam
279 1511 454 1546 dissensio
482 1512 517 1545 in
543 1512 715 1554 religione
743 1511 781 1555 (l.
809 1522 838 1545 c.
865 1512 889 1545 f.
917 1510 1115 1554 ola-66³).

264 1570 436 1605 Similiter
462 1570 627 1605 Canisius
653 1570 794 1604 dixerat
820 1570 1018 1615 Oeniponte
1045 1570 1077 1603 5.
1103 1569 1260 1613 Augusti
1289 1569 1398 1610 15713
1425 1581 1459 1603 V.
1487 1580 1596 1614 supra
1621 1581 1654 1614 p.
1675 1569 1754 1603 663.

145 1722 278 1758 1001
304 1723 382 1757 sive
411 1731 529 1757 oen.
550 1720 687 1766 (29).
762 1721 818 1757 23.
838 1719 1046 1757 Decembris
1072 1720 1156 1756 1571.

264 1787 319 1820 Ex
346 1786 519 1820 contionis
538 1787 803 1828 commentario,
830 1798 850 1820 a
870 1785 1012 1820 Canisio
1039 1786 1173 1820 dictato
1200 1787 1235 1820 et
1256 1785 1452 1829 recognito.
1488 1785 1572 1820 Can.
1593 1786 1635 1820 51
1657 1786 1682 1820 f.
1709 1797 1779 1820 non
1804 1787 1910 1830 sign„

145 1840 238 1884 quod
265 1843 320 1874 est
344 1839 437 1873 inter
462 1840 486 1874 f.
511 1841 554 1874 69
582 1842 617 1874 et
644 1841 699 1875 70.

267 1905 434 1938 Canisius
455 1905 643 1948 Oeniponte
669 1917 711 1938 ex
735 1916 838 1938 sacro
854 1909 1012 1948 sziyyestn
1039 1904 1156 1946 fideles
1179 1904 1355 1947 hortatur,
1383 1915 1424 1937 ne
1449 1909 1581 1938 noctem
1598 1904 1744 1938 Natalis
1761 1905 1912 1938 Domini

144 1960 213 1991 sive
238 1959 511 2001 intemperantia
537 1961 606 1991 sive
630 1959 938 2002 superstitionibus
963 1958 1173 2001 quibusdam
1194 1958 1371 2000 polluant.

267 2024 435 2057 Canisius
464 2024 653 2066 Oeniponte
678 2024 734 2056 clie
758 2026 814 2057 23.
842 2023 1043 2057 Decembris
1070 2025 1171 2063 1571,
1201 2033 1289 2065 qnae
1315 2027 1391 2055 erat
1417 2023 1606 2055 Dominiea
1633 2023 1698 2057 IV.
1718 2023 1909 2067 Adventus,

146 2088 224 2109 cum
250 2087 293 2109 ex·
318 2087 420 2109 sacro
445 2081 605 2120 suqyestu
629 2077 745 2119 fideles
771 2077 818 2109 a<l
843 2076 1008 2109 Natalem
1034 2077 1182 2109 Domini
1209 2077 1272 2118 pie
1307 2076 1481 2118 ayemlnm
1516 2076 1778 2120 exhortaretur,
1814 2076 1909 2119 haec,

142 2134 287 2172 praeter
321 2130 412 2172 alia,
447 2141 502 2163 eos
535 2131 692 2163 monuit:
729 2129 829 2172 Rogo
868 2131 903 2163 et
941 2129 1113 2162 admoneo
1148 2139 1281 2168 omnes,
1310 2156 1344 2162 ..
1365 2130 1431 2162 ‚vt
1465 2140 1534 2162 non
1576 2129 1762 2162 imitentur
1799 2128 1910 2162 falsos

146 2182 381 2223 Christianos,
408 2183 467 2227 quj
495 2183 627 2217 multos
653 2184 689 2216 et
714 2194 846 2226 graues
873 2182 1005 2216 abusus
1032 2183 1125 2216 circa
1151 2181 1223 2215 tale
1255 2182 1390 2216 festum
1425 2182 1653 2216 committunt
1688 2185 1724 2216 et
1758 2182 1911 2227 turpiter

145 2247 184 2269 se
210 2239 341 2279 gerunt
365 2241 439 2269 tam
465 2238 589 2270 sancto
614 2239 785 2280 tempore.
826 2235 977 2277 Quidam
1002 2247 1072 2269 non
1098 2238 1268 2269 verentur
1294 2238 1397 2269 nocte
1423 2235 1588 2269 natalitia
1614 2235 1736 2269 ludere
1763 2238 1798 2269 et
1824 2235 1910 2269 leui-

145 2291 240 2323 tates
276 2300 442 2323 exercere
469 2301 548 2323 cum
575 2290 727 2334 primum
763 2301 807 2322 ex
841 2289 975 2334 templo
1002 2288 1158 2329 veniant,
1195 2288 1315 2322 illicoh
1341 2288 1516 2333 incipiunt
1540 2289 1695 2323 seruirei
1721 2288 1839 2334 ventrj
1867 2300 1909 2322 zu

146 2343 285 2376 fressen
311 2342 408 2376 vnnd
434 2354 478 2376 zu
503 2342 723 2377 schlemmen
750 2345 786 2376 et
819 2343 854 2376 in
889 2342 1122 2385 sequentibus
1157 2342 1261 2376 festis
1286 2342 1399 2376 multo
1434 2342 1549 2386 magis
1576 2342 1740 2376 daemoni
1766 2341 1911 2387 placent

146 2397 182 2428 et
207 2396 370 2429 seruiunt
395 2407 501 2440 quam
521 2396 664 2430 Christo
690 2398 835 2441 propter
853 2396 1036 2440 crapulam
1064 2397 1099 2429 et
1117 2395 1338 2437 ebrietatem,
1366 2395 1551 2429 lasciuiam
1576 2397 1612 2429 et
1637 2395 1908 2440 impudicitiam,

146 2448 305 2483 choreas.
349 2448 407 2483 Sic
432 2449 467 2482 in
494 2461 600 2483 carne
626 2449 765 2491 finiunt,
792 2451 885 2493 quod
912 2450 947 2482 in
974 2449 1102 2494 spiritu
1127 2449 1338 2494 inceperunt
1351 2449 1373 2489 ⁹,
1401 2449 1503 2493 quasi
1529 2448 1688 2482 ridentes
1713 2451 1826 2482 totam
1845 2449 1909 2483 Ec-

147 2501 303 2536 clesiam.
346 2502 417 2547 Alij
445 2502 578 2536 habent
604 2506 639 2536 et
665 2505 834 2536 exercent
860 2514 944 2536 suas
971 2502 1257 2547 superstitiones,
1284 2502 1477 2536 obseruant
1502 2501 1676 2543 vmbram,
1705 2502 1910 2536 auscultant

147 2555 176 2600 sj
204 2566 330 2589 sonum
356 2555 392 2589 in
417 2555 559 2590 stabulo
585 2557 742 2597 audiant,
769 2559 804 2590 et
829 2556 949 2590 nescio
977 2567 1066 2600 quas
1097 2555 1187 2589 alias
1214 2567 1326 2589 vanas
1362 2555 1521 2589 curiosas
1556 2554 1824 2589 obseruationes
1851 2555 1909 2589 acl-

267 2632 294 2661 a)
318 2634 382 2657 outo
402 2640 445 2657 vv.
465 2640 523 2664 sqq.
544 2633 579 2656 ab
605 2632 668 2663 'ipso
688 2632 716 2657 C.
737 2640 829 2663 supra
856 2639 970 2656 versum
990 2632 1102 2663 scripta
1121 2635 1196 2656 snut.
1271 2631 1301 2662 b)
1323 2632 1387 2656 Duo
1409 2639 1449 2656 ziz).
1469 2639 1526 2663 sqq.
1547 2631 1582 2656 ab
1603 2632 1665 2663 ripso
1686 2632 1714 2656 C.
1735 2639 1827 2662 supra
1847 2639 1909 2656 ver-

147 2681 210 2697 sum
235 2673 347 2704 scripta
372 2676 448 2698 sunt.
551 2675 577 2704 c)
604 2674 741 2704 Sequitur
760 2679 841 2702 uere,
867 2673 955 2697 oblitt.
1060 2672 1090 2704 d)
1116 2674 1164 2697 Ita
1191 2674 1220 2698 C.
1240 2673 1367 2698 correxit
1391 2681 1428 2697 ea·
1447 2671 1527 2698 Tam.
1631 2672 1659 2704 e)
1685 2672 1817 2704 agitatos
1843 2673 1909 2698 libr.

148 2713 176 2744 f)
197 2713 317 2738 maneat
337 2715 401 2739 libr.
476 2718 504 2746 g)
525 2713 653 2739 haberet
672 2714 738 2739 libr.
811 2713 841 2746 h)
863 2715 907 2739 Ita
929 2714 1044 2739 omnino
1066 2715 1180 2739 videtur
1199 2714 1401 2746 corriyendnm
1423 2722 1483 2739 esse
1503 2722 1538 2739 ex
1552 2713 1622 2745 illie,
1642 2714 1716 2745 quod
1726 2715 1826 2745 posuit
1841 2714 1908 2738 libr.

149 2754 169 2785 i)
191 2754 303 2779 sentire
324 2756 389 2781 libr.

271 2890 278 2908 ¹
306 2888 394 2922 Rom
423 2890 476 2930 14,
504 2891 534 2923 1.
681 2891 693 2910 ²
721 2891 736 2924 1
766 2890 852 2924 Petr
878 2890 909 2931 2,
936 2890 999 2924 25;
1028 2890 1073 2925 cf.
1100 2890 1149 2924 ΡΞ
1177 2890 1254 2927 118,
1284 2891 1369 2930 176;
1396 2890 1430 2924 Is
1457 2890 1511 2932 53,
1539 2891 1559 2925 6
1587 2892 1654 2924 etc.

270 2941 282 2960 ³
309 2942 361 2975 Cf.
389 2942 442 2975 Mt
470 2944 523 2983 11,
551 2943 570 2976 2
598 2943 637 2983 3;
666 2943 714 2977 Lc
741 2944 771 2984 7,
800 2944 853 2977 19.
1000 2946 1012 2963 ⁴
1039 2943 1093 2977 Mt
1121 2944 1173 2984 11,
1201 2944 1232 2978 7.
1267 2943 1315 2977 Lc
1343 2944 1373 2984 Ἰ,
1400 2944 1455 2977 24.
1601 2945 1615 2962 ⁵
1641 2942 1720 2988 Eph
1745 2944 1776 2985 4,
1806 2944 1860 2978 14.

269 2994 281 3013 ⁶
306 2994 379 3027 Tob
409 2996 436 3035 l,
464 2996 495 3028 2.
547 2995 594 3029 Ps
623 2997 699 3037 118,
726 2996 782 3030 30.
833 2996 902 3041 Sap
930 2998 961 3037 5,
989 2998 1020 3031 6.
1072 2996 1093 3030 2
1118 2996 1204 3030 Petr
1229 2997 1261 3038 2,
1289 2998 1321 3030 2.
1467 2997 1480 3017 ⁷
1504 2996 1585 3041 Eph
1610 2997 1642 3038 4,
1672 2997 1725 3030 13.

270 3047 282 3066 ⁸
309 3047 362 3080 Mt
391 3048 443 3087 13,
470 3048 524 3081 25.
671 3050 683 3068 ⁹
709 3049 762 3083 Cf.
791 3048 857 3083 Gal
884 3050 914 3090 3,
943 3050 974 3084 3.
