2044 3335
149 92 234 134 388
313 89 414 125 1704.
442 88 527 124 Can.
556 89 594 124 Ρ.
614 88 770 134 Hoffaeo.
814 88 978 131 Augusta
998 87 1104 122 Vind.
1123 99 1169 122 m.
1188 88 1261 122 Ian.
1281 88 1339 122 vel
1365 88 1510 122 ineunte
1535 87 1636 123 Febr.
1657 88 1758 123 1570.

149 208 419 262 repetuntur.
483 205 700 247 Fortassis
743 203 874 246 etiam
918 204 1147 258 prolixitas
1193 205 1335 259 operis
1375 219 1460 247 non
1501 219 1663 260 paucos
1710 204 1912 248 offendet.

150 272 217 314 Ad
249 271 369 325 uulgi
402 270 573 324 quidem
607 271 782 324 captum
815 268 924 310 liber
945 270 1085 323 magis
1108 270 1522 320 accommodaretur,
1556 270 1593 312 si
1625 284 1679 313 ex
1710 272 1779 312 tot
1799 272 1914 312 tam-

149 350 230 391 que
263 336 404 389 longis
436 335 613 377 Patrum
654 333 917 388 testimonijs
959 347 1070 387 quae
1104 334 1307 384 citantur,
1349 335 1584 390 praecipua
1616 334 1760 389 capita
1793 334 1913 376 colli-

148 403 356 456 gerentur
396 402 440 442 et
472 400 845 449 confirmarentur,
887 400 931 441 et
963 413 1119 453 scopus
1151 399 1467 442 Catechisticae
1510 400 1732 442 doctrinae
1764 399 1912 442 sedulo

149 466 427 508 retineretur.

267 529 421 572 Aedite
462 531 564 572 sunt
603 542 741 583 nuper
773 528 1008 571 Conciones
1050 529 1232 583 quedam
1275 531 1377 572 ante
1418 529 1578 573 multos
1620 543 1755 571 annos
1787 542 1813 571 a
1844 542 1913 571 me

150 595 421 649 conscriptae
454 596 499 637 et
529 594 573 636 in
604 594 715 636 hanc
737 607 894 636 nouam
927 593 1110 636 formam
1133 596 1183 636 vt
1209 593 1365 636 uidetis
1388 594 1621 647 euulgatae
1637 595 1662 645 1,
1696 593 1776 635 nisi
1799 593 1913 635 forte

148 660 245 703 illas
278 659 395 714 prius
428 659 693 713 accepistis³.
731 659 844 702 mitti
876 658 919 700 in
951 658 1170 713 patriam2
1200 662 1394 713 possunt,
1429 658 1465 701 si
1497 658 1733 701 uolueritis.
1787 649 1913 700 Nunc

150 725 250 779 quia
281 725 406 779 plura
437 738 522 766 non
551 724 654 767 licet
677 737 808 777 cogor
829 724 1086 778 abrumpere
1109 737 1262 777 meque
1284 723 1443 766 uestris
1467 724 1654 765 omnium
1686 723 1913 778 praecibus

149 790 333 833 Domino
381 789 695 832 commendare.
758 789 800 830 Is
842 788 1028 842 gratiam
1073 788 1195 831 nobis
1237 802 1358 831 suam
1401 789 1627 831 confirmet
1668 791 1913 842 augeatque

150 869 333 910 semper,
366 857 416 897 vt
446 854 529 908 ipsi
559 854 639 897 hoc
671 868 783 896 anno
805 853 992 896 fideliter
1013 853 1312 896 inseruiamus.
1356 854 1584 907 Augustae
1608 855 1691 897 .15.
1715 853 1911 908 Januarij

152 922 294 965 ·1570·
1044 954 1205 997 Seruus
1237 954 1278 996 in
1312 954 1481 997 Christo
1514 954 1561 998 P.
1585 954 1793 997 Canisius.

269 1038 296 1090 η’·
328 1036 581 1080 Reuerendo
614 1036 657 1078 in
690 1036 851 1078 christo
883 1035 1005 1079 Patri
1027 1036 1252 1078 Leonardo
1284 1036 1439 1078 Kessel
1472 1036 1744 1087 Louaniensi,
1779 1036 1912 1078 Prae-

150 1103 291 1158 posito
333 1116 480 1144 eorum
528 1101 599 1155 qui
647 1104 747 1143 sunt
789 1101 1019 1144 Societatis
1060 1101 1204 1144 IESV.
1278 1101 1479 1144 Coloniae
1526 1102 1569 1143 in
1619 1115 1732 1144 noua
1773 1101 1912 1143 Bursa

151 1168 429 1210 Coronarum.

151 1304 305 1342 1704.
380 1305 596 1340 CANISIUS
623 1304 683 1340 P.
705 1303 932 1341 PAULO
960 1303 1286 1340 HOFFAEO
1316 1303 1368 1341 S.
1389 1304 1443 1340 J.
1470 1306 1673 1351 praeposito
1698 1305 1913 1351 provinciali

341 1359 554 1394 Germaniae
580 1359 787 1404 superioris.

554 1413 721 1456 Augusta
738 1411 1007 1446 Vindelicorum
1033 1421 1079 1446 m.
1098 1411 1264 1446 Ianuario
1291 1411 1350 1445 vel
1377 1411 1522 1445 ineunte
1548 1411 1742 1446 Februario
1763 1411 1864 1446 1570.

271 1483 326 1517 Ex
350 1483 552 1517 litterarum
578 1482 727 1517 Polanci
762 1481 968 1527 apographo
1004 1481 1126 1516 eodem
1161 1481 1236 1515 fere
1270 1483 1430 1526 tempore
1465 1481 1599 1526 scripto
1635 1483 1670 1515 et
1703 1492 1748 1515 ex
1774 1480 1913 1515 Hoffaei

153 1537 306 1583 epistula
333 1536 568 1581 autographa.
604 1535 723 1570 Germ.
751 1536 795 1570 70
822 1536 845 1569 f.
873 1533 933 1570 601³
960 1537 996 1569 et
1023 1535 1064 1570 G.
1092 1535 1156 1580 Ep.
1174 1534 1225 1568 XI
1251 1535 1275 1570 f.
1295 1535 1393 1570 20711.

271 1608 310 1642 P.
331 1608 601 1641 Stevordiammz
630 1618 699 1640 non
726 1617 795 1640 esse
820 1608 858 1639 in
889 1606 1120 1639 Germaniam
1145 1606 1363 1649 superiorem
1389 1606 1634 1639 revocandum.

272 1668 312 1701 P.
330 1668 483 1701 Ioannes
507 1667 548 1700 de
568 1666 720 1700 Polanco
740 1666 925 1699 Societatis
949 1666 1162 1698 secretarius
1179 1665 1351 1697 mandatu
1370 1666 1407 1698 S.
1425 1665 1463 1698 F
1461 1666 1618 1698 raneisci
1634 1666 1788 1708 Boryiae
1806 1675 1913 1707 prae·

148 1722 257 1765 positi
279 1721 455 1764 yeneralis
480 1721 593 1765 Roma
619 1722 675 1752 24.
695 1720 867 1752 Ianuarii
885 1721 978 1752 1570
1003 1719 1042 1752 P.
1060 1719 1174 1751 Panlo
1192 1719 1342 1761 Hoffaeo
1373 1719 1588 1751 Germaniae
1611 1719 1809 1761 superioris
1831 1728 1914 1761 pro-

152 1775 301 1808 vinciali
315 1776 366 1807 sic
382 1774 525 1816 scripsit
543 1774 583 1806 de
601 1773 640 1806 P.
655 1773 817 1806 Martino
837 1773 1068 1806 Stevordiano
1090 1772 1123 1805 S.
1138 1772 1175 1805 J.
1195 1772 1435 1805 contionatore
1451 1773 1664 1815 monacensi,
1684 1773 1745 1815 qm*
1762 1783 1794 1805 a.
1812 1774 1914 1813 1569,

155 1829 299 1862 Alberto
325 1828 362 1860 V.
390 1828 570 1860 Bavariae
604 1827 689 1859 duce
723 1831 752 1859 et
788 1827 930 1868 Simone
970 1825 1159 1858 leaddaeo
1193 1825 1270 1858 Ει-Ῐε
1303 1825 1378 1857 eius
1412 1824 1624 1858 cancellario
1652 1826 1916 1868 praecipuoque

154 1881 361 1914 consiliario
397 1880 697 1922 consentientibus,
733 1881 781 1912 ad
814 1884 948 1922 tempus
976 1879 1171 1921 Coloniam,
1205 1882 1245 1911 ut
1277 1878 1342 1911 snb
1376 1878 1414 1911 P.
1433 1878 1622 1911 Leonem-do
1649 1878 1769 1911 Kessez
1802 1888 1916 1911 mores

155 1935 362 1977 emendaret,
391 1934 471 1966 inde
487 1933 710 1976 Herbipolirn
736 1933 783 1965 ad
809 1933 985 1966 contiones
1010 1933 1047 1965 in
1067 1932 1209 1965 ecclesia
1236 1930 1429 1964 cathedrali
1454 1931 1644 1974 habendas,
1671 1935 1709 1963 ut
1726 1931 1915 1964 Frz'derc'co

153 1999 176 2021 a
194 1988 370 2030 lVirsbery
395 1986 606 2019 vehementer
631 1986 670 2018 rid
688 1986 823 2028 petenti
839 1986 1035 2027 satisfieret,
1062 1986 1190 2017 nn'ssns
1215 1988 1291 2017 erat
1318 1985 1366 2025 (r.
1385 1995 1497 2026 supra
1514 1996 1549 2026 2).
1565 1984 1653 2023 329)
1668 2001 1714 2007 -—
1727 1989 1916 2027 utrumque

155 2042 334 2084 collegium
361 2041 408 2072 ad
427 2040 652 2082 provinciam
677 2039 888 2080 rhenanam,
916 2049 1021 2081 quam
1042 2038 1079 2071 P.
1099 2038 1279 2071 Antonius
1296 2037 1407 2071 Vinclr
1432 2037 1604 2080 reyebat3,
1626 2037 1824 2080 pertinebat
1849 2049 1916 2069 —.·

158 2095 322 2139 „Quanto
348 2093 384 2126 al
410 2093 526 2126 Padre
551 2092 722 2133 Mar-tino,
753 2092 878 2124 uedasi
904 2091 962 2124 che
989 2101 1059 2124 non
1083 2091 1116 2123 si
1140 2091 1283 2123 mant-hi
1308 2091 1363 2123 del
1387 2095 1508 2124 nostro
1534 2090 1657 2132 debito,
1684 2095 1815 2134 quanto
1842 2090 1915 2123 alla

154 2158 332 2191 promessa
357 2148 449 2189 satta
469 2146 528 2178 aZl’
543 2146 797 2179 Jllustrissimo
815 2145 929 2187 Dnca,
956 2154 1017 2177 con
1046 2145 1142 2176 mala
1167 2144 1398 2186 sodisfatione
1422 2154 1500 2185 sua,
1527 2144 1546 2176 ὸ
1572 2144 1656 2177 delli
1679 2144 1759 2177 suoi
1778 2145 1916 2186 princi-

153 2202 232 2244 pali
257 2200 424 2242 ministri,
460 2199 514 2232 del
539 2202 628 2232 resto
655 2199 692 2230 V.
712 2199 755 2231 R.
781 2199 813 2230 εἰ
838 2202 950 2240 patra
976 2198 1151 2230 acordare
1177 2197 1252 2230 co'l
1279 2197 1508 2230 Prouinciale
1533 2197 1588 2230 del
1612 2196 1745 2239 Rheno,
1780 2197 1807 2229 il
1833 2197 1917 2240 qual

156 2266 228 2288 non
263 2253 408 2296 deutera,
444 2263 507 2286 con
542 2252 661 2284 danao
697 2252 738 2283 de
771 2261 837 2283 sna
870 2251 1058 2293 prouintia
1093 2251 1272 2293 ritenerlo,
1308 2255 1337 2283 et
1362 2261 1467 2283 senza
1497 2251 1629 2293 dunno,
1663 2250 1859 2283 nolunffere‘
1885 2250 1916 2282 lo

276 2318 303 2348 a)
324 2318 380 2342 Sex·
401 2324 442 2341 vr.
463 2324 521 2348 sqq.
542 2316 578 2340 ab
597 2315 661 2346 ipso
683 2316 711 2339 C.
731 2314 841 2339 litteris
861 2314 971 2338 inserta
992 2316 1069 2338 sunt.

280 2437 290 2456 ¹
315 2434 477 2469 Adamus
503 2433 691 2468 Walasser
715 2444 746 2467 a.
768 2432 858 2467 1570
884 2431 1050 2475 Dilingae
1086 2431 1196 2466 edidit
1226 2430 1509 2474 „Chi-istenliche
1544 2430 1616 2464 vnd
1647 2430 1917 2474 wolgegr‘iindte

159 2489 290 2531 Predig
325 2500 395 2522 von
431 2488 498 2522 den
531 2487 608 2521 vier
634 2485 813 2530 Sontagen
847 2485 895 2519 im
922 2485 1076 2526 Aduent,
1113 2485 1204 2519 auch
1238 2496 1332 2518 vonn
1363 2485 1442 2518 dem
1476 2483 1634 2527 heiligen
1666 2483 1835 2527 Christag
1854 2510 1861 2517 .
1882 2510 1889 2518 .
1910 2511 1917 2518 .

160 2541 281 2575 Durch
300 2569 307 2576 .
328 2569 334 2576 .
355 2569 362 2575 .
381 2541 498 2575 Herrn
524 2540 565 2574 D.
585 2540 731 2574 Petrum
758 2539 976 2579 Canisium“;
1004 2537 1188 2572 Canisium
1214 2537 1325 2571 libelli
1352 2537 1459 2572 huius
1485 2536 1649 2581 exempla
1675 2536 1811 2580 aliquot
1837 2548 1917 2571 cum

160 2594 216 2628 his
242 2594 372 2628 litteris
398 2593 561 2628 Kesselio
587 2593 728 2627 misisse
754 2604 798 2626 ex
824 2591 880 2626 his
906 2591 1027 2626 verbis
1053 2591 1292 2634 intellegitur:
1321 2590 1424 2635 plura
1442 2602 1476 2624 v.
1495 2590 1599 2631 infra,
1625 2600 1717 2624 mon.
1736 2589 1806 2624 litt.
1828 2590 1917 2633 (33).

278 2647 292 2668 ²
318 2647 579 2690 Noviomagum
605 2646 647 2680 ad
676 2645 812 2680 Canisii
837 2645 1067 2690 propinquos.

281 2701 294 2720 ³
320 2701 429 2733 Vinck
466 2699 654 2742 Moguntia
693 2699 747 2734 13.
767 2698 932 2733 Octobris
973 2698 1062 2732 1569
1101 2697 1253 2741 Borgiae
1291 2695 1531 2741 *scripseratz
1574 2695 1661 2738 „Del
1699 2694 1738 2729 P.
1765 2695 1918 2729 martino

162 2753 417 2798 steijuordiano
443 2753 560 2787 scrive
595 2752 619 2786 il
646 2753 686 2787 P.
706 2752 888 2786 Leonardo
924 2762 1023 2785 come
1057 2751 1087 2785 si
1123 2752 1226 2795 porta
1260 2749 1349 2784 bene
1384 2751 1420 2782 et
1445 2750 1578 2792 quanto
1604 2759 1710 2793 posso
1736 2748 1919 2791 giudieare

164 2806 222 2849 gia
256 2805 389 2839 hauera
423 2805 481 2839 nel
515 2806 709 2839 settembre
743 2805 835 2839 fatto
870 2804 894 2838 li
930 2803 1104 2848 essercitij
1140 2802 1319 2848 spirituali
1354 2803 1390 2836 et
1414 2801 1505 2835 finiti
1540 2800 1700 2835 almanco
1735 2801 1857 2835 auanti
1884 2801 1919 2835 di

165 2861 289 2903 questo
324 2858 456 2901 giorno.
508 2858 543 2892 Jl
569 2858 880 2892 Reuerendissimo
905 2856 1165 2901 Herbipolense
1200 2857 1235 2890 fa
1267 2855 1507 2899 grandissima
1532 2854 1705 2889 instantia
1729 2854 1827 2889 accio
1854 2854 1918 2892 che

165 2911 247 2946 vadi
273 2911 317 2951 la,
353 2911 457 2944 credo
491 2910 556 2944 0110
591 2911 686 2945 circa
719 2911 805 2945 tutti
839 2911 934 2945 santi
969 2912 1004 2944 et
1030 2921 1093 2954 per
1118 2909 1308 2943 l’aduento
1344 2908 1375 2942 si
1408 2909 1553 2941 trouara
1578 2907 1614 2942 la
1639 2907 1675 2941 in
1701 2907 1821 2951 quella
1847 2908 1918 2941 cita

166 2965 255 2998 doue
281 2975 349 2997 non
375 2963 495 2996 vorria
529 2963 593 2997 che
629 2964 724 2997 fosse
759 2963 867 2998 molto
903 2965 1034 3008 tempo,
1070 2963 1220 2996 essendo
1251 2961 1286 2996 la
1312 2960 1580 2995 conuersatione
1607 2960 1641 2994 di
1668 2960 1787 3004 quella
1813 2962 1919 3003 gente

166 3016 260 3051 assai
287 3015 483 3060 periculosa
510 3027 573 3059 per
598 3015 623 3048 il
649 3016 746 3049 detto
772 3016 812 3050 P.
831 3015 985 3050 Martino
1001 3042 1008 3050 .
1025 3015 1185 3050 ..sarria
1211 3014 1300 3048 bene
1327 3014 1369 3048 de
1395 3013 1453 3058 poi
1478 3013 1504 3047 il
1521 3012 1636 3047 Nadal
1663 3013 1697 3048 di
1723 3013 1758 3047 la
1783 3012 1814 3047 si
1839 3023 1920 3057 pas-

165 3069 285 3104 sasse“
319 3070 378 3111 (ex
405 3069 563 3110 autogr.;
591 3067 632 3101 G.
661 3068 724 3112 Ep.
745 3068 775 3101 X
803 3068 828 3102 f.
847 3069 960 3110 2562).
