2044 3335
314 126 417 161 1506.
445 125 530 160 Can.
558 125 739 159 Friderico
766 136 786 158 a
811 125 1012 168 Wirsberg.
1063 124 1162 158 Inter
1187 135 1233 158 m.
1253 123 1346 165 Aug.
1366 124 1402 157 et
1428 121 1513 156 Dec.
1536 123 1636 157 1567.
1845 124 1898 165 75

129 243 232 287 gavit
249 244 294 278 N.
312 243 508 286 Reininyer
528 241 602 285 (R),
627 242 693 276 Die
708 241 980 276 Weihbischofe
998 253 1068 275 von
1082 240 1299 283 Wiirzburg,
1328 240 1362 273 in
1393 238 1550 280 „Archiv
1574 239 1636 273 des
1663 238 1902 273 historischen

129 296 303 330 Vereines
328 307 399 329 von
426 294 718 329 Unterfranken“
749 294 881 335 XVIII,
908 294 1116 336 Wurzburg
1144 293 1244 331 1865,
1277 291 1487 333 177—182;
1522 292 1593 336 qui,
1629 291 1723 325 unde
1755 303 1816 325 eas
1843 304 1902 325 ex·-

128 348 343 394 scripsisset,
371 360 440 382 non
467 347 702 391 significavit.
730 347 885 381 Easdem
913 348 1170 381 commemorat
1199 347 1235 380 C.
1260 347 1403 389 Brazm,
1431 344 1650 379 Geschichte
1678 344 1741 378 der
1767 344 1903 378 Heran·

128 401 278 445 bildung
304 402 367 436 des
392 401 525 434 Klerus
551 400 587 434 in
614 401 677 434 der
703 400 853 435 Diocese
867 400 1063 442 Wirzburg
1090 399 1117 440 I,
1144 399 1263 432 Mainz
1293 398 1394 438 1889,
1423 398 1501 432 114.

248 484 405 527 Royatus
431 484 556 526 aliqua
580 484 763 525 proponit,
791 493 880 525 quae
906 483 953 515 ad
979 483 1134 525 episcopi
1160 482 1432 524 „conscientiam
1458 478 1674 514 iuvandam“
1696 480 1905 522 conferant:

129 536 241 579 Leyat
266 537 406 569 decreta
436 536 590 569 Concilii
621 536 837 579 Tridentini,
868 535 1123 568 catechismum
1148 536 1349 568 Romanam
1376 539 1435 567 etc.
1480 535 1669 576 Adiuuyat
1693 534 1761 566 sibi
1786 534 1903 565 virium

127 600 315 622 sacrorum
342 600 519 622 canonum
542 590 700 631 peritum
727 593 757 621 et
784 589 1054 631 confessarium.
1094 587 1231 630 Caveat,
1258 599 1313 631 ue,
1340 598 1431 630 qaae
1455 588 1548 620 sedis
1574 587 1786 630 apostolicae
1811 590 1904 628 sunt,

127 643 197 675 sibi
222 647 374 685 arroyet,
411 654 501 685 neve,
536 653 626 685 quae
651 643 1013 675 exconmmnicatione
1035 643 1253 684 puniuntur,
1281 642 1473 674 committat
1483 653 1494 679 ‚·
1530 644 1638 683 curet,
1670 644 1709 672 ut
1733 640 1802 672 sibi
1827 640 1906 671 mit-

128 700 254 729 tantur
271 696 382 729 Bulla
404 696 538 729 Coenac
564 699 594 728 et
620 695 759 728 decreta
780 696 981 738 pontificia.
1022 696 1075 728 Dc
1100 695 1205 728 rebus
1230 695 1396 727 dioecesis
1422 705 1500 726 cum
1527 694 1616 726 viris
1636 693 1801 736 probatis
1827 703 1906 725 coa-

127 749 211 782 silia
247 750 419 791 conferat.
474 749 654 790 Quomodo
694 749 815 782 clerici
853 749 972 791 officia
1009 749 1132 781 dim'na
1168 748 1431 787 administrem,
1473 751 1668 789 coynoscat.
1724 746 1849 779 Caveat
1884 757 1906 778 a

129 803 243 835 nimia
278 802 502 845 iudulyentia
534 813 718 844 pravoque
753 802 935 835 hominum
971 805 1076 835 metu.
1128 801 1314 834 Moderate
1351 801 1490 833 studeat
1528 811 1583 833 eos
1617 810 1760 832 sanare.
1816 799 1906 832 Con-

126 856 298 898 fessarios
323 856 514 888 monendos
540 859 649 897 cim-et,
676 856 832 888 maxime
857 856 899 888 de
925 856 1065 888 casibus
1088 856 1280 888 reservatis
1306 858 1335 887 et
1361 854 1402 887 de
1423 855 1579 896 peccatis
1598 850 1907 896 ,‚ermmerandis“.

128 909 337 942 Haereticos
363 920 406 941 ue
431 909 615 942 absolvant
640 909 707 941 alii
733 920 840 951 quam
865 910 939 951 ipse
964 909 1148 951 ipsiusque
1165 909 1334 941 vicarius.
1376 908 1527 940 Decreta
1554 908 1678 949 aliqua
1696 907 1906 945 tridentina,

128 966 167 995 ut
186 963 489 1005 proscriptionem
515 963 831 994 matrimoniorum
859 962 1174 1004 clandestinorum,
1210 962 1249 993 in
1279 972 1380 994 asum
1407 961 1578 1001 indarat;
1613 960 1762 1002 speciem
1794 970 1905 1002 quan-

129 1016 212 1048 dam
237 1017 367 1058 synodi
392 1016 564 1048 instituat.
619 1015 824 1048 Facultates
849 1026 973 1047 sacras
999 1026 1020 1047 a
1043 1015 1212 1058 pontifice
1235 1019 1340 1057 petat.

415 1103 649 1146 Consilium
692 1103 1001 1157 Theologicum
1044 1103 1098 1145 ad
1141 1101 1449 1145 conscientiam
1495 1100 1642 1154 magni
1683 1099 1903 1142 Praesulis

344 1172 389 1212 et
411 1169 614 1224 Episcopi
648 1169 870 1211 cuiusdam
906 1168 1112 1211 Germani
1144 1167 1393 1217 iuuandam,
1427 1167 1697 1221 postulatum
1731 1169 1775 1208 et
1803 1179 1902 1221 pro-

342 1235 545 1289 positum.

247 1311 512 1354 Calamitosa
545 1314 647 1354 sunt
679 1325 792 1353 nunc
824 1314 1037 1365 tempora,
1072 1314 1116 1353 et
1148 1324 1387 1365 pergraues
1419 1309 1558 1352 morbi
1591 1308 1781 1350 omnium
1813 1307 1905 1349 fere

130 1376 336 1420 Ordinum
360 1377 403 1419 in
427 1376 674 1427 Germania,
699 1390 810 1430 quae
833 1377 974 1426 fidem,
1007 1376 1233 1431 pietatem,
1262 1375 1568 1425 obedientiam,
1594 1372 1904 1417 continentiam

129 1446 174 1485 et
196 1443 455 1485 Canonicam
482 1442 754 1497 disciplinam
782 1456 952 1484 omnem
977 1444 1054 1484 aut
1077 1441 1317 1484 contemnit
1339 1443 1416 1483 aut
1438 1439 1635 1494 negligit.
1680 1439 1743 1481 Eo
1766 1438 1906 1492 magis

129 1508 454 1561 aduigilandum
498 1511 565 1550 est
606 1507 877 1562 pastoribus,
923 1510 967 1550 et
1006 1507 1050 1549 in
1090 1507 1240 1561 primis
1285 1506 1384 1548 huic
1424 1505 1650 1559 Antistii-j,
1695 1504 1762 1546 cui
1804 1518 1906 1546 con-

129 1575 272 1616 sulere
304 1574 514 1624 iubemur,
559 1576 607 1616 ut
640 1574 753 1615 serio
788 1573 950 1615 dictum
984 1572 1065 1614 sibi
1097 1575 1223 1627 putet
1254 1572 1373 1614 illud.
1439 1570 1720 1614 Attendite
1758 1569 1907 1612 uobis

129 1642 182 1681 et
216 1639 385 1692 Gregi
425 1639 662 1681 uestro1.

249 1704 441 1746 Primum
473 1704 620 1758 igitur,
663 1704 706 1745 in
742 1704 896 1757 quibus
928 1703 1059 1745 rebus
1092 1703 1386 1745 conscientiae
1418 1716 1536 1745 suae.
1601 1701 1768 1743 Deinde
1801 1715 1907 1754 quo-

128 1769 255 1812 modo
288 1769 410 1824 gregi
442 1769 684 1812 subditisue
717 1770 806 1811 suis
840 1769 1068 1812 attendere
1102 1769 1272 1818 debeat,
1307 1768 1500 1811 breuiter
1529 1773 1605 1809 aca
1637 1766 1905 1821 simpliciter.

131 1838 341 1889 quantum
360 1835 531 1877 Domini
549 1835 648 1877 Iesu
667 1835 814 1888 gratia
831 1834 1108 1885 concesserit,
1134 1848 1212 1888 per
1235 1833 1380 1888 capita
1403 1833 1616 1887 quaedam
1640 1832 1908 1874 ostendetur.

250 1900 379 1943 Adsit
411 1901 615 1942 uoluntas
648 1904 694 1942 et
726 1900 917 1942 studium
950 1900 1237 1953 intelligendi,
1272 1913 1383 1952 quae
1419 1899 1484 1940 sui
1513 1898 1675 1940 ordinis
1698 1900 1743 1939 et
1765 1899 1908 1938 status

130 1967 232 2008 sunt
263 1966 450 2021 propria.
518 1966 637 2008 Haec
674 1966 804 2008 facile
838 1966 1113 2017 constabunt,
1157 1965 1191 2007 si
1225 1979 1356 2020 saepe
1389 1965 1602 2006 subducat
1635 1963 1797 2016 aliquid
1829 1962 1909 2003 sibi

129 2032 339 2086 temporis
379 2034 424 2074 et
465 2031 562 2085 ocij,
607 2031 661 2074 ad
694 2031 902 2084 legendos
935 2031 1132 2073 Canones
1166 2045 1390 2073 sacrorum
1424 2030 1724 2080 Conciliorum,
1755 2027 1908 2083 jmpri-

132 2096 213 2138 mis
245 2111 349 2139 uero
383 2097 544 2151 Synodi
579 2097 873 2139 Tridentinae.
939 2097 1080 2150 Legat
1111 2098 1344 2150 praeterea
1375 2095 1612 2138 Concilium
1645 2093 1910 2149 prouinciale

132 2162 466 2216 Moguntinum2
506 2166 551 2205 et
593 2162 967 2205 Reformationem
1010 2162 1122 2203 Cleri
1167 2160 1475 2216 Ratisponaeb,
1519 2175 1596 2215 per
1637 2159 1909 2202 Cardinalem

133 2228 414 2283 Campegium
429 2230 458 2279 3,
504 2231 549 2271 et
590 2227 819 2281 Augustae
864 2242 949 2269 non
995 2227 1088 2269 sine
1133 2241 1345 2269 consensu
1387 2227 1587 2268 Caesaris
1632 2230 1676 2268 et
1721 2224 1909 2267 omnium

257 2322 284 2349 a)
305 2321 336 2346 et
357 2322 391 2346 R.
465 2319 496 2353 b)
517 2319 704 2346 Ratisbonae
725 2322 760 2345 R.

257 2441 265 2460 ¹
293 2440 348 2474 Ita
374 2440 510 2474 Paulus
543 2439 728 2485 apostolus
761 2442 950 2474 monuerat
976 2440 1142 2484 pastores
1169 2438 1344 2472 ecclesiae
1372 2437 1565 2482 ephesinae
1594 2436 1680 2479 (Act
1705 2436 1761 2477 20,
1789 2435 1862 2479 28).

255 2494 268 2514 2
294 2494 420 2528 Mense
446 2493 543 2528 Maio
570 2506 602 2529 a.
621 2494 710 2528 1549
739 2493 975 2527 Sebastianus
1002 2504 1022 2527 a
1049 2492 1330 2526 Heusenstamm
1358 2490 1652 2535 archiepiscopus
1677 2489 1911 2533 moguntinus

135 2547 404 2582 ecclesiasticae
440 2547 649 2592 provinciae
685 2558 771 2581 suae
808 2547 869 2591 (ad
907 2558 1015 2591 quam
1052 2546 1162 2580 etiam
1188 2545 1363 2579 dioecesis
1389 2543 1653 2589 herbipolensis
1688 2543 1908 2588 pertinebat)

135 2600 326 2635 concilium
352 2601 489 2635 habuit.
521 2600 828 2643 „Constitutiones
856 2600 1004 2634 Concilii
1033 2598 1274 2633 Provincialis
1296 2597 1502 2641 Moguntini
1528 2597 1594 2631 sub
1699 2597 1911 2631 Sebastiano

135 2653 302 2699 Archiep.
322 2655 418 2698 Mog.
516 2657 620 2688 Anno
647 2654 791 2688 Domini
820 2654 911 2688 1549
938 2653 1130 2687 celebrati“
1163 2653 1286 2686 eodem
1314 2663 1406 2685 anno
1433 2650 1645 2694 Moguntiae
1672 2662 1693 2684 a
1718 2650 1911 2685 Francisco

136 2707 270 2742 nehem
307 2719 462 2742 excusae
497 2710 583 2742 sunt
611 2708 715 2752 (Sim.
744 2709 948 2752 Widmann,
985 2707 1074 2740 Eine
1108 2706 1269 2739 Mainzer
1296 2706 1426 2739 Presse
1462 2705 1525 2739 der
1559 2704 1910 2745 Reformationszeit,

135 2761 342 2795 Paderborn
371 2761 472 2802 1889,
509 2761 584 2805 84).
634 2761 791 2795 Eaedem
832 2762 980 2795 exstant
1019 2760 1112 2805 apud
1152 2760 1376 2802 Hartzheim,
1416 2758 1575 2793 concilia
1614 2757 1829 2792 Germaniae
1862 2758 1911 2791 Vi

256 2870 270 2889 ³
296 2868 399 2902 Hanc
430 2868 779 2911 „Reformationem“
810 2867 1006 2902 cardinalis
1033 2866 1250 2901 Laurentius
1278 2865 1496 2911 Campegins
1524 2877 1544 2899 a
1572 2864 1756 2899 Clemente
1772 2864 1850 2898 VII.
1877 2864 1913 2898 in

139 2921 371 2957 Germaniam
397 2922 542 2965 legatus
568 2921 790 2956 Ratisbonae
818 2932 848 2955 a.
871 2921 963 2955 1524
990 2919 1207 2954 auctoritate
1233 2919 1433 2964 apostolica
1460 2919 1622 2953 ediderat
1649 2919 1685 2952 et
1710 2930 1773 2962 per
1799 2919 1912 2952 totam

137 2974 368 3009 Germaniam
387 2975 573 3009 observari
591 2975 748 3009 iusserat
769 2975 824 3017 (C.
843 2976 881 3008 J.
900 2986 928 3008 v.
950 2975 1084 3017 Hefele,
1104 2972 1511 3016 Conciliengeschichte‚
1531 2973 1681 3015 fortges.
1701 2983 1735 3005 v.
1750 2973 1787 3005 J.
1807 2972 1912 3005 Cara.

137 3029 405 3072 Heryenro'ther
422 3029 484 3070 IX,
512 3029 689 3072 Freiburg
715 3029 737 3062 i.
757 3028 817 3062 ΒΓ.
840 3027 940 3069 1890,
962 3026 1180 3070 374—385).
1216 3025 1315 3068 Quae
1342 3028 1464 3061 exstat
1491 3027 1584 3071 apud
1604 3027 1655 3060 Io.
1675 3026 1911 3059 Harduinum

138 3081 172 3115 S.
200 3082 244 3123 J.,
278 3082 372 3116 Acta
400 3082 639 3116 Conciliorum
667 3081 725 3123 IX,
754 3081 905 3115 Parisiis
934 3081 1035 3121 1714,
1065 3081 1319 3121 1909—19183
1357 3081 1569 3114 Hartzheim
1595 3079 1617 3113 1,
1646 3090 1675 3113 c.
1705 3078 1911 3113 196—204:

142 3136 204 3170 Od.
231 3136 462 3179 Raynaldam
488 3136 618 3179 Congr.
647 3135 758 3175 Orat,
787 3134 946 3169 Annales
973 3134 1212 3168 ecclesiastici
1238 3136 1263 3168 t.
1291 3133 1369 3176 XX,
1395 3134 1432 3168 in
1460 3145 1490 3168 a.
1512 3133 1613 3174 1524,
1641 3144 1674 3167 n.
1701 3132 1853 3166 25—38.
