2044 3335
132 126 184 167 76
628 124 731 159 1506.
760 123 924 158 Canisius
951 124 1131 159 Friderico
1158 135 1179 159 a
1205 125 1406 169 Wirsberg.

128 242 448 285 Catholicorum
490 245 685 285 statuum
728 243 918 285 aeditam
933 244 960 285 1.
1025 243 1166 296 Legat
1209 257 1379 298 quoque
1423 245 1770 288 Cathechismum
1812 245 1898 288 Ro-

128 321 302 349 manum
346 310 390 349 et
431 307 602 357 similia,
647 321 757 360 quae
799 308 854 349 ad
895 309 1059 349 rectam
1101 307 1326 350 rationem¹
1356 309 1595 364 peragendi
1626 310 1669 352 in
1702 309 1900 353 Ecclesia

128 373 272 414 cultus
306 371 451 421 diuini,
487 372 541 413 ad
574 372 842 414 Catholicam
875 372 1298 415 administrationem
1332 374 1725 425 Sacramentorum,
1768 377 1812 417 et
1844 375 1899 416 ad

129 437 398 490 disciplinam
417 437 676 479 Canonicam
697 437 820 479 Clero
840 440 883 479 et
901 437 1115 491 Episcopo
1139 439 1431 481 necessariam
1453 439 1642 481 maxime
1664 439 1898 493 pertinent.

248 507 390 549 Graue
414 506 576 548 crimen
607 521 703 549 esse
726 509 863 561 putet,
897 521 1036 560 neque
1059 521 1136 562 per
1158 522 1204 550 se
1228 522 1504 562 cognoscere,
1539 523 1649 563 quae
1672 513 1773 552 sunt
1795 509 1900 563 Epi-

129 586 260 625 scopo
294 586 348 613 ex
378 572 470 613 iure
493 571 650 613 Diuino
684 575 728 614 et
758 572 973 614 Canonico
1007 574 1322 626 cognoscenda,
1356 588 1495 627 neque
1528 574 1583 616 ad
1615 588 1789 616 manum
1822 574 1899 616 ha-

128 637 231 678 bere
272 637 430 678 bonum
472 640 516 678 et
557 637 744 691 peritum
785 637 938 687 uirum,
983 638 1241 691 praesertim
1273 639 1566 687 Canonistam,
1613 640 1684 692 qui
1725 641 1901 681 moneat

128 701 321 752 subinde,
358 702 409 743 de
443 702 724 743 obseruandis
758 705 802 744 et
828 702 1032 752 uitandis,
1067 703 1181 744 circa
1203 703 1468 746 functionem
1493 707 1538 746 et
1558 704 1901 746 iurisdictionem

130 766 457 820 Episcopalem;
494 766 618 808 Vnde
650 767 743 808 fieri
777 767 902 817 solet,
936 769 986 809 vt
1008 767 1211 822 Episcopi
1234 768 1428 822 plerique
1450 769 1588 811 multa
1612 768 1899 816 committant,

130 845 310 884 quorum
344 831 558 873 rationem
590 845 729 884 neque
747 831 881 886 judici
905 831 1089 882 Christo,
1123 846 1263 885 neque
1286 833 1375 875 suis
1399 833 1640 888 Ordinarijs
1662 833 1902 887 praelatis2

129 896 311 937 reddere
353 899 528 949 queant,
571 896 656 938 imo
694 897 979 938 inexcusabili
1012 898 1199 950 quadam
1231 897 1336 939 iuris
1368 899 1618 952 ignorantia
1651 898 1782 949 ducti,
1825 912 1902 952 po-

131 961 309 1003 testatis
350 975 456 1003 suae
497 962 658 1004 limites
701 962 931 1013 excedunt,
977 976 1057 1004 nec
1101 976 1200 1004 raro
1245 963 1288 1004 in
1330 978 1535 1005 censuras
1568 962 1902 1006 Ecclesiasticas

130 1026 326 1068 incidunt
357 1026 615 1080 periculose.

251 1097 426 1139 Habeat
467 1097 602 1150 igitur
642 1097 885 1151 sapientem
930 1101 975 1140 et
1019 1101 1245 1152 expertem
1288 1099 1580 1150 Canonistam,
1628 1102 1672 1142 et
1714 1113 1808 1141 cum
1851 1112 1902 1140 eo

133 1162 352 1215 partiatur
384 1176 512 1204 curas
535 1162 808 1216 Episcopalis
841 1163 970 1217 offioij
1004 1163 1082 1213 sui,
1117 1164 1309 1217 gaudeat
1342 1164 1395 1206 ab
1428 1179 1478 1206 eo
1512 1165 1734 1206 admoneri
1756 1177 1901 1217 saepe,

134 1241 229 1269 cum
262 1227 334 1269 illo
367 1228 554 1270 fidenter
580 1228 778 1270 conferat
801 1228 853 1269 de
875 1228 941 1282 ijs,
977 1242 1087 1281 quae
1109 1229 1331 1282 pertinent
1353 1229 1407 1271 ad
1430 1230 1745 1272 ordinationem
1769 1229 1903 1271 Cleri-

134 1306 294 1342 corum,
328 1293 382 1334 ad
416 1293 701 1335 Collationem
734 1293 1053 1344 beneficiorum,
1088 1294 1142 1335 ad
1176 1295 1546 1337 confirmationem
1578 1295 1901 1348 parrochorum,

135 1357 188 1399 ad
222 1357 516 1400 uisitationem
549 1358 858 1407 Ecclesiarum,
904 1359 959 1400 ad
1000 1358 1353 1401 reformationem
1397 1359 1645 1413 grauiorum
1678 1360 1902 1409 abusuum,

133 1423 389 1476 praesertim
422 1423 494 1476 qui
518 1423 682 1466 cultum
705 1423 896 1465 diuinum
920 1423 1232 1475 contaminant,
1267 1427 1311 1467 et
1332 1425 1541 1466 scandala
1564 1425 1734 1479 publica
1757 1438 1902 1465 secum

135 1488 329 1531 trahunt.
374 1488 522 1530 Talem
556 1502 659 1530 uero
693 1488 972 1530 Canonistam
1004 1489 1046 1530 in
1079 1489 1209 1531 Italia
1239 1489 1397 1544 potius,
1432 1504 1561 1543 quam
1594 1490 1637 1531 in
1671 1489 1903 1532 Germania

132 1567 412 1595 muememus.

252 1624 427 1666 Habeat
471 1627 703 1678 praeterea
745 1625 878 1666 fidum
923 1625 1267 1673 Confessarium,
1315 1625 1382 1667 cui
1426 1640 1550 1668 suam
1593 1625 1902 1667 conscientiam

133 1688 315 1742 singulis
355 1690 575 1731 mensibus
617 1689 786 1743 aperire
829 1692 874 1732 et
908 1689 1182 1732 iudicandam
1214 1691 1471 1745 permittere
1503 1691 1655 1744 possit.
1718 1691 1787 1732 Ita
1828 1692 1904 1732 fiet

134 1756 182 1796 ut
221 1754 409 1808 seipsum
458 1755 669 1808 paulatim
713 1755 757 1796 in
803 1755 1058 1807 quibusdam
1105 1755 1386 1798 emendandis
1431 1755 1578 1797 uincat
1621 1754 1813 1805 facilius,
1859 1756 1904 1796 et

134 1819 343 1861 maiorem
383 1819 465 1861 Dei
509 1819 700 1873 gratiam
743 1820 907 1862 sentiat
951 1821 1005 1862 ad
1049 1835 1204 1862 munus
1249 1835 1373 1863 suum
1418 1821 1579 1863 rectius
1622 1820 1901 1862 obeunduni³.

134 1884 213 1933 Qui
240 1884 539 1926 Confessarius
573 1885 625 1926 de
657 1885 806 1927 multis
838 1885 1089 1928 admonebit
1122 1886 1357 1937 commode,
1391 1886 1649 1939 praesertim
1682 1885 1718 1927 si
1751 1885 1903 1927 doctus

134 1953 178 1991 et
210 1964 295 1991 non
329 1949 501 1991 omnino
534 1950 730 2003 uulgaris
763 1950 998 1992 nimiumue
1029 1951 1257 1993 familiaris
1290 1951 1436 1994 fuerit.

254 2020 394 2062 Multa
427 2021 695 2071 sanciuntur,
729 2023 774 2062 et
795 2021 881 2062 iam
912 2025 1014 2063 ante
1037 2022 1206 2064 sancita
1228 2025 1329 2064 sunt
1352 2036 1377 2063 a
1400 2021 1586 2064 Summis
1608 2020 1901 2071 Pontificibus,

134 2085 287 2138 quibus
319 2085 525 2140 Episcopi
557 2100 706 2127 omnes
739 2086 1028 2128 obedientiam
1062 2090 1107 2129 et
1138 2087 1430 2129 reuerentiam
1462 2087 1620 2128 debent
1653 2086 1901 2128 maximam.

132 2150 202 2193 Fit
230 2152 379 2193 tamen
402 2164 532 2204 saepe
554 2165 747 2201 numero,
782 2154 831 2193 ut
851 2152 1061 2193 mandata
1083 2154 1127 2193 et
1150 2152 1327 2194 decreta
1350 2152 1621 2194 Summorum
1645 2150 1902 2193 Pontificum

133 2216 186 2258 ab
214 2215 442 2269 Episcopis
474 2215 731 2268 ignorentur
763 2219 808 2258 et
839 2216 1142 2269 negligantur:
1177 2217 1303 2258 Vnde
1336 2230 1415 2258 nec
1448 2217 1503 2258 ad
1539 2216 1766 2258 inferiores
1797 2216 1901 2270 Epi-

132 2295 360 2335 scoporum
393 2281 617 2334 praelatos
650 2285 694 2323 et
725 2283 926 2334 pastores
960 2295 1012 2323 ea
1033 2282 1261 2335 peruenire
1283 2285 1479 2336 possunt.
1524 2280 1731 2335 Quicquid
1755 2285 1901 2324 autem

132 2346 230 2387 inde
264 2345 444 2399 periculi
477 2345 769 2398 consequitur,
812 2346 855 2387 in
889 2346 1027 2400 Caput
1060 2347 1265 2401 Episcopi
1306 2346 1460 2389 merito
1493 2347 1720 2397 redundat,
1764 2349 1808 2388 et
1838 2346 1902 2387 illi

134 2411 260 2453 debet
291 2410 511 2464 imputari.
576 2410 717 2459 Quare
751 2412 995 2454 consultum
1029 2412 1113 2454 erit
1144 2426 1335 2466 prorsus,
1370 2415 1419 2453 ut
1440 2411 1683 2465 Episcopus
1715 2411 1901 2453 libenter

251 2503 278 2533 a)
303 2503 380 2532 Quae
400 2505 573 2533 sequuntur,
594 2510 682 2534 usque
703 2504 740 2527 ad
761 2501 857 2528 Multa
878 2504 959 2534 εκεῖ.)
981 2511 1070 2534 meque
1092 2504 1121 2528 ἰνι
1142 2505 1177 2534 Β,
1202 2511 1290 2535 neque
1310 2503 1390 2534 apud
1410 2504 1437 2527 Ii’
1457 2505 1581 2527 exstant.

258 2632 267 2650 ¹
294 2631 459 2666 Canisius
486 2633 629 2666 comitia
656 2632 797 2677 imperii
825 2633 942 2666 dicere
969 2632 1124 2674 videtur,
1151 2644 1243 2676 quae
1279 2644 1311 2666 a.
1340 2632 1574 2667 1547—1548
1601 2631 1789 2674 Augustae
1816 2630 1900 2664 Vin-

136 2684 331 2718 delicorum
358 2696 378 2718 a
405 2684 530 2719 Carolo
546 2686 589 2719 V.
617 2697 764 2719 caesare
790 2686 914 2719 habita
939 2688 1034 2719 sunt.
1066 2687 1262 2728 „Fornzula
1288 2687 1571 2728 Reformatz'onis
1595 2696 1659 2729 per
1686 2683 1900 2718 Caesaream

136 2738 365 2782 Majestatem
391 2738 553 2772 Statibus
578 2738 846 2772 Ecclesiasticis
872 2739 908 2772 in
928 2738 1090 2773 Comitiis
1108 2739 1334 2783 Augustanis
1361 2739 1405 2772 ad
1433 2738 1703 2773 deliberandum
1729 2736 1900 2777 exhibita,

137 2794 172 2824 et
198 2791 242 2824 ab
270 2790 403 2823 eisdem
432 2791 583 2835 probata
619 2794 655 2824 et
680 2792 846 2836 recepta“
886 2793 1007 2825 exstat
1042 2792 1137 2836 apud
1164 2793 1246 2826 Joh.
1278 2793 1409 2826 Christ.
1436 2793 1568 2835 Lz‘lniy,
1596 2790 1668 2824 Des
1694 2789 1900 2824 Teutschen

136 2842 441 2877 Reichs-Archivs
468 2843 589 2877 Partis
616 2844 797 2887 generalis
825 2844 1064 2887 continuatio,
1093 2845 1242 2889 Leipzig
1270 2845 1370 2885 1713,
1398 2844 1599 2878 851—866.
1634 2844 1674 2877 ln
1700 2843 1768 2877 hac
1798 2843 1899 2885 „For-

135 2896 251 2930 mula“
282 2896 403 2939 aliqua
431 2896 574 2939 quidem
600 2897 690 2930 bene
716 2897 1049 2942 praecipiebantur3
1085 2898 1147 2931 sed
1183 2898 1268 2941 quia
1301 2909 1371 2931 non
1396 2899 1472 2931 tam
1499 2896 1755 2938 ecclesiastica,
1792 2907 1899 2939 quam

136 2949 235 2982 civili
270 2950 451 2992 potestate
489 2949 562 2991 (cui
599 2961 641 2983 ea
675 2949 711 2983 in
748 2961 785 2983 re
821 2950 877 2984 ius
903 2950 1043 2984 nullum
1069 2950 1162 2995 erat)
1201 2950 1525 2995 praecipiebantur,
1561 2961 1628 2983 nec
1654 2949 1787 2983 Romae
1822 2961 1899 2994 pro-

135 3001 323 3042 babantur,
363 3013 428 3035 nec
468 3001 681 3036 Germaniae
720 3014 890 3046 magnam
926 3003 1123 3037 utilitatem
1162 3003 1379 3044 afferebant;
1420 3003 1465 3037 cf.
1493 3004 1720 3046 Raynalcwm
1745 3002 1768 3036 l.
1796 3013 1825 3036 c.
1863 3002 1899 3035 in

136 3066 168 3088 a.
191 3055 291 3095 1548,
317 3066 351 3088 n.
379 3054 433 3095 57,
462 3056 496 3088 et
524 3056 674 3088 Janssen
703 3055 724 3088 l.
753 3069 782 3089 c.
810 3055 956 3089 ΙΠΠ-13
983 3057 1061 3090 691.

257 3113 270 3132 ²
295 3112 598 3157 Arcfflepiscopis,
628 3124 767 3147 summo
793 3114 953 3158 pontifici
980 3117 1047 3149 etc.
