2044 3335
171 91 253 131 154
678 87 780 121 1551.
808 86 973 120 Canisius
1000 86 1034 121 S.
1054 86 1245 121 Francisco
1272 86 1435 131 Borgiae.

284 206 430 249 Reyinis
457 205 598 239 Cani-sii
623 205 833 238 monitiones
853 205 1086 247 permolestae
1111 204 1234 246 fuisse.
1262 205 1332 237 Hic
1357 204 1529 248 Borqictm
1555 209 1669 248 rogim,
1695 216 1738 238 ne
1757 209 1934 248 patronas

166 259 262 293 omni
287 270 349 302 ope
374 259 550 292 destituat.
601 258 655 291 De
680 258 898 300 refutatione
928 258 1194 292 Centuriarum.

377 329 549 371 Jhesus.
614 329 709 370 Pax
740 327 900 370 Christi
932 330 977 370 et
1008 328 1143 370 foelix
1176 342 1328 379 annus,

592 393 822 435 admodum
856 393 1112 435 Reuerende
1143 393 1187 434 in
1219 393 1390 436 Christo
1423 393 1568 436 Pater.

282 466 509 507 Postremo
550 464 704 518 scripsi
744 464 827 506 huc
871 478 939 506 me
980 464 1165 515 uenisse,
1208 467 1257 507 ut
1289 463 1426 506 uoluit
1458 464 1504 506 P.
1538 464 1702 506 Vestra
1734 467 1779 507 et
1809 478 1933 519 prae-

164 530 286 585 cipue
319 530 492 583 quidem
525 529 579 570 ob
602 529 795 583 Reginas
810 531 838 580 ¹,
872 543 898 571 a
921 529 1076 582 quibus
1099 543 1179 582 ego
1202 543 1287 570 non
1310 529 1525 571 immerito
1547 528 1651 570 mihi
1673 529 1932 579 metuebam,

167 609 260 637 cum
296 594 451 636 scirem
473 594 559 636 illis
580 594 889 648 permolestam
913 593 1007 635 fore
1030 593 1324 636 narrationem
1348 608 1508 644 eorum,
1544 607 1654 646 quae
1677 594 1723 637 P.
1747 594 1934 636 Vestrae

166 659 338 702 nomine
372 659 596 702 declarare
629 659 837 701 debebam
851 659 880 701 2.
924 658 1077 700 Visum
1110 661 1178 700 est
1209 657 1321 712 μία.)
1356 664 1401 700 ut
1433 673 1564 714 supra
1606 659 1797 713 p.148].
1849 658 1932 701 Sed

162 725 245 767 dici
267 739 353 767 non
375 727 521 779 potest
553 723 664 778 [etc.,
699 730 744 766 rut
776 739 911 779 supra
940 739 983 778 p,
1010 723 1133 776 1537.
1168 723 1292 765 Vnde
1324 721 1531 778 g[raue]³
1555 722 1617 778 [P]
1653 721 1818 778 [no]bis
1850 723 1934 766 fuit

162 789 205 831 in
247 790 329 832 hac
371 804 503 831 causa
545 792 728 838 certare,
772 802 913 842 neque
950 788 1090 830 adhuc
1123 788 1249 830 uideo
1282 789 1409 831 finem
1443 788 1731 839 consiliorum,
1775 787 1935 831 nostris

161 854 335 897 interim
369 854 600 896 admodum
634 853 982 896 desiderantibus
1015 867 1110 895 eam
1144 853 1325 907 reperiri
1355 867 1482 907 posse
1504 853 1632 904 uiam,
1665 856 1714 896 ut
1736 867 1820 895 non
1844 866 1936 895 om-

162 920 263 962 nino
287 919 488 970 afflictas,
514 922 558 962 et
580 919 695 961 omni
719 918 952 961 Societatis
974 917 1177 961 nostraeb
1209 932 1290 973 ope
1313 918 1547 961 destitutas
1571 918 1705 960 bonas
1726 920 1935 972 patronas

162 985 342 1039 reijcere
375 984 611 1027 uideamur.
675 984 891 1026 Christum
925 997 1045 1037 rogo,
1086 985 1135 1026 ut
1165 983 1209 1025 in
1242 997 1365 1025 suam
1398 983 1580 1037 gloriam
1613 984 1761 1025 uertat
1792 983 1936 1025 omnia

163 1064 241 1105 per
282 1049 543 1104 sapientiam
576 1049 864 1092 Paternitatis
897 1049 1084 1091 Vestrae
1126 1048 1246 1090 cuius
1288 1048 1521 1102 benignum
1562 1062 1816 1103 responsum
1858 1061 1935 1089 ex-

162 1118 354 1170 pectant.
418 1114 779 1157 Commendamus
811 1128 889 1155 nos
932 1116 977 1156 et
1018 1128 1195 1156 causam
1228 1116 1368 1156 totam
1402 1113 1624 1167 sacrificijs
1657 1116 1702 1155 et
1734 1112 1935 1167 precibus

164 1181 210 1223 P.
246 1181 432 1222 Vestrae
465 1194 516 1222 ac
548 1182 721 1234 patrum
757 1178 1068 1222 Assistentium
1101 1178 1145 1220 in
1178 1178 1348 1221 Christo
1380 1178 1521 1221 JESV
1554 1177 1736 1220 Domino
1770 1180 1935 1220 nostro.

164 1246 229 1288 De
278 1245 374 1299 alijs
422 1245 550 1299 plura
597 1244 732 1295 breui,
783 1258 880 1286 cum
927 1244 1119 1286 habuero
1167 1243 1389 1286 certi01·a⁰.
1466 1242 1698 1297 Oeniponti
1746 1245 1799 1284 22
1848 1243 1935 1284 De-

168 1310 351 1353 cembris
387 1312 513 1352 1567.

286 1375 402 1418 Ante
424 1375 581 1417 Christi
605 1374 811 1417 Natalem
834 1375 903 1416 uel
926 1388 1084 1416 nouum
1108 1388 1268 1416 annum
1290 1373 1365 1415 uix
1397 1377 1549 1427 potero
1582 1373 1636 1415 ad
1670 1372 1860 1426 quietem
1892 1375 1937 1415 et

168 1440 313 1483 studia
344 1455 413 1483 me
446 1453 718 1494 componere,
752 1442 801 1482 ut
834 1440 878 1482 Ρ.
910 1439 1030 1482 Tuae
1061 1438 1278 1481 uoluntati
1312 1439 1364 1480 de
1386 1438 1600 1492 Centurijs
1632 1437 1790 1480 faciam
1813 1437 1934 1481 satis.

167 1506 378 1548 Dominus
410 1505 646 1548 nobiscum.
1250 1539 1258 1546 .
1412 1539 1419 1546 .
1701 1537 1709 1545 .
1740 1538 1747 1545 .

1054 1540 1215 1582 Seruus
1247 1554 1291 1581 in
1323 1539 1493 1581 Christo
1529 1538 1573 1582 P.
1607 1538 1818 1582 Camsius.

285 1635 312 1687 ’ᾗ
345 1634 589 1677 Admodum
612 1635 868 1677 Reuerendo
901 1634 943 1676 in
967 1634 1137 1677 Christo
1161 1633 1283 1676 Patri
1306 1633 1539 1676 Francisco
1571 1647 1597 1676 a
1620 1632 1783 1686 Borgia
1804 1633 1937 1675 Prae-

166 1700 307 1755 posito
343 1698 590 1755 [Genera]li
625 1698 900 1754 [S]ocietatis
931 1700 1085 1742 JESV.
1149 1700 1327 1741 Romae.

285 1781 436 1825 Borgias
465 1781 607 1816 Canisio
634 1781 819 1826 respondit
847 1782 901 1816 17.
929 1780 1086 1814 Ianuarii
1116 1781 1216 1815 1567.

168 1896 309 1932 1551.
422 1897 640 1932 CAmsius
669 1895 935 1933 SANCTO
964 1894 1354 1932 FRANclsco
1383 1892 1701 1930 BORGIAE
1733 1894 1937 1939 praeposito

357 1950 518 1994 generali
545 1951 736 1986 Societatis
762 1951 856 1985 Iesu.
1243 1949 1444 1994 Oeniponte
1471 1948 1527 1983 29.
1547 1947 1756 1982 Decembris
1784 1948 1886 1982 1567.

288 2015 342 2049 Ex
378 2015 613 2060 epistularum
641 2015 793 2059 Borgiae
829 2017 866 2049 et
891 2015 1038 2049 Polanci
1073 2013 1292 2059 apographis
1327 2013 1450 2047 eodem
1485 2013 1559 2047 fere
1594 2014 1754 2057 tempore
1779 2011 1935 2056 scriptis,

168 2079 260 2112 quae
286 2070 370 2102 sunt
395 2069 431 2102 in
458 2069 578 2103 Germ.
606 2069 649 2103 67
678 2069 702 2103 f.
724 2069 806 2103 10ssa
827 2069 904 2109 107,
933 2070 968 2102 et
995 2079 1039 2101 ex
1065 2066 1237 2101 schedula
1262 2066 1376 2111 ipsius
1401 2065 1536 2101 Canisii
1562 2077 1670 2100 manu
1696 2064 1832 2110 scripta
1860 2064 1933 2108 (8⁰;

170 2123 187 2156 1
208 2133 261 2166 p.;
298 2121 333 2155 in
359 2133 392 2166 p.
420 2122 440 2155 2
467 2121 613 2164 inscr.);
650 2133 742 2166 quae
769 2123 891 2156 exstat
916 2121 952 2155 in
980 2120 1099 2155 Germ.
1129 2120 1206 2160 183,
1242 2120 1266 2155 f.
1293 2131 1363 2153 non
1389 2119 1492 2163 sign„
1526 2118 1621 2153 inter
1646 2118 1670 2152 f.
1699 2118 1766 2152 342
1793 2119 1828 2151 et
1854 2117 1934 2152 343.

166 2174 331 2220 Epistula
357 2186 445 2209 usus
472 2177 528 2209 est
553 2176 679 2219 Kro'ss,
707 2174 792 2209 Can.
814 2175 891 2210 181.

284 2241 394 2283 Apud
428 2241 694 2274 arclziducissas
729 2240 870 2284 aliquid
904 2240 1060 2282 effectum
1097 2249 1166 2271 esse
1200 2239 1242 2271 de
1276 2238 1515 2280 confessor-iis.
1567 2236 1732 2270 Ministri
1765 2236 1936 2269 adversus

166 2298 332 2328 rectorem
359 2294 495 2337 collesyii
520 2294 764 2337 querimonias
789 2294 920 2335 mitt27t‚·
945 2297 1115 2326 rectorem
1140 2293 1180 2325 in
1206 2292 1321 2325 variis
1345 2291 1449 2325 rebus
1474 2290 1572 2323 haud
1598 2294 1688 2323 recte
1704 2300 1739 2322 se.
1754 2300 1886 2332 yerere.

283 2372 326 2413 S.
361 2371 621 2412 Franciscus
653 2371 838 2425 Boryius
870 2371 1090 2412 Societatis
1129 2370 1397 2424 praepositus
1431 2367 1642 2424 yeneralis·
1674 2367 1722 2408 P.
1757 2366 1934 2408 Nicolao

163 2436 328 2477 Lanoio
373 2436 533 2491 colleyii
576 2437 850 2490 oeuipoutaui
890 2436 1043 2477 rectori
1081 2435 1215 2476 Roma
1248 2437 1289 2476 5.
1323 2433 1556 2475 Februarii
1587 2433 1704 2474 1568
1745 2432 1934 2486 scripsit:

169 2500 264 2551 „Ho
298 2502 484 2542 riceuuto
516 2501 551 2542 le
583 2503 721 2542 lettere
755 2501 822 2543 del
853 2501 902 2543 P.
931 2500 1205 2541 Prouinciale
1240 2499 1412 2541 Canisz'o
1447 2498 1492 2539 di
1523 2499 1594 2539 29.
1629 2497 1676 2538 di
1707 2495 1934 2538 Decembre

162 2565 268 2617 fatte
300 2567 345 2606 in
377 2566 578 2620 Jspruch,
614 2571 650 2607 et
681 2567 812 2620 quelle
845 2567 892 2607 di
922 2566 967 2607 V.
998 2566 1049 2607 R.
1085 2566 1132 2606 cli
1165 2567 1219 2607 .6.
1254 2565 1301 2605 di
1334 2564 1542 2605 Geunaz'o.
1576 2576 1660 2604 nou
1692 2561 1742 2602 ho
1775 2561 1933 2602 hauuto

165 2635 275 2671 certa
318 2631 462 2672 lettera
505 2632 573 2672 del
614 2632 880 2672 serenissimo
911 2631 1131 2672 Areiduca
1166 2629 1462 2681 Fordinando,
1504 2628 1672 2683 laquale
1712 2627 1771 2667 mi
1812 2626 1934 2668 aui-sc)

166 2696 196 2736 il
229 2695 277 2739 P.
314 2696 499 2747 Cauisio,
543 2698 601 2737 mi
643 2697 810 2738 doueua
842 2697 1056 2749 scriuere;
1095 2696 1167 2750 qui
1205 2709 1261 2736 ua
1304 2708 1393 2735 una
1433 2694 1521 2734 mia
1563 2692 1818 2733 credentiale
1853 2704 1934 2744 per

165 2773 197 2801 s.
231 2760 316 2801 A.3
347 2761 515 2814 lctqzcale
548 2758 593 2802 V.
627 2761 679 2802 R.
713 2762 828 2802 aista
862 2766 897 2802 et
927 2765 1095 2802 serrata
1126 2760 1252 2814 qliela
1286 2760 1412 2808 dara,
1456 2762 1491 2798 et
1533 2757 1657 2811 clopoi
1697 2757 1743 2797 in
1781 2760 1932 2797 secreto

283 2844 312 2875 a)
334 2845 393 2868 Hoc
413 2845 456 2869 vel
475 2845 568 2869 simili
589 2846 672 2870 verbo
692 2846 837 2877 lacunam,
858 2853 930 2877 quae
950 2846 980 2870 in
1002 2846 1157 2877 archetypo
1177 2847 1229 2876 est,
1254 2843 1448 2875 supplendam
1468 2850 1528 2867 esse
1555 2842 1704 2873 colleyeris
1724 2849 1760 2866 ex
1784 2842 1833 2873 iis,
1858 2848 1931 2872 quae

168 2886 340 2910 antecedunt
367 2887 404 2915 (r.
424 2894 517 2917 supra
541 2894 571 2917 p.
594 2888 655 2911 153)
676 2890 703 2912 et
722 2895 795 2919 quae
812 2888 948 2919 prozime
966 2890 1138 2918 sequuntur.
1224 2884 1254 2917 b)
1282 2885 1421 2917 Sequitur
1446 2882 1493 2914 de,
1519 2884 1608 2908 obliti.
1687 2882 1713 2914 c)
1735 2884 1781 2908 lta
1800 2883 1832 2908 in
1852 2882 1933 2907 arch.

167 2929 322 2952 correctum
344 2929 384 2950 est
405 2934 441 2951 er
461 2925 547 2958 plura
566 2926 596 2951 in
618 2926 769 2953 adiunctis
789 2927 906 2959 literis,·
925 2936 950 2953 c.
971 2926 1057 2953 breui
1077 2928 1112 2952 ab
1132 2928 1195 2959 ipso
1216 2928 1244 2952 C.
1265 2927 1406 2958 scriptum
1427 2928 1477 2951 est.

289 3023 297 3042 ¹
325 3021 577 3064 Magdalenam
605 3023 640 3055 et
667 3021 851 3056 Helenam.
999 3023 1012 3043 2
1038 3022 1138 3056 Haec
1164 3033 1198 3056 v.
1225 3031 1336 3066 supra
1360 3032 1394 3065 p.
1412 3020 1550 3054 49—51
1583 3019 1659 3054 107.

287 3074 300 3093 ⁸
325 3073 347 3108 i.
374 3086 403 3107 e.
430 3085 494 3118 per
519 3085 583 3108 sua
611 3073 768 3108 Altezza.
