2044 3335
158 211 247 246 1569
289 208 291 219 '

157 376 246 411 1569

154 542 244 577 1569

135 717 247 758 1569

150 987 241 1022 1569

149 1153 239 1188 1569
282 1133 284 1160 z

147 1320 238 1355 1569

145 1486 237 1521 1569
279 1465 281 1498 ἶ

142 1707 234 1742 1569

126 1828 236 1870 1569

139 2093 231 2128 1569

139 2206 230 2241 1569

138 2318 229 2354 1569

142 2432 234 2467 1569

89 2485 133 2519 ad
143 2486 234 2521 1570

137 2598 227 2634 1569

137 2711 226 2746 1569

135 2932 226 2968 1570

135 3045 225 3080 1570

429 209 494 244 Iul.
515 210 547 245 7.

288 388 290 409 2
308 375 402 408 inter
422 377 567 410 exeunt.
586 374 661 409 Iun.

364 430 400 462 et
425 428 516 463 med.
537 428 602 463 Iul.

339 540 435 575 circa
460 541 554 584 Aug.
574 541 631 576 21.

376 712 489 766 Aug.
514 715 583 757 31.

302 983 397 1018 inter
422 984 488 1019 Iul.
516 986 552 1019 et
578 984 655 1020 Oct.

328 1150 423 1184 circa
455 1150 547 1185 med.
573 1151 632 1185 vel

281 1201 283 1211 '
350 1207 494 1238 exeunt.
515 1204 611 1249 Sept.

281 1323 282 1330 .
316 1315 630 1362 sept.23.(25.?)

396 1483 493 1528 Sept.
513 1483 568 1518 24.

296 1703 363 1737 sub
390 1705 535 1739 exeunt.
554 1703 651 1749 Sept.

424 1823 518 1867 Oct.

309 2102 400 2125 anno
431 2092 547 2125 medio
574 2092 633 2126 vel

397 2148 552 2180 exeunte

291 2204 386 2239 inter
399 2205 496 2251 Sept.
512 2208 549 2240 et
561 2205 646 2241 Dec.

307 2318 374 2353 sub
392 2318 477 2353 anni
494 2318 630 2354 exitum

355 2430 435 2466 Oct.
451 2452 495 2455 —
509 2432 584 2468 Ian.

313 2598 379 2632 sub
401 2598 507 2633 finem
528 2599 621 2634 Nov.

383 2711 469 2747 Dec.
492 2712 545 2747 16.

776 95 867 130 1569
895 96 977 141 Apr.
997 95 1029 130 8.
1050 115 1094 119 -
1115 95 1216 130 1570.
1788 108 1884 131 xmn

704 208 873 255 Augusta
890 223 954 256 per
970 212 1113 247 litteras
1133 210 1326 254 Georgium
1346 211 1471 255 llsung
1489 211 1640 247 Suebiae
1658 212 1881 257 praefectum

763 265 962 307 rogandum
989 266 1103 305 curat,
1130 265 1170 297 ut
1197 264 1404 306 catholicos,
1431 265 1492 308 qui
1512 264 1639 299 Ulmae
1665 265 1796 299 misere
1822 277 1881 309 op-

762 317 974 361 primantur,
1001 317 1208 362 imperatori
1236 318 1462 352 commendet
1490 318 1605 361 (341).

703 375 736 410 S.
757 376 939 411 Francisci
967 377 1121 420 Borgiae
1152 377 1336 418 mandatu,
1373 378 1510 411 frustra
1541 380 1673 418 tamen,
1708 376 1880 411 Ursulam

760 430 965 473 Fuggeram
991 432 1122 472 monet,
1148 432 1188 463 ut
1214 430 1283 464 sibi
1310 442 1331 464 a
1356 430 1460 465 falsis
1491 431 1728 473 „visionibus“
1752 432 1881 464 caveat

699 540 871 588 Dilingao
889 542 962 577 levi
981 542 1104 576 morbo
1123 542 1324 587 corripitur.
1363 542 1434 577 Per
1451 543 1712 577 Theodoricum
1730 543 1879 577 fratrem

759 597 808 630 lo.
836 596 1037 630 Gibbonum
1071 596 1239 629 iuvenem
1266 595 1413 639 anglum
1444 595 1558 630 Sociis
1592 597 1750 630 romanis
1786 607 1879 630 com-

759 650 906 684 mendat
935 649 1049 693 (356).

701 715 898 758 Coloniae
943 717 1061 770 apud
1104 716 1325 757 Cannium
1367 716 1641 757 absolvantur
1680 718 1708 757 2
1749 716 1880 770 prima·

757 783 858 823 tomi
904 779 1276 834 ‚‚Autlzoritatum“
1314 781 1564 836 Scripturae
1605 786 1642 823 et
1683 782 1876 834 Patrum,

754 860 832 900 per
848 847 1021 888 Petrum
1039 847 1256 888 Busaemn
1280 847 1322 888 S.
1338 846 1382 889 J.
1402 848 1666 888 collectarum
1691 852 1725 888 et
1742 846 1880 888 verbis

759 911 1010 964 „Summae“
1037 913 1287 953 canisianae
1308 913 1648 966 subscriptarum
1677 910 1815 964 (687).

696 987 736 1021 P.
757 987 793 1020 F
793 988 950 1020 rancisei
981 987 1162 1020 Turrianz'
1196 998 1284 1030 opus
1311 988 1387 1031 „De
1413 988 1663 1021 Hc'erarehicz's
1693 988 1878 1021 Ordinati-

757 1038 918 1084 om'bns‘ss
941 1041 976 1074 C.
991 1052 1101 1074 suasa
1120 1043 1361 1084 composi'tmn,
1376 1042 1491 1074 eodem
1507 1052 1650 1084 operam
1665 1042 1876 1085 conferente,

755 1095 924 1137 Dilc'ngsae
949 1096 987 1127 in
1015 1095 1124 1128 lucem
1147 1095 1272 1137 prodit
1301 1094 1416 1136 (683).

697 1153 733 1189 C.
753 1154 851 1187 iussu
871 1154 910 1188 P.
931 1153 1071 1187 Hoffaei
1090 1153 1323 1198 provincialis
1342 1151 1548 1197 Augustam
1566 1154 1676 1195 venit,
1697 1155 1737 1187 ut
1755 1153 1876 1198 aliqua

755 1207 895 1241 ratione
914 1207 952 1242 P.
973 1207 1116 1241 V'olckii
1142 1207 1177 1241 in
1198 1207 1337 1241 Italiam
1366 1207 1518 1252 profecti
1544 1207 1644 1241 vices
1671 1210 1767 1251 agat,
1795 1219 1874 1241 con—

753 1260 930 1295 fessiones
957 1260 1168 1305 excipiendo
1195 1263 1262 1295 etc.
1292 1261 1448 1305 (364s5).
1477 1275 1482 1281 ·

694 1320 869 1354 Mandatu
904 1321 1044 1354 Hoffaei
1082 1320 1315 1365 provincialis
1350 1320 1386 1354 in
1422 1320 1603 1354 Sociorum
1641 1319 1776 1354 sacello
1816 1320 1874 1353 do-

753 1375 903 1408 mestico
923 1374 990 1408 FF.
1007 1373 1174 1416 Lakneri,
1194 1373 1357 1417 Ziegleri,
1386 1373 1552 1408 Balduini
1571 1374 1614 1407 ad
1633 1373 1875 1408 sacerdotium

753 1439 837 1461 mox
857 1428 1180 1473 promovendorum
1199 1428 1270 1462 tria
1289 1430 1374 1462 vota
1398 1427 1586 1462 sollemnia
1604 1427 1739 1472 excipit
1759 1427 1874 1470 (514).

694 1488 730 1521 S.
758 1489 846 1521 Pius
872 1489 910 1522 V.
943 1490 1098 1522 Gerrino
1138 1489 1303 1530 Calenio,
1338 1500 1407 1531 per
1445 1488 1481 1522 C.
1517 1488 1588 1521 sibi
1624 1488 1874 1531 commendato,

745 1543 976 1585 prirae'leylum
1004 1543 1160 1575 concedit
1186 1543 1234 1574 ad
1261 1543 1366 1575 Secrit'
1388 1543 1487 1575 Vitas
1507 1542 1721 1574 Sanctorum
1748 1546 1777 1575 et
1806 1541 1874 1575 Ca-

750 1596 839 1628 nis-ii
877 1596 973 1638 Opus
1011 1595 1273 1628 catechistiezmz
1310 1592 1616 1639 („Anctoritates“
1655 1595 1735 1636 etc.)
1772 1606 1872 1628 excu-

751 1650 869 1682 denda
897 1648 1010 1692 (685).

691 1707 894 1742 Cardinalis
922 1707 1089 1741 Amulius
1116 1718 1136 1741 a
1164 1707 1201 1741 C.
1228 1707 1329 1752 petit,
1369 1710 1410 1741 ut
1444 1708 1479 1741 in
1506 1707 1712 1741 Helvetiam
1748 1706 1874 1741 veniat

749 1761 793 1795 ad
821 1761 1013 1805 collegium
1040 1761 1231 1795 Societatis
1259 1761 1518 1795 instituendum
1549 1761 1662 1805 (362).

689 1829 730 1872 C.
775 1830 1003 1882 Augustae
1051 1829 1212 1871 multas
1261 1829 1556 1871 confessiones
1609 1828 1773 1883 excipit
1826 1831 1870 1871 et

748 1894 1015 1936 exorcismos
1047 1908 1073 1935 a
1097 1895 1142 1937 P.
1159 1895 1300 1936 Volck
1324 1895 1477 1936 Annae
1510 1895 1562 1936 de
1585 1894 1868 1936 Bernhausen

747 1960 917 2013 puellae
959 1959 1092 2001 nobili
1133 1959 1329 2001 adhiberi
1370 1963 1549 2014 coeptos
1590 1960 1869 2014 prosequitur

747 2025 884 2077 (368).

686 2096 869 2129 Primores·
906 2095 1053 2138 hispani
1091 2106 1112 2128 α
1152 2096 1188 2129 C.
1214 2100 1350 2140 petunt7
1392 2101 1427 2128 nt
1463 2096 1647 2129 Postillam
1683 2099 1869 2140 componat

748 2148 903 2192 (384s5).

689 2210 898 2244 Centuriam
925 2210 1262 2252 lllaydeburgyensem
1288 2210 1376 2243 XII.
1404 2210 1455 2243 bis
1480 2210 1631 2243 Romam
1666 2211 1715 2243 ad
1749 2211 1866 2244 cardi·-

747 2264 863 2296 nalem
895 2263 926 2296 T
925 2264 1085 2296 rachsess
1110 2265 1216 2297 mittit
1245 2263 1399 2307 (376s7).

685 2323 852 2356 Albertns
879 2324 916 2356 V.
953 2324 1030 2356 dux
1068 2324 1105 2356 C.
1133 2323 1381 2356 catechismum
1416 2325 1452 2356 in
1489 2323 1653 2356 omnibus
1685 2324 1866 2356 Bavariae

742 2377 871 2410 scholis
897 2377 1076 2420 explicari
1101 2378 1194 2410 'iubet
1221 2376 1335 2419 (683).

685 2435 721 2470 C.
741 2437 929 2480 Augustae
957 2436 1009 2480 (in
1035 2436 1172 2481 templo
1199 2436 1232 2470 S.
1254 2436 1431 2477 Udalrici,
1468 2441 1508 2470 ut
1534 2436 1695 2480 videtur)
1723 2437 1863 2470 Annam

744 2490 788 2523 de
813 2490 1047 2524 Bernhausen
1084 2502 1105 2524 a
1141 2491 1159 2524 7
1197 2490 1431 2524 daemonibus
1463 2490 1647 2524 obsessam
1675 2502 1738 2536 per
1764 2502 1864 2524 exor-

744 2543 876 2578 cismos
903 2555 923 2577 a
950 2555 1015 2578 sex
1043 2544 1277 2578 daemonibus
1305 2544 1436 2578 liberat
1464 2544 1577 2587 (400).

682 2603 816 2636 Libros
850 2604 987 2646 aliquot
1023 2614 1129 2637 novos
1153 2604 1305 2636 Romam
1340 2604 1389 2636 ad
1423 2604 1644 2637 cardinalem
1675 2604 1865 2637 Truehsess

741 2657 849 2689 mittit
878 2656 992 2699 (377).

682 2716 872 2759 Augustae
899 2716 933 2749 in
955 2715 1148 2750 Sooietatis
1166 2716 1300 2750 sacello
1319 2716 1514 2750 domestico
1532 2716 1705 2750 mandatu
1724 2715 1864 2750 Hoffaei

740 2769 976 2814 provincialis
1001 2769 1069 2804 FF.
1096 2769 1264 2810 Fabricii,
1305 2769 1433 2811 Lineri,
1470 2769 1647 2811 Flaminii,
1683 2769 1863 2804 Winsenii

741 2823 785 2856 ad
828 2823 1069 2857 sacerdotium
1111 2834 1196 2857 mox
1238 2824 1560 2868 promovendorum
1602 2823 1861 2868 professionem

742 2876 953 2910 sollemnem
984 2877 1020 2918 (3
1047 2877 1231 2922 votorum)
1261 2878 1397 2922 excipit
1426 2878 1539 2921 (514).

685 2936 721 2970 C.
741 2934 935 2979 „Summa“
957 2936 1202 2970 Salmcmtieae
1227 2948 1303 2970 cnm
1328 2937 1490 2981 Philippa·
1508 2938 1556 2971 ΙΙ.
1583 2938 1725 2971 licentia
1753 2938 1862 2970 latine

741 2991 859 3023 editur
885 2989 999 3032 (694).

685 3049 720 3083 C.
742 3047 935 3093 ,‚Snmma“
957 3051 977 3091 (
981 3051 1142 3094 „Parvus
1162 3051 1402 3084 C'cctechismns
1423 3049 1757 3093 Catholicorum“?)
1782 3062 1861 3094 yer-

740 3104 877 3136 mam‘ce
903 3104 1022 3137 editur
1047 3104 1263 3147 lnqolstadii
1292 3104 1405 3149 (696).
