2044 3335
329 99 429 134 1737.
458 98 543 132 Can.
570 97 604 132 S.
631 97 821 132 Francisco
847 97 1010 140 Borgiae.
1060 97 1225 141 Augusta
1243 96 1348 130 Vind.
1366 96 1399 130 2.
1417 95 1508 129 Iunii
1529 95 1630 129 1571.
1775 96 1861 137 443

213 216 381 249 Libenter
397 225 419 247 a
436 214 620 247 scribendo
646 214 800 248 cessabit.
837 214 1099 257 Indulyentiam
1119 215 1219 256 petit.
1265 213 1455 255 Oenz‘ponle
1482 213 1757 245 continuatorem
1785 215 1862 253 ayet

93 269 267 312 simulque
292 270 331 301 in
355 268 582 310 scriptionem
608 267 792 309 incumbet,
819 278 1032 310 quamquam
1060 268 1107 306 iol
1123 267 1270 308 difficile
1296 267 1364 308 ipsi
1390 267 1468 299 erit.

448 332 476 384 †
510 332 603 374 Pax
635 332 792 374 Christi
824 331 947 373 nobis
981 334 1174 374 aeterna.

663 397 905 438 Admodum
940 396 1194 438 Reuerende
1227 395 1371 437 Pater.

212 470 278 511 De
308 468 430 509 libris
461 467 546 510 iam
578 468 720 510 isthuc
754 467 900 510 allatis
931 481 1016 509 non
1049 469 1257 520 repetam.
1305 465 1497 508 persisto
1524 465 1567 507 in
1590 465 1740 507 eadem
1764 478 1864 506 sen-

96 534 248 582 tentia,
291 532 395 575 mihi
435 546 540 575 sane
582 533 879 585 gratissimum
911 532 1019 582 fore,
1062 534 1110 574 ut
1142 531 1316 572 difficile
1348 531 1429 572 hoc
1461 530 1677 572 scribendi
1708 544 1864 572 munus

96 602 140 642 et
181 613 288 640 onus
329 597 487 652 aptiori
529 597 782 650 cuicumque
814 611 840 639 a
873 598 915 640 S.
939 597 989 638 D.
1014 596 1099 639 N.1
1132 595 1443 638 committatur.
1507 595 1624 637 Nihil
1668 609 1749 649 ego
1788 609 1864 649 pro

95 664 201 706 meis
234 663 406 716 quidem
438 663 658 705 laboribus
691 662 758 704 uel
793 664 990 716 expecto,
1035 661 1104 703 uel
1135 662 1237 714 peto
1270 660 1400 710 aliud,
1436 673 1563 713 quam
1597 663 1645 702 ut
1677 659 1864 702 Jubilaei

94 728 312 782 gratiam2
344 742 421 782 pro
445 728 563 770 uitae
585 742 708 769 meae
732 727 1000 769 correctione
1024 729 1068 768 et
1090 725 1371 767 innouatione
1400 739 1479 779 per
1510 724 1865 766 intercessionem

95 794 143 837 T.
169 794 214 837 P.
251 793 456 846 consequi
489 793 664 848 possim.

213 858 340 901 Nunc
372 858 511 900 solum
545 857 700 908 scribo,
744 860 792 899 ut
825 856 1039 911 explicem
1071 855 1263 898 animum
1296 868 1438 896 meum
1471 854 1513 895 in
1547 854 1626 906 his,
1670 868 1781 907 quae
1815 854 1866 896 de

94 937 163 968 me
195 923 370 978 scripsit
403 924 448 965 P.
473 923 521 965 T.
556 922 611 965 ad
643 922 690 964 P.
714 922 769 964 N.
803 921 1129 964 Prouintialem.
1193 921 1298 962 Cum
1329 920 1406 962 illa
1438 919 1541 961 mihi
1573 919 1760 973 legenda
1793 919 1867 961 de·

93 990 269 1039 disset3‚
315 1002 542 1041 meamque
589 990 791 1040 rogasset
834 986 1121 1035 sententiam,
1168 999 1215 1027 re
1260 984 1302 1026 in
1346 984 1528 1027 Domino
1576 984 1865 1033 considerata,

95 1054 176 1096 hoc
208 1068 277 1096 me
309 1054 527 1095 facturum
561 1052 710 1101 obtuli,
753 1052 866 1104 quod
898 1051 1039 1094 innuit
1072 1052 1117 1094 P.
1153 1051 1200 1093 T.
1236 1050 1317 1092 sibi
1349 1051 1535 1104 placere,
1579 1049 1780 1091 nimirum
1819 1052 1867 1092 ut

97 1119 252 1173 studiJ's
284 1118 463 1169 relictis,
497 1118 566 1159 uel
589 1117 830 1170 Augustae,
864 1118 933 1158 uel
960 1117 1029 1158 in²
1051 1116 1263 1170 Alpibus4
1297 1115 1541 1170 operarium
1576 1117 1620 1157 et
1643 1114 1868 1157 contiona-

96 1187 236 1227 torem
271 1184 339 1226 dei
371 1183 516 1237 gratia
549 1185 782 1237 praestem.
846 1182 937 1225 Aut
978 1182 1013 1223 si
1056 1182 1211 1236 studijs
1254 1181 1337 1223 erit
1378 1181 1505 1223 simul
1547 1180 1791 1222 uacandum
1825 1182 1869 1222 et

96 1249 380 1299 contionibus,
427 1248 541 1302 quod
583 1247 771 1301 aliquam
818 1247 990 1290 adferet
1031 1246 1137 1288 mihi
1178 1246 1497 1295 difficultatem,
1545 1246 1633 1287 dixi
1678 1259 1746 1287 me
1787 1245 1868 1287 hac

96 1315 227 1358 etiam
260 1315 304 1356 in
336 1317 462 1369 parte
494 1313 790 1368 superioribus
822 1312 929 1354 meis
962 1312 1217 1367 pariturum,
1261 1311 1344 1354 etsi
1384 1311 1511 1354 tarde
1549 1311 1611 1353 ita
1644 1310 1868 1353 conficiam

95 1380 276 1434 reliqua,
319 1383 366 1422 ut
399 1393 565 1428 uereor,
609 1378 644 1420 si
686 1392 814 1432 porro
856 1378 1022 1420 edenda
1063 1378 1190 1432 plura
1231 1377 1506 1420 uidebuntur.
1570 1375 1689 1418 Nihil
1729 1375 1869 1417 dicam

96 1445 294 1500 amplius,
337 1444 417 1487 nisi
460 1444 574 1498 quod
615 1444 799 1493 doleam,
842 1457 910 1485 me
951 1443 1064 1485 sicut
1106 1442 1226 1494 alios}
1270 1442 1313 1484 in
1354 1444 1540 1495 utroque
1572 1441 1680 1492 foro,
1727 1444 1776 1484 ut
1808 1441 1869 1482 sic

96 1511 259 1562 dicam,
306 1524 393 1552 non
435 1523 530 1552 esse
573 1508 833 1559 uersatumb‚
880 1508 955 1550 sed
1001 1522 1133 1561 aegre
1178 1521 1306 1562 posse
1355 1507 1482 1549 simul
1527 1507 1581 1549 ad
1627 1506 1869 1549 Cathedrae

98 1576 450 1630 Oefflpontanae,
501 1588 629 1628 quam
678 1574 724 1617 P.
768 1573 1050 1616 Prouintialis
1098 1573 1200 1615 mihi
1249 1572 1498 1627 deputaust..
1548 1574 1592 1614 et
1639 1572 1870 1614 inchoatae

96 1640 345 1696 scriptionis
386 1639 693 1682 ministeriumc
733 1639 994 1682 incumbere.
1059 1639 1254 1682 Tentabo
1296 1641 1445 1681 tamen
1487 1637 1638 1687 libens,
1682 1638 1869 1679 confisus

96 1706 369 1749 obedientiae
408 1709 589 1748 sanctae
622 1705 798 1755 uirtute,
842 1706 887 1746 et
918 1703 962 1746 in
996 1718 1047 1746 ea
1080 1718 1156 1759 spe
1190 1704 1468 1753 constitutus,
1503 1705 1551 1745 ut
1583 1706 1660 1746 aut
1691 1702 1735 1744 in
1762 1702 1869 1744 scri-

96 1772 236 1814 bendo
270 1771 540 1822 cessandum,
576 1772 652 1813 aut
683 1770 810 1813 tarde
842 1769 1205 1824 progrediendum
1239 1769 1308 1812 sit.
1360 1769 1474 1824 Opto
1508 1771 1627 1811 certe
1659 1768 1736 1810 illa
1759 1781 1870 1821 quae

96 1837 150 1880 ad
173 1851 358 1879 messem
382 1836 652 1891 spiritualem
675 1835 910 1890 pertinent,
941 1835 1201 1890 praesertim
1224 1835 1267 1877 in
1301 1835 1382 1877 hac
1416 1834 1660 1889 prouintiae
1692 1836 1870 1876 nostrae

95 1903 371 1953 necessitate,
405 1901 560 1957 positis
595 1901 792 1943 omnibus
827 1915 1073 1956 procurare,
1107 1901 1298 1954 nihilque
1321 1915 1390 1943 me
1413 1900 1467 1942 ad
1490 1901 1571 1942 hoc
1595 1899 1664 1941 uel
1691 1898 1870 1948 animat,

97 1969 164 2010 uel
198 1968 381 2023 impellit
413 1967 565 2021 magis,
610 1981 738 2020 quam
780 1967 894 2020 quod
935 1967 1205 2021 superiorum
1247 1965 1465 2008 uoluntati
1506 1968 1550 2007 et
1595 1963 1872 2019 propensioni

97 2034 247 2076 uidear
287 2033 428 2087 magis
469 2033 728 2077 satisfacere
770 2046 912 2087 posse.
977 2032 1083 2075 Oret
1120 2046 1197 2086 pro
1231 2046 1300 2074 me
1333 2031 1564 2074 Dominum
1598 2031 1644 2074 P.
1669 2030 1717 2073 T.
1752 2029 1872 2072 cuius

98 2100 150 2142 de
190 2101 284 2142 toto
326 2099 462 2141 librod
504 2098 671 2153 primo5
712 2098 916 2140 iudicium
955 2101 1000 2140 et
1032 2097 1346 2140 correctionem
1380 2099 1578 2151 expecto.
1645 2097 1871 2148 Augustae

97 2165 233 2220 pridie
266 2165 324 2208 S.⁹
348 2165 631 2207 Pentecostes
667 2165 793 2207 1571.
1047 2199 1209 2241 Seruus
1242 2198 1286 2240 in
1319 2197 1513 2241 Christos
1542 2200 1585 2240 et
1618 2197 1744 2247 filius,

1182 2264 1340 2306 Petrus
1373 2263 1584 2305 Canisius.

217 2342 245 2394 †
277 2341 520 2384 Admodum
554 2341 839 2383 Reuerendog
883 2340 926 2382 in
959 2341 1129 2383 Christo
1171 2340 1288 2395 patri
1322 2340 1369 2383 P.
1403 2339 1635 2382 Francisco
1669 2337 1870 2390 Borgiae,

100 2407 355 2462 Praeposito
387 2407 583 2461 generali
617 2407 848 2449 Societatis
880 2406 999 2456 Jesu,
1034 2406 1155 2449 Patri
1187 2409 1350 2449 nostro.
1465 2404 1642 2446 Romae.

221 2483 261 2517 P.
290 2485 471 2518 Henricus
496 2484 699 2517 Winsenius
737 2482 771 2517 S.
799 2483 832 2517 J.
870 2482 1059 2516 Monachio
1098 2482 1154 2515 27.
1189 2481 1281 2515 Iunii
1316 2481 1404 2516 1571
1446 2481 1485 2515 P.
1524 2479 1707 2514 Leonardo
1746 2478 1872 2514 Kessel

102 2537 232 2572 rectori
268 2536 461 2571 coloniensi
489 2536 665 2580 *scripsit
700 2536 743 2570 de
769 2536 932 2571 Canisioz
974 2537 1182 2578 „Augustae
1217 2535 1404 2578 hucusque
1440 2536 1521 2579 post
1556 2532 1874 2576 congregationem

221 2602 249 2631 a)
271 2603 296 2627 B
312 2609 491 2633 perperam:
510 2601 559 2627 uel
580 2601 738 2633 Augustae
759 2600 859 2626 uelim.
951 2600 982 2632 b)
1004 2601 1030 2625 B
1046 2608 1226 2632 perperam:
1245 2606 1306 2624 non
1327 2598 1546 2624 asseueratum.
1621 2600 1646 2628 c)
1670 2599 1729 2622 Hoc
1752 2605 1774 2621 zv.
1795 2597 1873 2622 deest

100 2643 129 2668 in
153 2644 188 2669 B.
244 2642 273 2671 (l)
295 2644 435 2675 Sequitur
454 2650 532 2674 meo,
553 2651 569 2667 α
592 2644 620 2668 C.
641 2643 731 2668 oblim.
807 2646 834 2669 e>
857 2643 916 2667 Hoc
935 2642 1015 2667 deest
1037 2642 1065 2666 In
1087 2642 1121 2666 B.
1195 2641 1223 2667 s]
1248 2642 1311 2666 Duo
1333 2649 1373 2665 υυ.
1395 2648 1453 2672 sqq.
1474 2641 1503 2664 vin
1526 2641 1552 2664 B
1572 2640 1687 2664 desunt.
1761 2639 1792 2670 g)
1814 2639 1875 2663 Hor:

102 2692 127 2709 v.
147 2685 179 2709 in
199 2686 225 2709 B
245 2685 331 2710 deest.

224 2783 233 2802 ¹
261 2781 296 2816 S.
323 2781 386 2815 Pio
405 2780 468 2822 V.;
495 2780 556 2825 qui
584 2779 765 2814 Canisium
793 2781 918 2813 contra
945 2778 1137 2813 centurias
1161 2778 1494 2822 Magdeburgenses
1520 2776 1677 2811 scribere
1704 2775 1874 2810 iusserat.

221 2835 235 2855 ²
261 2834 528 2878 Indulgentiam
554 2834 770 2879 plenarimm
800 2833 844 2867 cf.
863 2844 973 2877 supra
1000 2844 1033 2876 p.
1053 2832 1108 2866 59.

224 2890 236 2909 ³
262 2888 315 2922 De
340 2888 453 2922 variis
479 2887 646 2933 epistulis
672 2899 714 2921 ea
741 2887 784 2920 de
810 2898 848 2920 re
875 2897 894 2920 a
921 2885 1055 2928 Borgia
1082 2885 1125 2919 ad
1154 2885 1194 2919 P.
1221 2884 1373 2918 Paulum
1401 2883 1590 2918 Hoffaeum
1618 2882 1876 2928 provincialem

104 2942 199 2976 datis
225 2953 259 2976 v.
286 2942 391 2981 infra,
418 2953 512 2976 mon.
540 2953 616 2975 oen.
648 2940 738 2984 (16).

224 2996 235 3014 ⁴
262 2995 452 3038 Augustae
479 2995 512 3029 in
541 2995 694 3029 ecclesia
722 2992 922 3028 cathedrali
951 2992 1042 3036 (loco
1070 2992 1110 3026 P.
1137 2991 1303 3035 Gregorii
1330 2991 1496 3034 Roseffii)
1525 2990 1585 3025 vel
1612 2990 1813 3035 Oeniponte
1840 2990 1877 3023 in

105 3048 188 3082 aula
213 3048 429 3082 Ferdinandi
456 3049 501 3083 Π.
528 3047 750 3087 archiducis;
778 3059 812 3081 v.
840 3047 945 3088 infra,
972 3057 1065 3080 mon.
1093 3057 1171 3080 oen.
1200 3045 1291 3089 (16).

225 3103 237 3121 ⁵
264 3101 409 3136 Librum
436 3102 479 3136 de
506 3102 540 3136 S.
568 3102 699 3136 Ioanne
725 3101 894 3146 Baptista
921 3101 1045 3134 contra
1073 3098 1342 3133 Centuriatores
1370 3099 1542 3143 scriptum
1571 3097 1764 3141 significat.
