2044 3335
620 61 786 105 Augusta
804 61 911 95 vind.
930 61 986 96 29.
1007 60 1172 95 Octobris
1193 59 1295 94 1569.
1754 61 1839 101 369

77 184 216 237 pecto,
260 183 305 222 et
345 193 413 221 me
454 181 594 222 totum
630 179 845 221 uoluntati
878 178 1146 233 superiorum
1179 177 1398 232 permitto,
1441 175 1533 218 siue
1564 190 1633 218 me
1664 176 1842 218 Confes-

79 246 239 289 sarium
281 244 349 286 hic
391 257 580 295 manere,
623 244 714 285 siue
757 244 810 286 ad
853 243 1162 285 absoluendum
1205 256 1311 296 opus
1346 242 1591 296 incoeptum
1624 240 1842 294 Dilingam

79 311 218 354 redire
258 309 449 352 iubeant.
512 308 690 352 Vtinam
732 308 885 350 redeat
926 309 1007 350 huc
1048 310 1218 350 mature
1251 307 1298 350 Ρ.
1317 306 1614 357 VVendelinus,
1657 309 1701 349 et
1733 305 1843 348 hanc

79 374 341 431 prouintiam
381 373 536 416 liberet
575 376 668 416 tam
708 373 834 426 graui
874 387 1051 415 munere
1093 375 1137 415 et
1170 385 1312 422 onere,
1356 371 1469 425 quod
1500 371 1544 413 in
1576 370 1845 426 expellendis

81 439 359 483 daemonibus
403 439 538 481 semel
581 438 635 481 ab
680 452 730 480 eo
775 442 1044 492 susceptum,
1091 437 1291 479 deserere
1335 451 1420 478 non
1464 451 1591 490 posse
1636 436 1844 478 uidemur.

80 504 268 559 Fuggeri
299 503 371 546 isti
403 506 496 546 tum
529 503 766 551 absentem,
799 506 893 546 tum
924 506 1201 557 praesentem
1233 515 1363 543 unum
1396 515 1419 543 e
1449 502 1610 544 nostris
1632 503 1847 555 occupant

81 570 202 620 satis,
236 583 286 611 ac
309 569 415 610 duos
446 569 670 623 postulant
692 568 927 622 operarios,
962 568 1034 622 qui
1056 567 1165 610 satis
1197 566 1383 609 habenta
1415 580 1511 608 cum
1533 567 1618 608 illis
1640 565 1802 620 negotij
1820 566 1846 608 ¹.

202 635 434 688 speramus
481 635 628 676 autem
676 636 720 676 et
767 636 968 688 optamus
1016 631 1268 681 admodum,
1316 632 1366 672 vt
1406 631 1614 673 Dominus
1656 632 1848 674 Joannes

82 701 309 753 Fuggerus
335 698 464 742 isthic
495 701 711 753 proponat
733 698 863 741 dubia
885 712 977 748 sua,
1012 711 1122 751 quae
1144 696 1264 738 illum
1298 698 1342 738 et
1364 710 1442 737 nos
1464 696 1620 738 merito
1642 697 1847 748 torquent

82 765 127 807 in
157 763 429 820 possessione
459 764 680 814 bonorum,
715 766 759 806 et
782 763 992 805 exercitio
1015 761 1374 816 negotiationum.
1418 760 1684 803 Liberandus
1718 760 1847 802 etiam

85 833 152 873 est
192 843 368 884 prorsus
410 842 570 879 errore,
613 842 739 882 quem
780 828 948 870 imbibit
990 830 1034 870 et
1067 826 1260 869 defendit
1291 825 1507 868 mordicus
1540 826 1592 867 de
1625 825 1850 868 animabus

84 898 375 945 mortuorum,
418 894 611 946 adeoque
653 893 956 936 damnatorum
998 892 1239 942 hominum,
1283 905 1394 945 quae
1434 905 1584 933 rursus
1625 890 1668 932 in
1710 890 1851 932 aliena

84 960 273 1014 migrent
305 973 499 1013 corpora,
542 961 587 1001 et
626 958 777 1012 poenis
819 961 1096 1012 peccatorum
1137 971 1312 999 suorum
1345 956 1448 1011 perb
1479 956 1742 999 exorcistam
1775 968 1852 996 ex-

84 1025 286 1067 imantur.
344 1023 585 1078 Expediret
616 1037 807 1078 prorsuS,
841 1023 923 1065 huc
955 1024 1006 1066 D.
1031 1023 1233 1065 Vrsulam
1268 1022 1354 1065 cito
1387 1021 1562 1072 reuerti,
1596 1023 1645 1064 vt
1678 1034 1852 1062 suorum

86 1104 234 1133 curam
255 1089 548 1131 necessariam
574 1092 762 1142 gereret,
796 1088 908 1130 idem
933 1089 985 1131 de
1007 1088 1190 1130 Domino
1213 1088 1382 1130 Joanne
1404 1087 1597 1130 iudicant
1620 1086 1852 1141 sapientes

205 1156 274 1197 Ex
306 1154 521 1197 adiunctis
553 1153 770 1208 intelliget
802 1154 848 1196 P.
883 1154 931 1197 T.
965 1153 1066 1207 quid
1097 1167 1123 1196 a
1155 1166 1223 1194 me
1261 1152 1453 1207 postulet
1484 1151 1716 1194 Jllustriss.
1750 1151 1854 1193 Car-

88 1218 311 1275 dina[lis]⁰
342 1219 582 1270 Amulius2,
627 1219 694 1261 cui
736 1233 820 1261 non
862 1219 1149 1274 respondebo,
1192 1217 1275 1260 nisi
1317 1218 1477 1260 certior
1516 1218 1618 1259 fiam
1650 1216 1769 1271 prius
1802 1216 1853 1257 de

87 1288 231 1328 mente
263 1285 311 1328 P.
347 1283 453 1339 [T.].
518 1284 712 1339 Scripsit,
746 1287 795 1327 ut
827 1287 945 1338 puto,
979 1284 1130 1326 eadem
1163 1283 1215 1325 de
1248 1297 1294 1325 re
1328 1283 1373 1325 P.
1397 1282 1691 1325 Prouintialis.

207 1350 466 1393 Commendo
499 1364 567 1391 me
599 1352 643 1392 et
675 1348 981 1403 Augustanam
1013 1349 1125 1392 hanc
1156 1362 1342 1391 messem
1384 1347 1609 1401 sacrificijs
1642 1349 1686 1390 et
1718 1346 1856 1401 preci-

91 1414 210 1472 [bus]
238 1415 444 1459 P.¹¹T.in
478 1414 683 1457 Christo
715 1415 840 1457 Jesu
873 1415 1074 1457 domino
1108 1415 1328 1456 nostro3.
1382 1414 1610 1468 Augustae
1629 1414 1682 1455 29
1703 1412 1855 1455 Octob.

93 1480 265 1537 1[569·]
694 1515 912 1570 Jndignus
944 1516 989 1558 in
1021 1515 1191 1558 Christo
1224 1528 1378 1557 seruus
1410 1515 1457 1557 P.
1482 1512 1736 1569 Ca[nisius.]

208 1589 235 1640 †
268 1586 512 1629 Admodum
553 1587 808 1628 Reuerendo
848 1587 892 1628 in
934 1587 1104 1629 Christo
1146 1586 1282 1641 patri,
1331 1586 1378 1629 P.
1409 1585 1640 1628 Francisco
1681 1584 1856 1638 Borgia,

90 1652 344 1708 Praeposito
377 1651 572 1705 generali
605 1651 835 1694 Societatis
867 1653 986 1695 Jesu.
1109 1652 1287 1694 Romae.

210 1728 307 1770 Quae
334 1727 499 1761 Canisius
525 1727 567 1761 de
593 1727 770 1771 Fuggeris
796 1726 930 1769 scribit,
958 1727 1215 1761 confirmantur
1241 1726 1402 1761 *litteris
1429 1726 1629 1771 Oeniponte
1655 1725 1687 1760 8.
1707 1724 1859 1759 Novem-

90 1783 164 1817 bris
185 1782 274 1817 1569
293 1781 337 1815 ab
355 1781 507 1824 Hoffaeo
525 1781 569 1814 ad
586 1780 757 1823 Borgiam
776 1780 881 1814 datis.
924 1780 1163 1825 „Principes“,
1190 1780 1307 1824 inquit
1325 1780 1396 1821 ille,
1427 1791 1620 1825 „personae
1640 1779 1777 1823 aliquot
1803 1778 1858 1812 hic

92 1838 127 1870 et
152 1836 188 1870 in
214 1834 393 1869 Bauaria⁴²
420 1833 514 1868 haud
541 1845 666 1879 parum
693 1834 850 1868 offensae
876 1836 971 1875 sunt,
1003 1834 1097 1878 quod
1123 1833 1275 1868 Domina
1302 1833 1435 1868 Vrsula
1461 1834 1497 1868 in
1523 1833 1643 1868 causis
1669 1832 1859 1877 spirituum

91 1890 127 1924 in
154 1888 345 1924 Germania
372 1888 548 1922 neminem
584 1887 706 1922 audire
733 1887 898 1928 voluerit,
934 1887 997 1922 sed
1023 1887 1173 1921 Romam
1208 1899 1270 1933 pro
1306 1887 1482 1932 sapientia
1518 1886 1569 1921 ire
1603 1885 1790 1920 maluerit:
1828 1886 1862 1918 et

91 1945 189 1978 certo
215 1942 261 1976 ha
286 1953 390 1986 perso
417 1952 507 1984 gran
533 1941 677 1981 credito,
705 1942 741 1975 et
767 1941 978 1975 existimant
996 1941 1090 1985 quod
1108 1940 1240 1975 habeat
1258 1940 1553 1985 superbissimum
1572 1939 1749 1985 spiritum.
1785 1938 1861 1982 Ego

92 1996 234 2041 quidem
254 1997 404 2030 conatus
421 2006 498 2029 sum
518 1995 632 2040 ipsam
660 2006 835 2039 purgare:
861 1994 924 2028 sed
943 1994 1124 2039 principes
1142 1993 1326 2039 obijciunt,
1353 1994 1519 2028 excusari
1547 2005 1625 2028 eam
1651 2004 1721 2027 non
1747 2003 1862 2037 posse,

92 2061 174 2084 nam
200 2049 377 2093 inquiunt,
403 2060 468 2082 nos
493 2048 561 2093 ipsi
587 2060 630 2082 ac
647 2048 761 2093 nostrj
786 2059 904 2082 coram
932 2047 1135 2082 audiuimus
1162 2048 1277 2092 ipsam
1304 2049 1339 2081 et
1358 2047 1549 2082 Dominum
1570 2046 1746 2081 Joannem
1772 2045 1862 2091 peri-

93 2103 214 2138 culose
250 2102 293 2136 de
328 2101 515 2136 animabus
550 2101 788 2136 disserentes:
823 2113 890 2136 nec
923 2103 1075 2146 possunt
1110 2112 1237 2146 capere
1273 2112 1342 2145 quo
1378 2101 1495 2136 colore
1522 2100 1634 2145 nostrj
1662 2101 1778 2145 ipsam
1805 2099 1863 2133 ab-

93 2155 268 2192 soluerint
293 2157 329 2189 et
352 2154 634 2189 communionem
662 2155 825 2189 dederint
851 2155 934 2189 dum
952 2166 1033 2189 cum
1052 2155 1210 2189 omnium
1227 2154 1370 2200 iudicijs
1396 2157 1586 2199 pugnaret.
1622 2154 1720 2187 Haec
1746 2152 1863 2187 scribo

94 2210 136 2244 R.
154 2209 198 2244 V.
218 2209 258 2243 P.
276 2210 318 2242 vt
342 2208 471 2242 bonam
497 2211 649 2243 matrem
667 2208 842 2243 saniorem
871 2209 1044 2249 remittat,
1070 2219 1112 2243 ac
1138 2208 1246 2242 simul
1270 2208 1427 2242 instruat
1445 2208 1484 2242 P.
1500 2207 1753 2241 Wendelinum
1780 2206 1863 2250 quid

94 2263 132 2299 in
156 2264 339 2308 posterum
375 2261 494 2296 facere
521 2261 637 2303 debet,
672 2264 713 2296 vt
737 2262 909 2296 maiorem
934 2264 1080 2296 tueatur
1106 2262 1339 2296 autoritatem
1364 2261 1399 2295 in
1426 2261 1594 2304 regendis
1620 2261 1700 2295 istis
1726 2259 1864 2294 duabus

95 2315 289 2362 personis.“
328 2315 424 2349 [dem
444 2316 619 2358 Hoffaeus
636 2314 804 2358 Borgiam
820 2315 1019 2360 Oeniponte
1035 2316 1089 2350 11.
1104 2315 1312 2350 Decembris
1329 2315 1419 2350 1569
1438 2317 1454 2333 *
1466 2314 1612 2352 monuit.
1631 2326 1675 2349 ne
1690 2312 1865 2356 Fuggeris

94 2369 244 2404 nimium
270 2369 491 2403 concederet.
547 2368 698 2410 „Valent
723 2368 874 2403 Domina
900 2369 1034 2403 Vrsula
1060 2370 1096 2402 et
1121 2368 1163 2403 D.
1183 2369 1341 2403 Joannes
1368 2369 1402 2402 in
1430 2367 1676 2412 persuadendo
1697 2394 1728 2401 ..
1749 2393 1768 2407 .,
1795 2368 1865 2400 tra·

96 2424 187 2458 hunt
212 2434 316 2458 suum
343 2421 610 2457 Confessarium
636 2433 705 2466 quo
731 2422 878 2456 volunt“
910 2422 972 2465 (ex
998 2422 1251 2467 autographis;
1281 2421 1322 2457 G.
1350 2421 1414 2466 Ep.
1441 2421 1473 2455 X
1498 2421 1523 2455 f.
1545 2421 1627 2455 124³
1655 2420 1765 2465 132³).

217 2487 367 2532 Borgias
395 2487 538 2522 Canisio
564 2486 749 2532 respondit
774 2487 830 2521 26.
849 2487 1063 2522 Novembris
1091 2487 1193 2521 1569.

218 2552 246 2584 a)
267 2554 292 2577 A
313 2553 342 2577 C.
357 2561 430 2578 corr.
445 2561 480 2577 ατ
500 2551 641 2578 habeant.
703 2551 733 2584 b)
755 2553 924 2584 Sequuntur
943 2561 985 2577 vv.
1000 2550 1192 2577 sacerdotem
1214 2550 1272 2581 uel,
1291 2560 1307 2575 υ
1330 2552 1359 2576 C.
1374 2551 1464 2575 omitt.
1528 2552 1554 2582 c)
1576 2551 1713 2583 Epistula
1734 2559 1751 2576 α
1767 2551 1865 2576 biblio-

95 2602 169 2627 peyo
182 2595 213 2620 in
228 2595 351 2620 codicem
365 2595 477 2619 'inserta
492 2598 533 2619 est
548 2597 604 2619 tam
617 2595 724 2625 inepte,
740 2597 768 2618 ut
778 2595 919 2625 postremi
932 2595 1013 2619 illias
1024 2602 1126 2619 versus
1137 2594 1248 2624 intem-e
1260 2593 1316 2624 Ieyi
1327 2593 1513 2624 nonpossint.
1571 2591 1601 2624 d)
1616 2594 1641 2617 A
1657 2594 1685 2618 ζ’.
1698 2601 1772 2618 corr.
1784 2601 1819 2617 ex
1833 2591 1868 2618 R.

224 2684 234 2703 ¹
260 2683 299 2717 P.
326 2683 550 2716 Wendelinus
587 2682 691 2716 Vo'lck
724 2682 761 2716 in
797 2681 971 2716 *Litteris
1009 2681 1137 2715 annuis
1172 2682 1339 2724 Augusta
1377 2680 1609 2723 31.Augusti
1645 2680 1735 2715 1569
1774 2679 1868 2714 datis

102 2736 278 2771 affirmat:
319 2735 427 2778 „Cum
463 2735 666 2770 illustribus
701 2734 863 2780 personis
897 2734 934 2768 in
968 2734 1036 2768 hac
1066 2734 1214 2768 ciuitate
1240 2734 1342 2768 nobis
1367 2733 1526 2768 maxima
1552 2734 1776 2768 conuersatio
1803 2736 1869 2775 est,

101 2790 161 2835 qui
187 2801 253 2824 sua
279 2789 499 2824 authoritate
525 2789 614 2823 alios
641 2789 684 2823 ad
711 2788 923 2831 religionem
949 2790 985 2822 et
1010 2787 1193 2822 meliorem
1219 2788 1361 2830 frugem
1387 2786 1545 2829 trahunt,
1572 2787 1633 2831 qui
1659 2789 1695 2821 et
1719 2789 1871 2821 utuntur

102 2845 305 2878 nostrorum
331 2842 476 2877 consilio
495 2842 722 2885 grauissimis
740 2842 775 2875 in
794 2842 911 2876 rebus.
948 2841 1150 2875 Penderent
1176 2852 1222 2875 ex
1247 2843 1450 2875 nostrorum
1477 2843 1620 2886 patrum
1646 2840 1870 2885 beneplacito

103 2897 198 2931 omni
232 2896 268 2929 in
293 2908 342 2937 re,
377 2896 446 2930 nisi
481 2896 596 2930 multa
630 2896 825 2940 prudenter
858 2896 981 2940 patres
1006 2894 1320 2938 subterfugerent⁴⁶
1352 2894 1415 2938 (ex
1441 2894 1656 2940 archetypo3
1692 2894 1735 2929 G.
1754 2894 1819 2939 Ep.
1838 2893 1870 2927 X

104 2950 128 2985 f.
148 2950 192 2985 86
221 2949 293 2992 87).
440 2949 453 2969 2
478 2949 569 2983 Vide
595 2961 705 2994 supra
731 2961 764 2993 p.
784 2949 863 2983 362.
1004 2948 1016 2967 ³
1041 2947 1130 2981 Rom
1157 2948 1189 2989 6,
1219 2949 1259 2982 11
1287 2948 1332 2982 23
1360 2951 1449 2989 etc.;
1476 2959 1510 2982 v.
1537 2959 1646 2993 supra
1673 2959 1706 2993 p.
1726 2948 1821 2983 209⁹.

224 3004 236 3022 4
263 3002 480 3045 Magdalena
506 3005 542 3036 et
568 3002 705 3036 Helena
731 3002 875 3046 reginae
902 3003 947 3042 et,
973 3003 1069 3046 puto,
1096 3001 1342 3035 Ferdinandus
1360 3001 1403 3037 Π.
1430 3000 1615 3043 archidUX,
1643 3001 1812 3036 Albertus
1827 3000 1870 3034 V.

106 3056 281 3091 Bavariae
307 3056 391 3096 dux,
418 3055 632 3091 Guilielmus
658 3055 754 3090 filius
780 3055 868 3089 eius.

176 3118 489 3153 Braunsberger,
510 3119 621 3146 Canisii
640 3119 795 3153 Epistulae
817 3119 848 3145 et
868 3119 952 3145 Acta.
983 3118 1032 3146 VI.
1541 3115 1586 3149 24
