2044 3335
669 114 724 148 24.
744 114 902 158 Augusti
927 116 963 148 et
989 114 1020 148 6.
1041 113 1206 148 Octobris
1236 113 1338 148 1571.
1800 114 1883 154 749

122 227 167 269 Si
188 229 347 281 posset
379 228 533 270 adduci
566 229 765 284 princeps
797 230 883 279 ille,
917 230 1036 284 prius
1059 233 1107 272 ut
1140 229 1288 272 audire
1315 232 1487 272 tamena
1510 229 1763 282 dignaretur
1786 227 1886 269 doc-

121 291 294 342 trinam,
329 306 456 345 quam
490 293 728 336 inauditam
763 295 1089 338 condemnauit:
1124 295 1167 336 in
1201 297 1365 337 certam
1391 308 1512 348 spem
1534 293 1740 341 uenirem,
1775 292 1887 345 quod

121 356 270 399 statim
302 357 415 399 idolo
447 358 545 401 istib
577 373 654 401 suo
677 359 959 401 Jslebiensi1⁰
980 360 1181 401 nuncium
1204 360 1470 401 remitteret:
1504 359 1563 400 Et
1594 358 1648 400 ad
1671 357 1888 399 Christum

119 421 163 463 in
195 422 420 465 Bethleem
462 426 624 475 natum,
668 439 715 466 se
755 429 895 467 totum
938 424 1260 467 conuerteretd:
1303 426 1434 477 atque
1475 424 1538 466 ita
1571 423 1743 466 sublato
1777 423 1886 472 odio,

121 501 204 540 quo
237 487 320 530 fuit
351 502 430 541 per
451 502 551 530 suos
573 489 796 531 ministros
822 490 1130 539 inflammatus,
1166 490 1220 530 ad
1243 489 1455 532 unitatem
1480 488 1714 538 Ecclesiae,
1748 488 1886 541 primo

120 566 290 605 quoque
330 555 526 606 tempore
567 567 614 595 se
655 556 934 607 aggregaret.
998 554 1226 596 Caeterum
1269 568 1347 608 per
1388 567 1513 607 quem
1547 552 1767 606 negotium
1806 552 1886 593 1100

119 619 238 659 recte
280 618 431 659 confici
471 618 621 672 possit,
665 619 795 661 alium
835 633 919 661 non
951 619 1133 673 reperio,
1176 621 1353 673 praeter
1384 618 1735 661 Jllustrissimam
1769 617 1886 659 Cels:

119 682 347 724 Vestram:
381 696 492 736 quae
514 683 551 724 si
583 684 779 726 mitteret
812 685 866 726 ad
899 698 993 726 eum
1019 683 1219 737 aliquem,
1254 684 1349 736 quie
1374 698 1469 725 cum
1492 697 1542 724 eo
1564 685 1779 725 tractaret
1807 682 1887 724 hac

120 746 172 788 de
204 761 264 797 re,
299 747 369 789 uel
401 762 479 802 per
507 748 776 790 occasionem
809 749 851 790 id
882 749 977 803 ipsa
1009 748 1187 798 faceret,
1223 748 1260 789 si
1293 748 1464 801 quando
1498 747 1742 802 praesentis
1774 747 1889 788 illius

118 814 317 866 potestas
350 813 550 855 daretur:
583 816 753 856 tantum
789 814 840 855 de
873 813 1168 855 misericordia
1191 813 1268 855 Dei
1303 813 1483 862 confido,
1521 812 1634 865 quod
1666 811 1771 853 illisf
1798 815 1887 854 tam

118 877 201 931 piis
233 878 459 920 conatibus
491 878 666 920 minime
699 878 927 921 defuturus
959 881 1090 923 esset.
1140 878 1259 920 Nihil
1291 881 1437 920 autem
1470 877 1592 919 initio
1617 877 1732 918 aliud
1761 891 1889 929 quam

119 943 433 997 explorandum
466 943 656 985 animum
688 944 803 985 illius
837 958 932 986 esse
966 957 1200 994 censerem,
1245 957 1301 985 an
1335 943 1392 985 sit
1431 943 1612 989 laturus,
1656 945 1704 983 ut
1736 942 1890 995 aliquis

119 1008 174 1050 ad
215 1022 311 1050 eum
345 1008 525 1062 Papista
565 1008 836 1051 mitteretur:
880 1023 935 1050 ex
977 1023 1059 1062 quo
1102 1022 1212 1062 quae
1254 1008 1311 1051 sit
1346 1007 1569 1050 Ecclesiae
1608 1006 1805 1049 doctrina
1838 1007 1890 1048 de

118 1073 247 1115 rebus
270 1073 575 1124 controuersis,
611 1073 827 1127 expiscari
860 1078 1019 1128 posset.
1070 1074 1113 1116 Si
1146 1073 1274 1115 facile
1298 1087 1345 1114 se
1368 1073 1558 1115 laturum
1581 1072 1886 1126 responderet:

118 1152 213 1180 meo
245 1138 416 1189 iudicio,
449 1138 731 1180 Reuerendus
754 1139 886 1181 Pater
909 1139 1117 1189 Canisius,
1152 1139 1206 1180 ad
1239 1152 1335 1180 eum
1359 1137 1552 1191 ablegari
1574 1141 1692 1180 recte
1714 1140 1884 1190 posset:

118 1203 204 1257 qui,
249 1218 345 1246 011111
378 1218 463 1246 11011
496 1204 694 1246 1100111113
726 1205 865 1257 magis
904 1218 1032 1257 quam
1073 1204 1238 1258 pietate
1271 1203 1328 1246 sit
1368 1203 1562 1256 insignis,
1606 1204 1650 1244 et
1690 1203 1726 1243 si
1768 1201 1883 1255 quis-

119 1283 248 1322 quam
281 1269 391 1311 alius
432 1270 475 1311 in
516 1269 612 1312 istis
645 1270 952 1311 controuersiis
986 1269 1232 1323 cumprimis
1265 1268 1554 1311 exercitatus:
1596 1281 1681 1309 non
1720 1267 1882 1317 dubito,

119 1334 220 1387 quin
262 1337 306 1376 et
347 1335 545 1389 exemplo
583 1349 674 1385 suo,
718 1337 762 1377 et
803 1334 1056 1384 eruditione,
1098 1348 1303 1387 magnum
1337 1337 1453 1376 esset
1494 1347 1651 1387 operae
1692 1333 1883 1387 precium

117 1399 334 1441 facturus:
369 1413 455 1453 qua
485 1403 633 1443 tamen
667 1400 718 1441 de
741 1414 800 1449 re,
835 1400 916 1441 nisi
950 1399 1264 1441 communicato
1288 1398 1406 1452 prius
1430 1398 1606 1440 consilio
1630 1412 1726 1439 cum
1750 1398 1884 1440 Sanc-

117 1464 310 1506 tissimog
343 1464 525 1506 Domino
557 1465 721 1507 Nostro
738 1466 766 1515 2,
801 1465 936 1507 statui
977 1465 1205 1518 quicquam
1244 1464 1400 1505 nollem
1413 1463 1441 1506 ¹¹.
1502 1463 1622 1513 Quod
1655 1477 1785 1504 curae
1817 1463 1884 1504 fu-

117 1532 262 1572 turum
307 1530 611 1572 ι1111131113311110
657 1529 840 1572 Domino
889 1544 984 1572 meo
1029 1529 1245 1571 Cardinali
1290 1530 1571 1582 Augustano,
1620 1528 1777 1570 sanctii
1823 1526 1882 1582 [Ρ]

117 1594 298 1648 Jmperii
321 1595 571 1649 protectori,
594 1609 680 1637 non
704 1595 851 1638 dubito
869 1596 897 1638 3.
917 1630 923 1637 .
942 1630 949 1637 .
969 1631 977 1639 .
1011 1595 1118 1636 Mihi
1141 1594 1312 1648 quidem
1327 1594 1370 1635 in
1386 1608 1431 1635 re
1447 1592 1663 1635 faeliciter
1678 1594 1883 1646 gerenda,

116 1658 257 1701 minus
288 1659 407 1701 forek
440 1660 710 1703 difficultatis
743 1660 927 1711 uidetur,
963 1674 1091 1713 quam
1125 1663 1192 1702 est
1224 1659 1457 1701 multorum
1490 1658 1644 1712 opinio.

235 1725 309 1766 Ad
340 1726 441 1768 haec
471 1727 671 1768 Albai-tus
702 1727 747 1769 V.
781 1727 1007 1768 Monachio
1041 1728 1079 1768 6.
1116 1725 1303 1767 Octobris
1336 1726 1449 1767 1571
1483 1725 1615 1766 Hosio
1649 1725 1885 1778 respondit:

116 1788 236 1832 Nihil
257 1804 362 1832 sane
385 1791 439 1832 ad
457 1791 706 1834 ulteriorem
723 1792 834 1833 hanc
852 1791 986 1845 piam¹
1009 1791 1149 1840 ualde,
1174 1789 1584 1842 Christianamquem
1602 1789 1684 1831 Dil.
1708 1792 1883 1831 vestrae

116 1855 460 1898 cohortationem
502 1857 631 1910 adijci
670 1857 793 1898 nobis
833 1856 976 1910 potuit
1017 1856 1146 1906 aliud,
1190 1869 1318 1909 quam
1359 1869 1445 1896 non
1485 1854 1668 1907 exiguus
1709 1854 1881 1907 quidam

116 1921 274 1975 mentis
307 1921 440 1973 dolor,
475 1923 587 1975 quod
620 1922 780 1973 multis,
814 1921 900 1963 imo
931 1922 1126 1964 omnibus
1158 1935 1268 1975 pene
1291 1921 1418 1962 rebus
1441 1919 1702 1962 eiuscemodi
1734 1923 1884 1962 nostra

117 1986 274 2037 studia,
309 1986 448 2029 arceri
472 1987 667 2029 uidemus
689 1987 772 2029 isto
796 1987 903 2038 loco,
929 2001 984 2029 ex
1007 2002 1090 2040 quo
1112 1990 1203 2029 tam
1226 1985 1420 2036 illustris,
1455 1988 1498 2027 31
1520 1985 1639 2027 1111113
1662 1985 1885 2027 Ecclesiae

117 2051 301 2094 uictoria
342 2055 606 2106 speraretur.
672 2052 930 2107 Scripsimus
968 2067 1019 2094 ea
1060 2052 1369 2106 impedimenta
1401 2051 1693 2105 superioribus
1726 2051 1885 2093 nostris

236 2135 263 2161 a)
285 2131 331 2157 Ita
351 2134 375 2157 A
397 2133 422 2156 B
442 2133 475 2157 E.
510 2134 545 2157 In
565 2134 593 2157 E
609 2133 742 2164 seqnitur
761 2132 856 2165 prius.
967 2131 995 2157 l»
1018 2132 1075 2157 isto
1099 2134 1132 2156 A.
1252 2132 1278 2163 0)
1300 2130 1523 2159 condemnauit,
1545 2131 1624 2156 bona
1644 2138 1697 2164 spe
1718 2138 1784 2157 sum
1806 2131 1887 2164 quod

117 2172 208 2199 Jdolo
228 2173 281 2198 isti
301 2173 466 2199 Jslebiensi
486 2173 593 2199 statim
614 2175 646 2199 Ε.
739 2173 768 2205 d)
790 2173 963 2199 couerteret
983 2176 1017 2199 A.
1110 2178 1136 2201 3)
1158 2180 1216 2206 que
1237 2176 1271 2199 A.
1356 2172 1379 2204 f)
1400 2172 1480 2198 illius
1501 2174 1535 2198 B.
1621 2178 1649 2205 g>
1675 2176 1696 2198 l:
1712 2182 1888 2205 pei-peram:

119 2215 332 2241 Serenissimo.
460 2215 491 2246 11)
512 2222 571 2248 quo
592 2215 725 2240 suffiisus
747 2215 895 2241 hactenus
915 2215 974 2240 fuit
994 2222 1026 2241 se
1048 2214 1085 2240 ad
1105 2214 1256 2241 Ecclesiae
1276 2213 1427 2240 viritatem
1447 2216 1628 2246 aggregaret
1649 2214 1730 2247 quod
1750 2222 1805 2246 ego
1827 2223 1887 2240 non

117 2256 207 2282 uideo
228 2263 283 2289 per
304 2264 393 2290 quem
413 2256 504 2282 alium
524 2256 607 2282 reete
629 2256 734 2282 confici
754 2256 853 2290 possit
873 2264 963 2290 quam
983 2264 1038 2289 per
1057 2256 1108 2283 ι111.
1124 2256 1199 2282 Cels.
1232 2256 1375 2282 Vestram
1394 2256 1428 2280 ut
1447 2256 1513 2288 ipsa
1533 2255 1671 2281 mitteret
1690 2256 1727 2281 ad
1747 2263 1815 2282 eum
1836 2257 1890 2282 ali-

118 2305 207 2331 quem
221 2305 276 2331 per
291 2305 380 2331 quem
393 2298 455 2323 ista
468 2297 549 2324 recte
564 2297 689 2323 tractari
705 2298 830 2330 queant:
847 2305 935 2331 quem
948 2300 1048 2324 autem
1061 2298 1151 2323 alium
1163 2297 1215 2331 qui
1226 2298 1323 2329 magis
1334 2297 1461 2322 idoneus
1473 2297 1510 2322 ad
1522 2304 1588 2322 eam
1599 2304 1663 2323 rem
1675 2298 1757 2323 esset
1767 2298 1890 2324 futurus

117 2339 240 2365 mittere
266 2340 365 2372 possit
391 2346 452 2364 non
478 2338 567 2365 video
595 2346 686 2372 quam
706 2339 747 2365 sit
767 2339 877 2365 Petrus
899 2339 1038 2365 Canisius
1058 2340 1106 2365 uir
1126 2347 1187 2364 non
1207 2339 1346 2365 doctrina
1365 2339 1464 2370 magis
1485 2346 1576 2371 quam
1596 2338 1708 2371 pietate
1727 2339 1889 2372 praestans

117 2381 149 2405 et
174 2381 205 2406 in
232 2380 454 2413 controuersiis
481 2388 557 2413 quae
584 2388 663 2406 nunc
684 2380 714 2406 in
735 2380 897 2406 Germania
918 2382 1081 2406 uersantur
1101 2381 1275 2414 comprimis
1295 2380 1491 2405 exercitatus.
1512 2387 1572 2405 non
1594 2379 1698 2406 dubito
1721 2381 1793 2413 quin
1815 2381 1839 2407 is
1860 2382 1891 2407 et

117 2422 256 2455 exemplo
287 2429 341 2448 suo
371 2423 402 2447 31
431 2422 602 2448 eruditione
623 2422 744 2447 minime
771 2422 891 2453 uulgari
916 2429 1058 2454 magnum
1085 2423 1168 2448 esset
1193 2421 1421 2455 oper-apronium
1442 2421 1578 2447 facturus
1599 2428 1658 2454 qua
1677 2424 1780 2447 tamen
1801 2422 1836 2447 de
1857 2430 1890 2448 re

117 2464 210 2489 statui
231 2463 305 2489 nihil
325 2464 416 2489 uelim
435 2464 494 2489 nisi
513 2464 734 2490 communicato
756 2464 840 2496 prius
861 2464 988 2489 consilio
1010 2471 1077 2490 cum
1097 2463 1126 2490 S.
1140 2464 1173 2489 D.
1188 2464 1312 2490 Nostro.
1331 2465 1365 2489 E.
1438 2463 1458 2492 i)
1479 2464 1525 2488 B:
1546 2463 1639 2494 Sacri,
1668 2464 1751 2495 idque
1772 2466 1889 2494 rectius,

117 2507 178 2531 uisi
195 2507 296 2538 fallor.
406 2505 437 2537 k)
457 2506 539 2531 forre
555 2509 589 2531 A.
699 2505 719 2538 1)
740 2505 819 2531 hunc
836 2505 919 2538 pium
934 2507 969 2530 D.
1080 2508 1120 2537 111)
1143 2505 1410 2537 christianumque
1430 2506 1465 2530 D,

117 2627 269 2663 loannes
296 2625 498 2660 Fridericus
518 2625 742 2659 Coelestinus
770 2626 853 2668 etc.)
883 2625 1014 2659 acriter
1040 2625 1301 2670 impugnabant
1326 2625 1509 2659 ministros
1536 2624 1616 2659 illos
1635 2625 1800 2668 Augusti,
1829 2627 1889 2670 qui

118 2679 505 2713 Melanchthonismum
532 2678 793 2723 profitebantur
827 2680 935 2722 atque
971 2679 1089 2719 etiam,
1125 2679 1218 2712 clam
1253 2679 1329 2723 ipso
1356 2679 1531 2721 Augusto,
1569 2677 1888 2713 Calvinianismum

118 2732 300 2773 fovebant,
326 2734 365 2766 ut
391 2732 579 2766 Nicolaum
606 2731 805 2766 Selnekker
839 2735 875 2765 et
903 2731 1104 2776 Gasparum
1131 2732 1277 2773 Peucer,
1314 2731 1562 2765 universitatis
1588 2732 1889 2776 vitembergensis

118 2786 351 2831 professores,
386 2786 554 2819 loannem
590 2785 726 2819 Stossel
762 2785 1116 2829 superintendentem
1152 2786 1357 2829 pirnensem
1387 2785 1539 2828 (Pirria),
1577 2785 1769 2829 Georgium
1806 2787 1889 2822 Cra-

119 2851 243 2873 conem
260 2838 403 2883 (Craco)
420 2839 576 2882 Augusti
594 2839 835 2873 consiliarium
855 2841 921 2872 310.
940 2838 1111 2880 (Janssen
1129 2838 1150 2873 l.
1165 2850 1193 2872 c.
1209 2839 1353 2872 1V1⁵-¹⁶
1372 2839 1575 2879 361—370;
1601 2840 1637 2872 C.
1656 2841 1703 2873 W.
1720 2841 1888 2885 Buttiqer,

121 2892 337 2927 Geschichte
373 2893 435 2926 des
462 2893 677 2926 Kurstaates
711 2892 782 2926 und
809 2891 1068 2934 Konigreiches
1103 2891 1261 2926 Sachsen
1288 2891 1332 2933 Il,
1368 2891 1555 2935 Hamburg
1583 2892 1684 2933 1831,
1717 2893 1886 2936 27—30).

242 2947 252 2966 ¹
277 2945 432 2979 Martino
451 2945 617 2987 Luthero,
644 2945 795 2979 Islebiae
815 2945 1009 2988 (Eisleben‚
1036 2957 1129 2979 nunc
1147 2945 1315 2990 oppidum
1334 2945 1541 2990 provinciae
1567 2946 1759 2981 saxonicae
1785 2949 1886 2992 regni

120 2999 311 3042 borussici)
340 3010 370 3032 a.
401 2999 490 3033 1483
516 3002 600 3032 nato
628 3001 664 3032 et
689 3011 721 3033 a.
750 2999 840 3033 1546
866 3001 1016 3033 mortuo.
1163 3001 1176 3019 ²
1201 2999 1265 3032 Pio
1291 2999 1334 3033 V.

241 3054 253 3074 ³
281 3051 478 3086 Cardinalis
497 3051 582 3086 Otto
601 3051 799 3086 Truchsess
817 3052 1005 3096 episcopus
1024 3054 1248 3095 augustanus
1271 3055 1306 3086 et
1324 3052 1572 3097 praenestinus
1597 3064 1639 3087 ac
1658 3055 1885 3096 germanicae

117 3106 274 3140 nationis
299 3106 393 3150 apud
419 3106 539 3139 sedem
566 3105 796 3150 apostolicam
824 3107 1003 3150 protector
1030 3106 1163 3140 Romae
1188 3109 1274 3140 tunc
1300 3106 1516 3141 morabatur.
