2044 3335
133 96 218 137 684
364 95 458 128 Mon.
489 94 576 129 1035
604 93 681 127 sive
707 92 776 126 litt.
800 91 889 135 (30).
932 91 1029 125 Inter
1054 102 1100 125 m.
1120 90 1249 124 Iulium
1277 92 1313 124 et
1340 90 1530 124 Octobrem
1559 91 1660 125 1569.

129 211 262 253 ditani
305 209 610 258 eruditionem,
654 222 708 250 ex
750 207 1062 261 antiquissimis
1102 209 1278 249 Patrum
1316 205 1320 260 Ι
1355 210 1447 249 tum
1487 207 1756 257 Graecorum,
1799 210 1889 249 tum

128 276 379 318 Latinorum
412 273 702 315 monumentis
736 276 928 315 erutam:
963 273 1040 314 ha-
1068 270 1072 328 Ι
1103 273 1178 314 bes
1211 273 1240 313 a
1273 272 1454 313 solidam
1487 286 1542 314 ex
1571 272 1840 327 Propheticis
1862 274 1893 314 δι

128 339 390 394 Apostolicis
423 338 561 380 literis
595 338 771 379 demon·
800 338 804 392 Ι
835 337 1112 388 strationem,
1156 337 1363 379 Ecelesiae
1395 337 1656 379 Lutlieranae
1689 339 1718 379 ἃ
1750 337 1892 379 Calui-

130 405 268 446 nianee
299 403 509 445 Ministris
564 403 739 444 concedi
774 417 857 444 non
890 417 1031 457 posse,
1067 416 1193 455 quam
1226 401 1309 456 ipsi
1341 406 1517 444 sumunt
1549 402 1642 451 sibi,
1675 403 1719 444 in
1741 402 1894 444 Eccle—

130 469 317 510 siasticis
346 467 349 521 Ι
379 468 535 521 munijs
568 468 889 511 auctoritatem.
952 468 1091 520 Lege,
1136 467 1206 520 qui
1241 468 1534 509 venerandam
1569 470 1597 509 ἃ
1627 466 1630 522 Ι
1660 467 1892 511 veritatem

130 534 157 574 ἃ
191 533 496 586 antiquitatem
532 546 674 574 amas:
720 533 782 574 le·
844 533 959 586 gisse
992 534 1212 586 nunquan]
1245 532 1485 586 poenitebit.
1516 530 1519 587 Ι
1548 535 1733 575 Accessit
1764 534 1896 575 ¹indere

130 600 310 652 capitum
344 613 433 653 (surse
466 598 616 639 ordine
643 604 956 653 proponuntur,
994 603 1079 639 tum
1114 599 1296 639 locorum
1327 597 1330 651 Ι
1359 600 1581 653 scriptia-w
1612 599 1678 640 Ιῑὶσ
1712 599 1895 650 expliea-

128 668 276 714 torum,
311 663 353 702 ὃ
380 678 521 704 rerum
554 668 633 704 toto
666 678 760 718 ope·
790 662 793 716 Ι
825 679 868 704 re
901 664 1310 718 comprehensuram.
1347 661 1351 717 Ι
1382 663 1485 704 Cum
1519 663 1663 715 gratia
1695 664 1724 704 ἃ
1756 662 1895 704 Priui-

126 727 240 780 legio
257 728 361 770 Caes.
374 727 632 770 Maiestatis.
662 728 946 770 DILINGAE
974 728 1326 770 EXOVDEBAT
1344 728 1643 770 SEBALDVS
1657 726 1894 782 ΜΑῩΕΒ..Ι

127 792 293 835 ΑΝΝΟ
327 793 620 835 M.D.LX1X.“
688 793 737 834 In
776 795 859 835 fine
901 793 998 835 libri
1031 794 1148 847 (pag.
1183 793 1326 847 priore
1359 793 1388 836 f.
1422 793 1581 843 ultimi,
1624 807 1709 834 non
1742 792 1894 846 sign.):

134 858 477 909 „DILINGAE
510 858 771 900 EXCVDE-
803 856 807 913 Ι
836 860 903 900 bat
927 859 1136 901 Sebaldus
1160 860 1324 914 Mayer.
1356 856 1359 912 Ι
1389 858 1493 900 Cum
1526 858 1738 900 facultate
1762 859 1897 912 Supe-

128 922 327 966 riorum.“

248 1004 303 1044 40;
331 1004 366 1039 ff.
394 1004 485 1047 sign.
516 1005 601 1038 149:
638 1006 825 1049 praeterea
860 1004 896 1038 iu
922 1004 1022 1038 initio
1052 1004 1094 1038 12
1124 1004 1260 1046 (addito
1286 1004 1439 1047 titulari)
1468 1007 1503 1038 et
1538 1004 1573 1038 in
1600 1004 1669 1038 fine
1698 1004 1740 1039 10
1766 1004 1802 1038 ff.
1828 1015 1896 1037 non

130 1056 242 1100 sign.;
271 1057 306 1090 in
332 1057 433 1091 initio
460 1058 483 1091 f.
503 1058 523 1091 2
544 1061 578 1091 et
598 1058 618 1092 3
647 1059 709 1101 (ex
727 1070 796 1091 non
823 1058 992 1101 signatis)
1014 1058 1284 1102 praefationem,
1312 1058 1449 1101 reliqua
1475 1058 1610 1092 indices
1636 1058 1713 1091 sive
1740 1057 1898 1101 capitum

131 1111 325 1144 summaria
359 1110 509 1151 habent3
547 1111 582 1145 in
618 1111 641 1145 f.
673 1112 756 1145 1490
783 1114 819 1145 et
845 1112 864 1146 3
884 1123 963 1156 sqq.
993 1123 1063 1145 non
1100 1111 1254 1154 signatis
1292 1111 1400 1145 index
1434 1111 1592 1145 locorum
1628 1122 1752 1145 sacrae
1780 1109 1899 1154 Scrip-

131 1166 242 1205 turae,
270 1164 304 1197 in
332 1164 398 1207 672
417 1176 495 1208 sqq.
523 1165 630 1198 index
657 1176 775 1198 rerum
803 1167 837 1199 et
863 1165 1044 1199 nominum
1072 1164 1330 1210 alphabeticus,
1357 1165 1393 1198 in
1419 1165 1551 1210 pagina
1577 1165 1705 1198 ultima
1728 1164 1895 1206 „En-ata*

132 1217 248 1261 posita
274 1219 367 1251 sunt.

249 1270 469 1304 Praefationi
496 1283 561 1305 nec
586 1271 686 1305 locus
712 1283 778 1306 nec
804 1274 946 1317 tempus
972 1283 1037 1305 nec
1063 1283 1191 1305 nomen
1210 1272 1368 1316 ascripta
1393 1273 1496 1309 sunt:
1525 1282 1630 1315 quam
1656 1282 1726 1304 non
1752 1270 1797 1304 ab
1824 1269 1900 1315 ipso

131 1323 315 1364 Turriano,
349 1324 411 1358 sed
448 1323 491 1358 ab
525 1324 644 1368 aliquo
681 1337 726 1359 ex
752 1325 866 1359 Sociis
892 1325 1085 1368 dilinganis
1114 1324 1303 1368 (Canisio‘?
1338 1325 1377 1358 P.
1405 1324 1588 1369 Alphonso
1614 1323 1791 1367 PisanoP)
1820 1335 1899 1357 con-

130 1377 300 1422 scriptam
328 1389 407 1411 esse
433 1377 658 1421 intellegitur
684 1390 729 1412 ex
755 1378 844 1422 ipsis
870 1378 1104 1422 praefationis
1130 1379 1270 1418 verbis;
1307 1379 1342 1412 in
1369 1378 1446 1412 eius
1478 1381 1660 1423 postrema
1684 1380 1786 1422 parte
1812 1376 1900 1410 haec

134 1430 318 1465 dicuntur:
350 1431 629 1474 „Adiungendus
656 1434 735 1465 erat
759 1431 815 1465 his
843 1432 980 1466 (luobus
1006 1432 1106 1466 libris
1133 1432 1272 1472 tertius,
1299 1431 1359 1475 qui
1386 1432 1428 1465 de
1455 1432 1758 1466 demonstratione
1784 1441 1900 1464 sacer-

131 1483 260 1518 dotalis
286 1484 453 1529 sacrificij
481 1485 615 1518 Missae
642 1485 859 1524 inscribitur,
887 1488 922 1519 et
948 1485 1079 1519 alicubi
1106 1485 1149 1519 ab
1177 1486 1297 1519 eodem
1327 1488 1471 1519 auctore
1502 1485 1644 1519 citatur.
1688 1484 1756 1518 Sed
1783 1483 1900 1517 visum

131 1540 186 1571 est
211 1537 425 1581 quibusdam
452 1537 649 1572 consultius
676 1539 761 1578 fore,
789 1541 830 1572 vt
855 1538 922 1572 hoc
948 1542 1211 1581 argumentum,
1243 1539 1336 1583 quod
1372 1550 1442 1572 non
1469 1550 1581 1583 aeque
1608 1550 1688 1572 cum
1723 1536 1901 1582 prioribus

130 1590 231 1624 libris
258 1590 431 1634 congruit,
459 1590 519 1635 alij
547 1595 583 1625 et
617 1591 759 1636 proprio
787 1592 928 1635 quidem
965 1592 1153 1636 magisque
1189 1592 1382 1629 commodo.
1418 1592 1510 1636 quod
1538 1592 1638 1632 alias,
1671 1591 1702 1625 si
1737 1590 1902 1624 dominus

131 1644 295 1683 voluerit,
322 1644 455 1684 edetur,
483 1645 581 1689 operi
607 1646 885 1679 rese1·uaretur.“
940 1645 1090 1679 Planius
1115 1648 1246 1685 autern,
1273 1657 1336 1679 cnr
1371 1646 1461 1679 liber
1496 1645 1556 1679 ille
1590 1645 1720 1679 tertius
1748 1643 1902 1678 omissus

130 1700 237 1737 esset,
264 1697 429 1731 Canisius
455 1698 497 1731 ad
526 1697 694 1741 Borgiam
721 1698 862 1732 rettulit
890 1699 939 1741 (v.
968 1710 1076 1743 supra
1103 1711 1135 1743 p.
1156 1699 1252 1741 368).
1298 1699 1456 1732 Litterae
1483 1699 1723 1732 dedicatoriae
1749 1697 1785 1730 in
1810 1697 1901 1731 libro

133 1762 201 1784 non
229 1753 385 1784 exstant.

251 1803 346 1837 Libri
373 1803 478 1847 primi
505 1804 613 1848 capiti
649 1804 762 1848 primo
798 1805 1002 1848 praeposita
1038 1807 1093 1838 est
1127 1805 1423 1850 praefatiuncula,
1460 1816 1550 1849 quae
1586 1807 1622 1838 et
1653 1804 1732 1848 ipsa
1758 1803 1902 1848 quidem

134 1857 210 1890 sine
243 1856 331 1897 loco,
367 1859 538 1901 tempore,
573 1858 715 1891 nomine
751 1858 907 1891 auctoris
935 1861 1000 1898 est,
1037 1869 1078 1892 ea
1104 1860 1225 1892 tamen
1252 1859 1362 1892 verba
1389 1858 1506 1899 habet,
1543 1871 1587 1892 ex
1614 1858 1743 1902 quibus
1768 1858 1902 1902 pateat,

134 1911 178 1944 ab
213 1910 290 1954 ipso
325 1921 404 1944 eam
443 1911 628 1944 Tarrsano
665 1911 898 1955 compositam
935 1923 1024 1945 esse.
1076 1910 1172 1945 Dicit
1206 1912 1286 1952 ille,
1323 1923 1362 1946 se
1398 1923 1478 1945 euni
1513 1911 1643 1945 librum
1679 1910 1903 1945 conscribere

134 1963 324 2005 statuisse,
364 1963 447 2007 quia
483 1963 630 1997 Concilii
663 1963 862 1998 Tridentini
899 1964 1096 1998 doctrinam
1133 1965 1175 1998 de
1211 1967 1435 1999 sacramento
1472 1965 1604 1999 ordinis
1640 1976 1660 1998 a.
1686 1963 1903 1998 Lutheranis

134 2019 169 2050 et
195 2016 416 2051 Calvinianis
449 2016 604 2060 neglegi,
640 2017 749 2051 immo
783 2017 828 2051 iis
859 2017 1031 2059 „ludibrio
1067 2021 1103 2052 et
1129 2018 1313 2063 despectui
1341 2019 1439 2052 esse“
1474 2018 1663 2052 audiverit.
1718 2016 1905 2060 „Accessit

132 2070 175 2104 ad
211 2070 431 2104 incitandum
467 2070 687 2114 propositum
723 2082 839 2104 meum
876 2072 996 2105 suasio
1032 2072 1217 2106 cuiusdam
1246 2072 1351 2106 amici
1378 2071 1446 2105 mei
1473 2072 1577 2106 ualde
1603 2071 1664 2117 pij‚
1701 2074 1736 2105 et
1762 2069 1903 2111 eruditi,

132 2124 234 2157 cuius
268 2135 396 2157 nomen
429 2125 543 2163 taceo,
578 2135 622 2156 ne
650 2124 743 2168 apud
780 2135 850 2164 eos,
886 2125 931 2158 ad
967 2136 1056 2168 quos
1082 2125 1118 2158 hi
1145 2125 1224 2159 libri
1252 2125 1321 2158 mei
1348 2125 1630 2170 proficiscentur,
1667 2126 1702 2158 et
1728 2124 1903 2158 aduersus

133 2189 222 2221 quos
257 2176 456 2217 scribimus,
492 2176 702 2211 inuidiosius
734 2177 876 2212 faciam.
928 2177 1023 2212 Satis
1059 2180 1125 2219 est,
1160 2178 1191 2212 si
1218 2179 1294 2223 ipse
1321 2178 1501 2222 intelligat
1528 2179 1570 2212 de
1596 2189 1635 2212 se
1661 2178 1740 2219 dici,
1775 2179 1816 2211 ut
1841 2176 1902 2221 qui

132 2230 201 2264 fuit
235 2230 320 2263 mihi
356 2241 483 2264 suasor
517 2230 561 2264 ad
597 2230 832 2272 scribendum,
869 2232 916 2265 sit
942 2232 1035 2265 idem
1061 2232 1203 2266 adiutor
1228 2233 1272 2266 ad
1300 2232 1567 2276 proficiendum.
1618 2231 1657 2265 Id
1683 2233 1803 2265 autem
1829 2230 1903 2270 fiet,

135 2284 164 2317 si
191 2284 283 2327 quod
311 2295 377 2326 ego
403 2283 542 2328 scripsi,
570 2283 646 2328 ipse
672 2283 703 2317 si
729 2284 944 2328 probauerit,
973 2284 1054 2329 alijs
1082 2286 1323 2319 concionando
1350 2286 1490 2319 tradat“
1522 2285 1563 2328 (f.
1586 2285 1649 2327 lb).
1701 2283 1904 2328 Scripserat

134 2339 253 2370 autem
292 2335 470 2371 Polancus
509 2337 699 2371 Societatis
741 2337 958 2371 secretarius
1004 2339 1056 2372 15.
1096 2338 1177 2372 Iulii
1219 2339 1328 2379 1567,
1371 2350 1451 2373 cum
1493 2338 1587 2372 huno
1622 2337 1750 2372 librum
1790 2337 1903 2370 Roma

134 2389 177 2423 ad
214 2389 394 2423 Canisium
433 2389 612 2424 mitteret:
653 2389 742 2424 Eum
780 2401 800 2424 a
835 2390 1008 2424 Tui-riano
1047 2391 1282 2436 compositum
1322 2403 1401 2426 esse
1440 2392 1597 2425 instante
1635 2390 1712 2435 ipso
1748 2389 1902 2430 Canisio,

135 2445 169 2475 et
195 2442 389 2483 Canisium,
425 2443 455 2477 si
482 2443 550 2487 ipsi
576 2443 781 2488 placuisset,
809 2456 889 2477 eum
916 2443 1083 2488 Dilingae
1111 2445 1288 2479 excudere
1313 2456 1418 2490 posse
1446 2444 1551 2488 (Cani.
1578 2443 1611 2477 V
1638 2444 1734 2487 509).
1786 2442 1904 2484 Quare

135 2495 289 2529 dubitari
330 2507 398 2529 non
442 2499 579 2540 potest,
624 2497 708 2540 quin
752 2497 976 2532 contionator
1018 2498 1078 2532 ille
1120 2498 1247 2540 „valde
1285 2499 1365 2543 pius
1404 2500 1440 2532 et
1478 2497 1684 2538 eruditus“,
1727 2496 1904 2530 Turriano

134 2548 281 2590 amicus,
318 2549 532 2583 Lutherauis
559 2549 852 2594 Calvinianisque
879 2562 1019 2592 exosus,
1047 2551 1103 2585 cui
1129 2551 1259 2585 librum
1286 2554 1411 2585 auctor
1436 2550 1670 2589 commendat,
1697 2550 1746 2584 sit
1771 2549 1903 2583 Petrus

138 2601 311 2635 Canisius.

257 2655 423 2689 Canisius
457 2655 601 2698 Dilinga
637 2657 692 2690 23.
721 2657 812 2690 Iunii
842 2657 931 2691 1569
966 2657 1119 2701 Borgiae
1156 2657 1198 2691 de
1233 2657 1300 2691 hoc
1335 2657 1424 2691 libro
1459 2656 1623 2701 scripsit:
1666 2656 1785 2698 „Bona
1819 2666 1904 2700 pars

136 2706 242 2742 libri.
263 2733 270 2740 .
291 2734 298 2741 .
318 2708 387 2741 iam
414 2719 548 2742 excusa
574 2712 640 2743 est.
661 2737 667 2743 .
689 2736 695 2744 .
716 2737 723 2743 .
758 2709 852 2744 Loca
878 2711 1055 2754 quaedam
1083 2710 1220 2744 acriora
1246 2710 1504 2754 mitigauimus,
1532 2712 1569 2743 et
1593 2708 1904 2753 praetermisimus

135 2770 262 2792 nomen
289 2759 479 2795 Societatis
505 2765 658 2802 nostrae,
694 2764 734 2796 ut
759 2763 876 2796 minus
909 2763 1064 2797 inuidiae
1099 2764 1219 2798 subire
1255 2775 1425 2806 cogamur
1460 2765 1536 2797 tum
1571 2762 1664 2806 apud
1691 2761 1903 2805 Theologos,

137 2823 157 2845 a
183 2823 332 2855 quorum
357 2814 535 2848 sententia
554 2815 767 2860 quandoque
795 2816 955 2855 discedit,
982 2819 1058 2850 tum
1082 2817 1175 2862 apud
1202 2817 1386 2857 sectarios,
1414 2827 1503 2860 quos
1529 2815 1565 2849 in
1585 2815 1777 2849 Germania
1803 2826 1902 2859 prae-

136 2875 219 2898 sens
244 2877 313 2898 non
340 2865 390 2899 ita
416 2867 591 2901 morderet
618 2870 726 2912 atque
752 2869 981 2909 damnai·et“;
1010 2881 1087 2903 eam
1115 2874 1234 2903 autem
1268 2870 1303 2903 in
1330 2869 1500 2903 mutando
1534 2868 1625 2902 libro
1655 2868 1898 2910 „libertatem“

136 2917 250 2961 ipsius
269 2918 421 2960 Borgiae
447 2921 641 2964 praepositi
660 2921 838 2964 generalis
862 2922 1099 2964 „authoritate
1125 2923 1225 2956 niti“.
1261 2921 1357 2963 Quas
1377 2921 1603 2961 mutationes,
1630 2921 1661 2955 si
1682 2932 1751 2954 non
1770 2931 1903 2961 omnes,

139 2972 236 3004 certe
262 2970 450 3014 plerasque
477 2972 520 3005 ab
547 2973 622 3016 ipso
650 2974 792 3009 Canisio
819 2975 936 3009 factas
963 2987 1042 3009 esse
1067 2975 1174 3009 valde
1201 2975 1396 3009 verisimile
1423 2977 1487 3009 est.
1531 2974 1655 3018 Neque
1681 2974 1809 3007 mirum
1837 2976 1902 3013 est,

140 3022 233 3066 quod
259 3022 423 3056 Turriani
451 3023 557 3058 dictio
585 3026 726 3060 Canisio
752 3027 942 3062 videbatur
968 3028 1074 3072 paulo
1110 3029 1308 3062 mordacior
1343 3040 1440 3069 esse3
1476 3030 1516 3061 ut
1551 3039 1631 3062 cum
1667 3026 1727 3060 ille
1753 3026 1795 3060 de
1826 3037 1903 3071 pro-

141 3075 350 3110 testantium
386 3076 538 3110 ecclesia
573 3079 715 3113 scribit:
759 3080 905 3121 „Restat
943 3081 1063 3124 igitur,
1102 3085 1144 3115 vt
1178 3093 1220 3114 ea
1257 3092 1363 3125 quam
1403 3081 1545 3121 habent,
1584 3080 1632 3113 sit
1670 3079 1904 3124 spelunca
