2044 3335
136 102 220 143 284
383 99 484 134 1631.
513 100 598 133 Can.
618 99 656 132 P.
677 97 789 132 Paulo
816 97 974 131 Hoffaeo.
1021 97 1123 132 1632.
1152 96 1237 133 Can.
1257 98 1295 132 P.
1315 98 1438 132 Ioanni
1456 98 1499 132 de
1517 98 1683 134 Polaneo.

134 219 278 256 1631.
378 217 683 277 CANISNJSP·
708 216 936 254 PAULO
964 215 1291 255 HOFFAEO
1321 218 1373 255 S.
1390 218 1443 255 J.
1465 220 1678 255 Germaniae
1703 221 1898 265 superioris

325 271 680 368 wccpmwlllciizriista
699 324 967 358 Vindelicorum
994 323 1091 358 circa
1116 324 1208 359 med.
1234 325 1293 359 vel
1320 328 1464 360 exeunt.
1491 337 1536 360 m.
1556 326 1728 360 Martium
1749 327 1850 362 1569.

252 395 306 429 Ex
335 394 467 429 Canisii
494 394 537 428 ad
566 394 731 437 Borgiam
759 393 891 428 litteris
917 394 1163 439 autographis,
1190 395 1232 429 de
1259 395 1388 439 quibus
1414 396 1518 435 infra,
1545 408 1599 440 ep.
1618 407 1651 430 n.
1674 396 1774 431 1634.

256 471 424 504 Ccmisius
450 471 613 513 Anyusz‘a
639 472 671 503 2.
701 470 845 512 Aprilis
872 471 964 502 1569
991 469 1028 502 S.
1046 470 1244 504 Francisco
1270 471 1425 514 Boryiae
1445 472 1652 514 praeposito
1674 473 1833 514 yenerali
1858 473 1900 506 de

134 524 172 556 P.
200 524 314 557 Panlo
340 525 504 566 Hoffaeo,
545 524 606 566 qui
645 528 728 556 teme
767 523 947 564 colleyium
986 523 1263 566 oenipontamcm
1298 524 1446 567 reglebcct,
1485 526 1649 567 scrispsit:
1688 526 1815 569 „Quod
1851 527 1899 559 ad

133 578 179 610 D.
206 577 398 619 Hoffaeum
424 578 559 620 attinet,
595 577 725 619 scripsi
751 577 799 608 acl
826 576 937 617 illum,
974 576 1190 617 confirmans
1215 577 1254 610 P.
1282 578 1320 611 V.
1348 578 1569 621 mandatum,
1603 582 1642 611 ut
1663 583 1743 621 post
1763 579 1899 621 pascha

133 631 282 672 recipiat
309 631 343 663 in
371 641 406 662 se
429 634 534 663 totam
553 631 760 672 prone'ntiae
777 629 885 662 hocius
903 629 1260 673 administrationem,
1287 641 1393 673 quam
1420 642 1480 673 eqo
1505 631 1684 674 hucusque
1708 630 1897 665 sustineo.“

252 698 304 732 De
330 699 498 733 mandato
525 698 586 732 illo
613 698 766 741 Borgiae
793 710 827 731 v.
850 709 958 743 supra
983 709 1016 742 p.
1036 697 1118 732 264.

133 854 285 890 1632.
384 854 601 889 OANISIUS
636 853 698 889 P.
726 852 970 888 IOANNI
1005 852 1097 888 DE
1124 851 1441 890 POLANOO
1479 855 1673 889 secretario
1709 854 1900 890 Societatis

321 908 414 942 Iesu.
1051 907 1218 950 Angusta
1236 906 1504 942 Vindelicorum
1531 909 1588 943 26.
1606 908 1730 942 Martii
1751 909 1851 943 1569.

252 979 307 1013 Ex
333 978 555 1023 autographo
584 977 656 1021 (2⁰;
687 978 702 1011 1
731 989 785 1022 p.;
812 977 848 1010 in
874 989 908 1022 p.
936 977 956 1011 2
982 976 1090 1011 inser.
1118 979 1155 1011 et
1179 977 1379 1022 particulae
1405 977 1504 1021 sig),
1531 977 1649 1013 Germ.
1677 979 1742 1013 183
1769 991 1803 1013 n.
1830 979 1899 1014 232

137 1032 177 1077 (f.
204 1032 279 1076 77).

255 1104 341 1145 50J0.
385 1104 506 1145 Imaffo
531 1104 574 1136 B.
594 1103 644 1136 M.
663 1103 701 1136 V.
748 1102 962 1136 Octavianus
988 1103 1174 1145 cmyyerus
1204 1103 1473 1136 ecclesiasticum.
1500 1104 1589 1136 vitae
1611 1115 1722 1147 yenzcs
1747 1104 1846 1147 eleyit
1871 1107 1901 1136 et

135 1157 289 1189 Loram'zss
319 1157 447 1190 litteris
477 1156 637 1190 studebit.
681 1157 809 1189 Rector
835 1158 1094 1198 oem'pontcmus
1121 1156 1384 1189 constituendus
1409 1160 1456 1188 est
1482 1157 1520 1189 P.
1540 1157 1670 1198 1⁷‹3lck,·
1699 1158 1899 1190 curandum

138 1211 259 1254 iyitccr,
288 1214 323 1243 ut
348 1211 505 1253 cmyyeri
531 1210 664 1253 aliique
690 1210 772 1243 boni
799 1210 996 1253 consulant,
1023 1209 1116 1252 qzcod
1141 1209 1301 1252 ipsorum
1327 1210 1566 1251 confessarius
1591 1215 1764 1244 avocetur.

335 1299 376 1351 †
408 1299 503 1340 Pax
535 1298 692 1341 Christi
724 1298 847 1340 nobis
881 1301 1061 1340 aeterna
1092 1298 1346 1340 Reuerende
1378 1299 1523 1342 Pater.

254 1381 552 1435 Expectamus
593 1380 733 1423 adhuc
765 1380 1083 1433 Theologorum
1125 1380 1177 1422 de
1219 1382 1421 1435 suspecto
1461 1381 1582 1422 lucro
1623 1380 1898 1431 sententiam,

135 1448 179 1488 et
219 1446 440 1495 miramur,
485 1445 591 1487 nihil
633 1445 800 1488 tamdiu
841 1445 970 1495 mitti,
1013 1459 1109 1487 cum
1150 1445 1409 1500 praesertim
1451 1445 1712 1499 Confessarij
1757 1446 1900 1500 priore

133 1525 340 1566 responso
364 1511 414 1554 R.
438 1511 486 1554 T.
505 1512 518 1539 1
540 1511 746 1562 contenti,
781 1525 866 1553 non
890 1511 1054 1565 optima
1085 1511 1169 1553 fide
1200 1513 1409 1565 putentur
1440 1511 1508 1553 hic
1540 1511 1767 1553 absoluere
1800 1525 1900 1553 con-

133 1578 322 1620 fitenteS.

252 1642 416 1684 Notum
450 1644 529 1692 est,
568 1642 831 1695 permultum
863 1641 1011 1683 deberi
1042 1640 1253 1683 Dominae
1285 1641 1473 1683 Vrsulae
1505 1641 1747 1694 Fuggerae,
1791 1655 1900 1694 quae

135 1722 230 1750 cum
271 1707 489 1761 Deiparae
522 1707 718 1761 Virgini²
758 1706 816 1748 sit
857 1706 1159 1757 deuotissima,
1208 1706 1414 1748 maiorem
1457 1706 1500 1747 in
1542 1706 1715 1748 modum
1756 1709 1898 1760 rogat,

134 1786 386 1826 germanam
419 1772 610 1814 eiusdem
642 1772 904 1824 Jmaginem,
949 1785 1060 1825 quae
1095 1771 1209 1826 apud
1241 1774 1415 1813 nostros
1448 1773 1573 1814 extat
1587 1772 1617 1819 2,
1659 1771 1787 1813 isthic
1820 1771 1900 1813 sibi

135 1837 321 1892 depingi.
374 1837 502 1879 Cuius
534 1837 597 1879 rei
630 1851 732 1879 cura
761 1836 963 1879 Michaeli
985 1837 1139 1890 Mayer
1160 1837 1433 1889 Augustam,
1468 1837 1540 1889 qui
1572 1840 1898 1890 procuratorem

134 1903 262 1945 isthic
306 1902 606 1955 Fuggerorum
651 1902 767 1956 agit,
814 1902 1078 1944 demandata
1123 1905 1211 1952 est,
1257 1901 1405 1954 illique
1449 1901 1694 1944 satisfaciat
1738 1915 1900 1955 quaeso

135 1968 184 2011 R.
209 1968 257 2011 T.
282 1981 378 2009 cum
409 1967 646 2020 rogauerit.
690 1967 806 2010 Nam
839 1967 990 2010 scribit
1020 1981 1067 2009 se
1090 1966 1318 2020 aliquoties
1351 1981 1526 2020 passum
1549 1981 1644 2008 esse
1665 1967 1898 2021 repulsam,

134 2047 230 2075 cum
263 2033 315 2074 de
347 2033 428 2075 hac
459 2032 555 2086 ipsa
586 2032 814 2086 Jmagineb
846 2032 1034 2074 uidenda
1067 2035 1110 2074 et
1143 2032 1424 2086 exprimenda
1456 2035 1646 2085 rogaret.

250 2097 405 2139 Melius
433 2112 546 2140 nunc
569 2098 714 2151 agitur
738 2112 834 2139 cnm
859 2097 1100 2140 Octauiano
1122 2097 1337 2150 Fuggero,
1372 2097 1440 2139 cui
1461 2099 1691 2151 parentum
1714 2097 1899 2139 austeri·

130 2165 200 2205 tas
232 2177 437 2216 magnum
470 2166 514 2205 et
546 2163 703 2205 efficax
734 2163 937 2217 praebuit
963 2163 1338 2205 medicamentum.
1390 2162 1549 2205 Actum
1583 2165 1650 2204 est
1683 2176 1778 2204 cum
1809 2162 1896 2213 illo,

131 2242 259 2282 quam
291 2228 409 2271 uitae
442 2228 730 2270 conditionem
762 2228 896 2270 uellet
928 2227 1145 2282 amplecti.
1210 2227 1503 2269 Constitutum
1536 2231 1603 2270 est
1633 2227 1809 2269 tandem
1842 2227 1897 2269 ab

130 2307 193 2343 eo,
222 2295 289 2346 'de
330 2296 449 2336 statu
490 2293 786 2335 ecclesiastico
829 2293 1057 2346 deligendo
1099 2296 1144 2335 et
1182 2292 1333 2334 statim
1375 2292 1683 2346 aggrediendo.
1745 2292 1899 2335 Placet

130 2358 381 2412 parentibus
423 2358 690 2408 deliberatio,
734 2358 806 2411 qui
847 2359 967 2400 breui
1000 2357 1178 2400 mittent
1210 2371 1307 2399 eum
1340 2357 1592 2407 Louanium,
1633 2356 1704 2399 ubi
1742 2357 1897 2412 studijs

130 2425 258 2465 uacet
298 2437 426 2475 quam
461 2423 636 2474 Rornae,
681 2423 946 2476 diligentius.
1009 2422 1146 2464 Credo
1188 2422 1275 2464 iam
1305 2422 1425 2464 illum
1468 2422 1689 2476 poenitere
1722 2423 1896 2475 neglec-

130 2490 272 2529 torum
312 2488 356 2529 in
388 2488 493 2529 urbe
526 2488 779 2538 studiorum,
824 2487 926 2541 quia
956 2488 1120 2529 nullum
1154 2487 1282 2529 isthic
1315 2487 1555 2529 studiorum
1587 2487 1669 2528 sibi
1700 2487 1896 2541 proposi-

130 2555 221 2593 tum
253 2554 380 2593 finem
414 2567 676 2606 scopumque
709 2556 876 2596 certum
908 2553 1111 2595 habebat.
1174 2552 1421 2594 Gaudemus
1454 2552 1566 2605 quod
1598 2552 1808 2606 paulatim
1841 2552 1895 2594 ad

131 2629 176 2657 se
216 2617 380 2666 redeat,
424 2631 519 2658 cum
561 2632 587 2659 a
627 2618 883 2671 parentibus
924 2620 1014 2660 tam
1057 2617 1163 2659 dure
1203 2619 1432 2667 tractetur,
1476 2619 1525 2659 vt
1565 2616 1678 2658 domi
1720 2631 1896 2659 manere

132 2683 325 2733 cogatur,
360 2695 490 2734 seque
522 2682 565 2723 in
597 2683 746 2724 multis
778 2683 935 2724 debeat
967 2682 1274 2724 circumcidere
1307 2685 1349 2724 et
1381 2682 1599 2734 abnegare
1612 2683 1641 2724 3.

250 2778 278 2807 a)
298 2780 321 2802 A
345 2780 373 2803 C.
393 2779 435 2803 sic
454 2782 495 2803 est
515 2783 674 2804 correctum
694 2788 730 2805 eac
749 2779 919 2812 Virginem.
983 2779 1012 2812 b)
1034 2781 1173 2812 Sequitur
1192 2787 1261 2813 exp,
1281 2788 1298 2804 α
1319 2780 1348 2805 C.
1368 2780 1457 2805 oblitt.

256 2907 264 2926 ¹
291 2906 382 2939 Vide
412 2907 497 2940 Can.
517 2907 548 2941 V
567 2907 754 2942 486-487
782 2909 981 2943 530—531.

251 2965 264 2985 ²
289 2964 502 3009 Exemplum
539 2966 597 2999 vel
623 2967 742 3010 potius
768 2967 933 3012 exempla
965 2967 1133 3011 imaginis
1158 2967 1292 3001 Beatae
1318 2966 1455 3000 Mariae
1482 2965 1643 3010 Virginis
1677 2977 1699 3000 a
1725 2965 1758 3000 S.
1785 2965 1892 3006 Luca,

131 3020 172 3052 ut
197 3017 371 3058 ferebant,
398 3018 535 3061 pictae3
562 3030 597 3053 v.
624 3031 733 3063 supra
758 3032 791 3064 p.
811 3020 891 3055 261.

254 3077 266 3097 3
291 3076 381 3110 Vide
409 3087 499 3120 quae
527 3077 569 3110 de
594 3077 663 3112 hac
682 3077 871 3113 Octaviani
890 3079 1049 3123 Fuggeri
1075 3091 1184 3114 causa
1209 3079 1275 3113 sub
1302 3078 1399 3124 ipsas
1425 3078 1492 3113 has
1516 3077 1658 3112 litteras
1684 3078 1858 3113 dicentur.
1889 3059 1891 3061 ι
