<?xml version="1.0" encoding="UTF-8"?>
<!DOCTYPE html PUBLIC "-//W3C//DTD XHTML 1.0 Transitional//EN"
    "http://www.w3.org/TR/xhtml1/DTD/xhtml1-transitional.dtd">
<html xmlns="http://www.w3.org/1999/xhtml" xml:lang="en" lang="en">
 <head>
  <title>
</title>
<meta http-equiv="Content-Type" content="text/html;charset=utf-8" />
  <meta name='ocr-system' content='tesseract 3.04.00' />
  <meta name='ocr-capabilities' content='ocr_page ocr_carea ocr_par ocr_line ocrx_word'/>
</head>
<body>
  <div class='ocr_page' id='page_1' title='image "beatipetricanisi06cani_0441.png"; bbox 0 0 2044 3335; ppageno 0'>
   <div class='ocr_carea' id='block_1_1' title="bbox 294 100 1873 147">
    <p class='ocr_par' dir='ltr' id='par_1_1' title="bbox 294 100 1873 147">
     <span class='ocr_line' id='line_1_1' title="bbox 294 100 1873 147; baseline -0.004 -8"><span class='ocrx_word' id='word_1_1' title='bbox 294 105 396 140; x_wconf 87' lang='lat'>1693.</span> <span class='ocrx_word' id='word_1_2' title='bbox 425 104 510 139; x_wconf 87' lang='lat' dir='ltr'>Can.</span> <span class='ocrx_word' id='word_1_3' title='bbox 541 104 574 138; x_wconf 81' lang='lat' dir='ltr'>S.</span> <span class='ocrx_word' id='word_1_4' title='bbox 595 104 788 138; x_wconf 85' lang='lat' dir='ltr'>Francisco</span> <span class='ocrx_word' id='word_1_5' title='bbox 816 104 980 147; x_wconf 81' lang='lat' dir='ltr'>Borgiae.</span> <span class='ocrx_word' id='word_1_6' title='bbox 1023 104 1191 146; x_wconf 84' lang='lat' dir='ltr'>Augusta</span> <span class='ocrx_word' id='word_1_7' title='bbox 1208 101 1314 136; x_wconf 86' lang='lat' dir='ltr'>Vind.</span> <span class='ocrx_word' id='word_1_8' title='bbox 1333 102 1390 136; x_wconf 81' lang='lat'>29.</span> <span class='ocrx_word' id='word_1_9' title='bbox 1409 100 1576 135; x_wconf 81' lang='lat' dir='ltr'><strong>Octobris</strong></span> <span class='ocrx_word' id='word_1_10' title='bbox 1596 100 1698 134; x_wconf 82' lang='lat'>1569.</span> <span class='ocrx_word' id='word_1_11' title='bbox 1791 101 1873 141; x_wconf 82' lang='grc'>367</span> 
     </span>
    </p>
   </div>
   <div class='ocr_carea' id='block_1_2' title="bbox 108 214 1887 2076">
    <p class='ocr_par' dir='ltr' id='par_1_2' title="bbox 108 214 1887 2076">
     <span class='ocr_line' id='line_1_2' title="bbox 109 214 1878 265; baseline -0.004 -11"><span class='ocrx_word' id='word_1_12' title='bbox 109 222 206 254; x_wconf 88' lang='lat' dir='ltr'>certe</span> <span class='ocrx_word' id='word_1_13' title='bbox 241 220 373 263; x_wconf 76' lang='lat' dir='ltr'>insigni</span> <span class='ocrx_word' id='word_1_14' title='bbox 409 219 576 265; x_wconf 89' lang='lat' dir='ltr'>episcopo</span> <span class='ocrx_word' id='word_1_15' title='bbox 604 218 710 252; x_wconf 87' lang='lat' dir='ltr'>valde</span> <span class='ocrx_word' id='word_1_16' title='bbox 745 219 948 262; x_wconf 81' lang='lat' dir='ltr'>indigebat3</span> <span class='ocrx_word' id='word_1_17' title='bbox 986 230 1067 252; x_wconf 84' lang='lat' dir='ltr'>nam</span> <span class='ocrx_word' id='word_1_18' title='bbox 1104 230 1162 253; x_wconf 88' lang='lat' dir='ltr'>res</span> <span class='ocrx_word' id='word_1_19' title='bbox 1198 217 1383 261; x_wconf 84' lang='lat' dir='ltr'>religionis</span> <span class='ocrx_word' id='word_1_20' title='bbox 1418 216 1465 251; x_wconf 90' lang='lat' dir='ltr'>ibi</span> <span class='ocrx_word' id='word_1_21' title='bbox 1501 215 1656 262; x_wconf 83' lang='lat' dir='ltr'>pessime</span> <span class='ocrx_word' id='word_1_22' title='bbox 1686 214 1878 248; x_wconf 81' lang='lat' dir='ltr'>habebant.</span> 
     </span>
     <span class='ocr_line' id='line_1_3' title="bbox 109 269 1878 316; baseline -0.004 -9"><span class='ocrx_word' id='word_1_23' title='bbox 109 272 294 307; x_wconf 89' lang='lat' dir='ltr'>Archidux</span> <span class='ocrx_word' id='word_1_24' title='bbox 321 273 425 314; x_wconf 90' lang='lat' dir='ltr'>enim,</span> <span class='ocrx_word' id='word_1_25' title='bbox 461 283 678 316; x_wconf 87' lang='lat' dir='ltr'>quamquam</span> <span class='ocrx_word' id='word_1_26' title='bbox 714 272 791 316; x_wconf 78' lang='lat' dir='ltr'>ipse</span> <span class='ocrx_word' id='word_1_27' title='bbox 819 284 902 306; x_wconf 88' lang='lat' dir='ltr'>vere</span> <span class='ocrx_word' id='word_1_28' title='bbox 930 272 1129 306; x_wconf 89' lang='lat' dir='ltr'>catholicus</span> <span class='ocrx_word' id='word_1_29' title='bbox 1156 274 1243 312; x_wconf 85' lang='lat' dir='ltr'>erat,</span> <span class='ocrx_word' id='word_1_30' title='bbox 1279 271 1314 304; x_wconf 91' lang='lat' dir='ltr'>in</span> <span class='ocrx_word' id='word_1_31' title='bbox 1350 269 1432 304; x_wconf 89' lang='lat' dir='ltr'>aula</span> <span class='ocrx_word' id='word_1_32' title='bbox 1468 269 1603 303; x_wconf 90' lang='lat' dir='ltr'>multos</span> <span class='ocrx_word' id='word_1_33' title='bbox 1634 269 1878 313; x_wconf 74' lang='lat' dir='ltr'>protestantes</span> 
     </span>
     <span class='ocr_line' id='line_1_4' title="bbox 109 320 1877 370; baseline -0.004 -10"><span class='ocrx_word' id='word_1_34' title='bbox 109 325 239 360; x_wconf 87' lang='lat' dir='ltr'>alebat.</span> <span class='ocrx_word' id='word_1_35' title='bbox 278 326 447 360; x_wconf 90' lang='lat' dir='ltr'>Austriae</span> <span class='ocrx_word' id='word_1_36' title='bbox 473 325 655 359; x_wconf 85' lang='lat' dir='ltr'>interioris</span> <span class='ocrx_word' id='word_1_37' title='bbox 680 325 850 359; x_wconf 85' lang='lat' dir='ltr'>nobilitas</span> <span class='ocrx_word' id='word_1_38' title='bbox 877 337 990 370; x_wconf 87' lang='lat' dir='ltr'>paene</span> <span class='ocrx_word' id='word_1_39' title='bbox 1017 325 1142 367; x_wconf 84' lang='lat' dir='ltr'>omnis,</span> <span class='ocrx_word' id='word_1_40' title='bbox 1169 324 1309 358; x_wconf 89' lang='lat' dir='ltr'>urbium</span> <span class='ocrx_word' id='word_1_41' title='bbox 1330 324 1429 357; x_wconf 86' lang='lat' dir='ltr'>cives</span> <span class='ocrx_word' id='word_1_42' title='bbox 1447 322 1551 357; x_wconf 87' lang='lat' dir='ltr'>multi</span> <span class='ocrx_word' id='word_1_43' title='bbox 1577 320 1877 355; x_wconf 89' lang='lat' dir='ltr'>lutheranismum</span> 
     </span>
     <span class='ocr_line' id='line_1_5' title="bbox 109 372 1878 422; baseline -0.005 -9"><span class='ocrx_word' id='word_1_44' title='bbox 109 379 372 422; x_wconf 84' lang='lat' dir='ltr'>sequebantur;</span> <span class='ocrx_word' id='word_1_45' title='bbox 409 378 507 412; x_wconf 89' lang='lat' dir='ltr'>urbis</span> <span class='ocrx_word' id='word_1_46' title='bbox 534 378 747 417; x_wconf 82' lang='lat' dir='ltr'>labacensis,</span> <span class='ocrx_word' id='word_1_47' title='bbox 784 389 875 422; x_wconf 86' lang='lat' dir='ltr'>quae</span> <span class='ocrx_word' id='word_1_48' title='bbox 903 377 1090 412; x_wconf 84' lang='lat' dir='ltr'>Carniolae</span> <span class='ocrx_word' id='word_1_49' title='bbox 1117 380 1227 422; x_wconf 85' lang='lat' dir='ltr'>caput</span> <span class='ocrx_word' id='word_1_50' title='bbox 1252 379 1316 417; x_wconf 86' lang='lat' dir='ltr'>est,</span> <span class='ocrx_word' id='word_1_51' title='bbox 1354 378 1502 410; x_wconf 88' lang='lat' dir='ltr'>senatus</span> <span class='ocrx_word' id='word_1_52' title='bbox 1528 377 1626 409; x_wconf 88' lang='lat' dir='ltr'>totus</span> <span class='ocrx_word' id='word_1_53' title='bbox 1659 375 1737 407; x_wconf 87' lang='lat' dir='ltr'>erat</span> <span class='ocrx_word' id='word_1_54' title='bbox 1762 372 1878 407; x_wconf 86' lang='lat' dir='ltr'>luthe-</span> 
     </span>
     <span class='ocr_line' id='line_1_6' title="bbox 108 427 1877 476; baseline -0.003 -11"><span class='ocrx_word' id='word_1_55' title='bbox 108 443 228 466; x_wconf 87' lang='lat' dir='ltr'>ranus.</span> <span class='ocrx_word' id='word_1_56' title='bbox 280 431 406 466; x_wconf 85' lang='lat' dir='ltr'>Clerus</span> <span class='ocrx_word' id='word_1_57' title='bbox 433 443 565 475; x_wconf 84' lang='lat' dir='ltr'>magna</span> <span class='ocrx_word' id='word_1_58' title='bbox 600 434 702 475; x_wconf 84' lang='lat' dir='ltr'>parte</span> <span class='ocrx_word' id='word_1_59' title='bbox 729 431 901 465; x_wconf 89' lang='lat' dir='ltr'>bonorum</span> <span class='ocrx_word' id='word_1_60' title='bbox 936 431 1102 476; x_wconf 87' lang='lat' dir='ltr'>privatus</span> <span class='ocrx_word' id='word_1_61' title='bbox 1129 432 1217 470; x_wconf 88' lang='lat' dir='ltr'>erat,</span> <span class='ocrx_word' id='word_1_62' title='bbox 1254 432 1300 471; x_wconf 91' lang='lat' dir='ltr'>et,</span> <span class='ocrx_word' id='word_1_63' title='bbox 1337 429 1369 463; x_wconf 92' lang='lat' dir='ltr'>id</span> <span class='ocrx_word' id='word_1_64' title='bbox 1398 429 1492 473; x_wconf 91' lang='lat' dir='ltr'>quod</span> <span class='ocrx_word' id='word_1_65' title='bbox 1528 428 1634 471; x_wconf 86' lang='lat' dir='ltr'>longe</span> <span class='ocrx_word' id='word_1_66' title='bbox 1660 427 1763 471; x_wconf 90' lang='lat' dir='ltr'>peius</span> <span class='ocrx_word' id='word_1_67' title='bbox 1790 429 1877 465; x_wconf 82' lang='lat' dir='ltr'>erat,</span> 
     </span>
     <span class='ocr_line' id='line_1_7' title="bbox 109 478 1879 528; baseline -0.004 -9"><span class='ocrx_word' id='word_1_68' title='bbox 109 484 214 518; x_wconf 86' lang='lat' dir='ltr'>multi</span> <span class='ocrx_word' id='word_1_69' title='bbox 240 484 476 519; x_wconf 87' lang='lat' dir='ltr'>ecclesiastici</span> <span class='ocrx_word' id='word_1_70' title='bbox 502 484 741 518; x_wconf 82' lang='lat' dir='ltr'>concubinatu</span> <span class='ocrx_word' id='word_1_71' title='bbox 768 484 920 528; x_wconf 86' lang='lat' dir='ltr'>aliisque</span> <span class='ocrx_word' id='word_1_72' title='bbox 940 484 1038 518; x_wconf 84' lang='lat' dir='ltr'>vitiis</span> <span class='ocrx_word' id='word_1_73' title='bbox 1064 483 1287 518; x_wconf 76' lang='lat' dir='ltr'>laborabant.</span> <span class='ocrx_word' id='word_1_74' title='bbox 1323 483 1428 516; x_wconf 88' lang='lat' dir='ltr'>Initio</span> <span class='ocrx_word' id='word_1_75' title='bbox 1455 494 1485 516; x_wconf 85' lang='lat' dir='ltr'>a.</span> <span class='ocrx_word' id='word_1_76' title='bbox 1504 481 1594 516; x_wconf 90' lang='lat'>1569</span> <span class='ocrx_word' id='word_1_77' title='bbox 1621 481 1657 514; x_wconf 90' lang='lat' dir='ltr'>in</span> <span class='ocrx_word' id='word_1_78' title='bbox 1671 478 1879 514; x_wconf 85' lang='lat' dir='ltr'>Carinthiae</span> 
     </span>
     <span class='ocr_line' id='line_1_8' title="bbox 111 535 1879 579; baseline -0.004 -7"><span class='ocrx_word' id='word_1_79' title='bbox 111 540 147 571; x_wconf 87' lang='lat' dir='ltr'>et</span> <span class='ocrx_word' id='word_1_80' title='bbox 174 538 361 572; x_wconf 86' lang='lat' dir='ltr'>Carniolae</span> <span class='ocrx_word' id='word_1_81' title='bbox 397 537 633 572; x_wconf 89' lang='lat' dir='ltr'>conventibus</span> <span class='ocrx_word' id='word_1_82' title='bbox 660 538 802 571; x_wconf 83' lang='lat' dir='ltr'>ordines</span> <span class='ocrx_word' id='word_1_83' title='bbox 837 549 875 571; x_wconf 89' lang='lat' dir='ltr'>se</span> <span class='ocrx_word' id='word_1_84' title='bbox 911 549 1041 571; x_wconf 85' lang='lat' dir='ltr'>novam</span> <span class='ocrx_word' id='word_1_85' title='bbox 1077 536 1175 571; x_wconf 87' lang='lat' dir='ltr'>illam</span> <span class='ocrx_word' id='word_1_86' title='bbox 1203 535 1411 579; x_wconf 84' lang='lat' dir='ltr'>religionem</span> <span class='ocrx_word' id='word_1_87' title='bbox 1441 535 1605 569; x_wconf 88' lang='lat' dir='ltr'>deserere</span> <span class='ocrx_word' id='word_1_88' title='bbox 1640 544 1745 578; x_wconf 91' lang='lat' dir='ltr'>posse</span> <span class='ocrx_word' id='word_1_89' title='bbox 1771 542 1879 574; x_wconf 84' lang='lat' dir='ltr'>nega-</span> 
     </span>
     <span class='ocr_line' id='line_1_9' title="bbox 110 584 1879 626; baseline -0.003 -2"><span class='ocrx_word' id='word_1_90' title='bbox 110 593 250 626; x_wconf 87' lang='lat' dir='ltr'>verant.</span> <span class='ocrx_word' id='word_1_91' title='bbox 277 591 329 625; x_wconf 93' lang='lat' dir='ltr'>De</span> <span class='ocrx_word' id='word_1_92' title='bbox 356 593 535 625; x_wconf 90' lang='lat' dir='ltr'>conventu</span> <span class='ocrx_word' id='word_1_93' title='bbox 563 591 726 625; x_wconf 87' lang='lat' dir='ltr'>ordinum</span> <span class='ocrx_word' id='word_1_94' title='bbox 754 590 884 624; x_wconf 84' lang='lat' dir='ltr'>Stiriae</span> <span class='ocrx_word' id='word_1_95' title='bbox 911 591 946 624; x_wconf 90' lang='lat' dir='ltr'>in</span> <span class='ocrx_word' id='word_1_96' title='bbox 973 591 1155 624; x_wconf 89' lang='lat' dir='ltr'>ineuntem</span> <span class='ocrx_word' id='word_1_97' title='bbox 1183 588 1486 623; x_wconf 89' lang='lat' dir='ltr'>m.N0vembrem</span> <span class='ocrx_word' id='word_1_98' title='bbox 1515 588 1605 622; x_wconf 87' lang='lat'>1569</span> <span class='ocrx_word' id='word_1_99' title='bbox 1632 586 1765 620; x_wconf 83' lang='lat' dir='ltr'>indicto</span> <span class='ocrx_word' id='word_1_100' title='bbox 1791 584 1879 618; x_wconf 92' lang='lat' dir='ltr'>mul-</span> 
     </span>
     <span class='ocr_line' id='line_1_10' title="bbox 109 637 1880 687; baseline -0.004 -10"><span class='ocrx_word' id='word_1_101' title='bbox 109 646 187 677; x_wconf 89' lang='lat' dir='ltr'>tum</span> <span class='ocrx_word' id='word_1_102' title='bbox 212 644 425 685; x_wconf 85' lang='lat' dir='ltr'>timebatur;</span> <span class='ocrx_word' id='word_1_103' title='bbox 463 644 633 678; x_wconf 87' lang='lat' dir='ltr'>volebant</span> <span class='ocrx_word' id='word_1_104' title='bbox 659 643 712 677; x_wconf 90' lang='lat' dir='ltr'>illi</span> <span class='ocrx_word' id='word_1_105' title='bbox 739 643 968 678; x_wconf 80' lang='lat' dir='ltr'>archiducem</span> <span class='ocrx_word' id='word_1_106' title='bbox 996 655 1134 686; x_wconf 84' lang='lat' dir='ltr'>urgere,</span> <span class='ocrx_word' id='word_1_107' title='bbox 1162 647 1201 676; x_wconf 87' lang='lat' dir='ltr'>ut</span> <span class='ocrx_word' id='word_1_108' title='bbox 1227 641 1514 687; x_wconf 85' lang='lat' dir='ltr'>protestantismi</span> <span class='ocrx_word' id='word_1_109' title='bbox 1541 640 1745 674; x_wconf 87' lang='lat' dir='ltr'>libertatem</span> <span class='ocrx_word' id='word_1_110' title='bbox 1771 637 1880 671; x_wconf 90' lang='lat' dir='ltr'>omni-</span> 
     </span>
     <span class='ocr_line' id='line_1_11' title="bbox 109 690 1880 741; baseline -0.004 -11"><span class='ocrx_word' id='word_1_111' title='bbox 109 696 176 730; x_wconf 88' lang='lat' dir='ltr'>bus</span> <span class='ocrx_word' id='word_1_112' title='bbox 215 698 435 738; x_wconf 83' lang='lat' dir='ltr'>concederet,</span> <span class='ocrx_word' id='word_1_113' title='bbox 476 697 703 741; x_wconf 74' lang='lat' dir='ltr'>„Agendam“</span> <span class='ocrx_word' id='word_1_114' title='bbox 734 697 961 730; x_wconf 89' lang='lat' dir='ltr'>lutheranam</span> <span class='ocrx_word' id='word_1_115' title='bbox 1001 696 1296 731; x_wconf 82' lang='lat' dir='ltr'>conscribendam</span> <span class='ocrx_word' id='word_1_116' title='bbox 1335 696 1479 729; x_wconf 82' lang='lat' dir='ltr'>curaret</span> <span class='ocrx_word' id='word_1_117' title='bbox 1515 696 1582 728; x_wconf 79' lang='lat' dir='ltr'>etc.</span> <span class='ocrx_word' id='word_1_118' title='bbox 1614 693 1766 735; x_wconf 72' lang='lat' dir='ltr'>(Psleyer</span> <span class='ocrx_word' id='word_1_119' title='bbox 1799 690 1823 724; x_wconf 91' lang='grc'>1.</span> <span class='ocrx_word' id='word_1_120' title='bbox 1851 702 1880 724; x_wconf 93' lang='lat' dir='ltr'>c.</span> 
     </span>
     <span class='ocr_line' id='line_1_12' title="bbox 110 744 1879 786; baseline -0.005 -2"><span class='ocrx_word' id='word_1_121' title='bbox 110 749 262 785; x_wconf 70' lang='lat'>80—81.</span> <span class='ocrx_word' id='word_1_122' title='bbox 301 752 452 785; x_wconf 68' lang='lat' dir='ltr'>Loserth</span> <span class='ocrx_word' id='word_1_123' title='bbox 477 752 500 785; x_wconf 94' lang='lat' dir='ltr'>l.</span> <span class='ocrx_word' id='word_1_124' title='bbox 528 762 556 784; x_wconf 95' lang='lat' dir='ltr'>c.</span> <span class='ocrx_word' id='word_1_125' title='bbox 586 750 770 785; x_wconf 81' lang='lat'>138—151</span> <span class='ocrx_word' id='word_1_126' title='bbox 803 750 879 785; x_wconf 88' lang='grc'><strong>158.</strong></span> <span class='ocrx_word' id='word_1_127' title='bbox 921 751 1133 784; x_wconf 74' lang='lat' dir='ltr'>Stez&#39;nlmber</span> <span class='ocrx_word' id='word_1_128' title='bbox 1158 749 1179 783; x_wconf 89' lang='grc'>1.</span> <span class='ocrx_word' id='word_1_129' title='bbox 1208 761 1237 784; x_wconf 91' lang='lat' dir='ltr'>c.</span> <span class='ocrx_word' id='word_1_130' title='bbox 1266 749 1302 782; x_wconf 82' lang='grc' dir='ltr'>Ι2</span> <span class='ocrx_word' id='word_1_131' title='bbox 1328 747 1528 783; x_wconf 82' lang='grc'><strong>336-337.</strong></span> <span class='ocrx_word' id='word_1_132' title='bbox 1563 748 1638 780; x_wconf 76' lang='lat' dir='ltr'>Jos.</span> <span class='ocrx_word' id='word_1_133' title='bbox 1668 744 1879 786; x_wconf 71' lang='lat' dir='ltr'>Schmidlin,</span> 
     </span>
     <span class='ocr_line' id='line_1_13' title="bbox 110 796 1881 846; baseline -0.004 -10"><span class='ocrx_word' id='word_1_134' title='bbox 110 802 176 837; x_wconf 89' lang='lat' dir='ltr'>Die</span> <span class='ocrx_word' id='word_1_135' title='bbox 202 803 426 838; x_wconf 86' lang='lat' dir='ltr'>kirchlichen</span> <span class='ocrx_word' id='word_1_136' title='bbox 453 804 630 838; x_wconf 75' lang='lat' dir='ltr'>Zustande</span> <span class='ocrx_word' id='word_1_137' title='bbox 667 804 701 837; x_wconf 91' lang='lat' dir='ltr'>in</span> <span class='ocrx_word' id='word_1_138' title='bbox 728 803 976 838; x_wconf 88' lang='lat' dir='ltr'>Deutschland</span> <span class='ocrx_word' id='word_1_139' title='bbox 1013 816 1078 838; x_wconf 90' lang='lat' dir='ltr'>vor</span> <span class='ocrx_word' id='word_1_140' title='bbox 1112 804 1192 837; x_wconf 91' lang='lat' dir='ltr'>dem</span> <span class='ocrx_word' id='word_1_141' title='bbox 1219 801 1537 846; x_wconf 69' lang='lat' dir='ltr'>Dreissigjahrigen</span> <span class='ocrx_word' id='word_1_142' title='bbox 1564 800 1697 842; x_wconf 84' lang='lat' dir='ltr'>Kriege</span> <span class='ocrx_word' id='word_1_143' title='bbox 1724 798 1750 837; x_wconf 88' lang='lat' dir='ltr'>I,</span> <span class='ocrx_word' id='word_1_144' title='bbox 1786 796 1881 830; x_wconf 84' lang='lat' dir='ltr'>Frei-</span> 
     </span>
     <span class='ocr_line' id='line_1_14' title="bbox 110 848 1881 901; baseline -0.005 -11"><span class='ocrx_word' id='word_1_145' title='bbox 110 856 203 900; x_wconf 84' lang='lat' dir='ltr'>burg</span> <span class='ocrx_word' id='word_1_146' title='bbox 221 857 242 891; x_wconf 89' lang='lat' dir='ltr'>i.</span> <span class='ocrx_word' id='word_1_147' title='bbox 257 857 316 891; x_wconf 76' lang='grc' dir='ltr'>ΒΓ.</span> <span class='ocrx_word' id='word_1_148' title='bbox 338 857 439 898; x_wconf 87' lang='grc'><strong>1908,</strong></span> <span class='ocrx_word' id='word_1_149' title='bbox 463 857 632 900; x_wconf 82' lang='grc'><strong>33-35).</strong></span> <span class='ocrx_word' id='word_1_150' title='bbox 670 856 846 901; x_wconf 85' lang='lat' dir='ltr'>Cupiebat</span> <span class='ocrx_word' id='word_1_151' title='bbox 863 868 949 890; x_wconf 90' lang='lat' dir='ltr'>sane</span> <span class='ocrx_word' id='word_1_152' title='bbox 964 856 1176 900; x_wconf 86' lang='lat' dir='ltr'>Eisengrein</span> <span class='ocrx_word' id='word_1_153' title='bbox 1196 867 1259 900; x_wconf 90' lang='lat' dir='ltr'>pro</span> <span class='ocrx_word' id='word_1_154' title='bbox 1277 866 1342 889; x_wconf 87' lang='lat' dir='ltr'>suo</span> <span class='ocrx_word' id='word_1_155' title='bbox 1360 853 1547 897; x_wconf 84' lang='lat' dir='ltr'>religionis</span> <span class='ocrx_word' id='word_1_156' title='bbox 1564 852 1683 887; x_wconf 86' lang='lat' dir='ltr'>studio</span> <span class='ocrx_word' id='word_1_157' title='bbox 1702 851 1758 884; x_wconf 86' lang='lat' dir='ltr'>his</span> <span class='ocrx_word' id='word_1_158' title='bbox 1775 848 1881 883; x_wconf 85' lang='lat' dir='ltr'>malis</span> 
     </span>
     <span class='ocr_line' id='line_1_15' title="bbox 110 905 1881 951; baseline -0.005 -8"><span class='ocrx_word' id='word_1_159' title='bbox 110 910 265 951; x_wconf 84' lang='lat' dir='ltr'>mederi;</span> <span class='ocrx_word' id='word_1_160' title='bbox 291 911 353 944; x_wconf 85' lang='lat' dir='ltr'>sed</span> <span class='ocrx_word' id='word_1_161' title='bbox 380 910 487 944; x_wconf 87' lang='lat' dir='ltr'>simul</span> <span class='ocrx_word' id='word_1_162' title='bbox 506 909 691 944; x_wconf 80' lang='lat' dir='ltr'>dubitasse</span> <span class='ocrx_word' id='word_1_163' title='bbox 711 910 864 951; x_wconf 87' lang='lat' dir='ltr'>videtur,</span> <span class='ocrx_word' id='word_1_164' title='bbox 892 922 976 944; x_wconf 90' lang='lat' dir='ltr'>num</span> <span class='ocrx_word' id='word_1_165' title='bbox 1004 911 1115 944; x_wconf 85' lang='lat' dir='ltr'>tantis</span> <span class='ocrx_word' id='word_1_166' title='bbox 1135 908 1412 944; x_wconf 86' lang='lat' dir='ltr'>difficultatibus</span> <span class='ocrx_word' id='word_1_167' title='bbox 1438 906 1651 951; x_wconf 81' lang='lat' dir='ltr'>superandis</span> <span class='ocrx_word' id='word_1_168' title='bbox 1669 905 1767 938; x_wconf 89' lang='lat' dir='ltr'>vires</span> <span class='ocrx_word' id='word_1_169' title='bbox 1793 913 1881 936; x_wconf 86' lang='lat' dir='ltr'>suae</span> 
     </span>
     <span class='ocr_line' id='line_1_16' title="bbox 110 956 1880 1007; baseline -0.004 -11"><span class='ocrx_word' id='word_1_170' title='bbox 110 974 216 1007; x_wconf 87' lang='lat' dir='ltr'>pares</span> <span class='ocrx_word' id='word_1_171' title='bbox 243 966 374 998; x_wconf 83' lang='lat' dir='ltr'>essent.</span> <span class='ocrx_word' id='word_1_172' title='bbox 413 963 627 1003; x_wconf 80' lang='lat' dir='ltr'>Accedebat,</span> <span class='ocrx_word' id='word_1_173' title='bbox 655 963 748 1007; x_wconf 88' lang='lat' dir='ltr'>quod</span> <span class='ocrx_word' id='word_1_174' title='bbox 768 963 938 997; x_wconf 88' lang='lat' dir='ltr'>Albertus</span> <span class='ocrx_word' id='word_1_175' title='bbox 953 963 995 997; x_wconf 92' lang='lat' dir='ltr'>V.</span> <span class='ocrx_word' id='word_1_176' title='bbox 1016 964 1088 997; x_wconf 83' lang='lat' dir='ltr'>dux</span> <span class='ocrx_word' id='word_1_177' title='bbox 1115 963 1152 996; x_wconf 87' lang='lat' dir='ltr'>in</span> <span class='ocrx_word' id='word_1_178' title='bbox 1170 962 1344 1006; x_wconf 82' lang='lat' dir='ltr'>gravibus</span> <span class='ocrx_word' id='word_1_179' title='bbox 1362 960 1549 1004; x_wconf 83' lang='lat' dir='ltr'>religionis</span> <span class='ocrx_word' id='word_1_180' title='bbox 1575 958 1731 1002; x_wconf 85' lang='lat' dir='ltr'>negotiis</span> <span class='ocrx_word' id='word_1_181' title='bbox 1758 956 1880 990; x_wconf 89' lang='lat' dir='ltr'>Eisen-</span> 
     </span>
     <span class='ocr_line' id='line_1_17' title="bbox 110 1010 1879 1061; baseline -0.005 -11"><span class='ocrx_word' id='word_1_182' title='bbox 110 1016 240 1059; x_wconf 86' lang='lat' dir='ltr'>greinii</span> <span class='ocrx_word' id='word_1_183' title='bbox 275 1028 383 1061; x_wconf 87' lang='lat' dir='ltr'>opera</span> <span class='ocrx_word' id='word_1_184' title='bbox 408 1017 461 1050; x_wconf 88' lang='lat' dir='ltr'>uti</span> <span class='ocrx_word' id='word_1_185' title='bbox 487 1016 644 1056; x_wconf 75' lang='lat' dir='ltr'>solebat:</span> <span class='ocrx_word' id='word_1_186' title='bbox 681 1019 721 1050; x_wconf 88' lang='lat' dir='ltr'>ut</span> <span class='ocrx_word' id='word_1_187' title='bbox 748 1028 828 1050; x_wconf 88' lang='lat' dir='ltr'>cum</span> <span class='ocrx_word' id='word_1_188' title='bbox 855 1028 887 1051; x_wconf 87' lang='lat' dir='ltr'>a.</span> <span class='ocrx_word' id='word_1_189' title='bbox 909 1017 999 1051; x_wconf 79' lang='lat'>1563</span> <span class='ocrx_word' id='word_1_190' title='bbox 1036 1019 1072 1051; x_wconf 90' lang='lat' dir='ltr'>et</span> <span class='ocrx_word' id='word_1_191' title='bbox 1101 1017 1190 1050; x_wconf 87' lang='lat'>1564</span> <span class='ocrx_word' id='word_1_192' title='bbox 1209 1015 1441 1049; x_wconf 78' lang='lat' dir='ltr'>vindobonae</span> <span class='ocrx_word' id='word_1_193' title='bbox 1478 1014 1520 1048; x_wconf 91' lang='lat' dir='ltr'>de</span> <span class='ocrx_word' id='word_1_194' title='bbox 1547 1012 1658 1047; x_wconf 87' lang='lat' dir='ltr'>calice</span> <span class='ocrx_word' id='word_1_195' title='bbox 1694 1010 1879 1049; x_wconf 89' lang='lat' dir='ltr'>laicorum,</span> 
     </span>
     <span class='ocr_line' id='line_1_18' title="bbox 111 1062 1880 1114; baseline -0.005 -11"><span class='ocrx_word' id='word_1_196' title='bbox 111 1081 143 1104; x_wconf 86' lang='lat' dir='ltr'>a.</span> <span class='ocrx_word' id='word_1_197' title='bbox 165 1070 254 1105; x_wconf 82' lang='lat'>1564</span> <span class='ocrx_word' id='word_1_198' title='bbox 281 1070 482 1113; x_wconf 81' lang='lat' dir='ltr'>Salisburgi</span> <span class='ocrx_word' id='word_1_199' title='bbox 518 1070 560 1104; x_wconf 92' lang='lat' dir='ltr'>de</span> <span class='ocrx_word' id='word_1_200' title='bbox 588 1070 737 1104; x_wconf 91' lang='lat' dir='ltr'>concilio</span> <span class='ocrx_word' id='word_1_201' title='bbox 764 1070 988 1114; x_wconf 84' lang='lat' dir='ltr'>provinciali,</span> <span class='ocrx_word' id='word_1_202' title='bbox 1027 1082 1057 1105; x_wconf 90' lang='lat' dir='ltr'>a.</span> <span class='ocrx_word' id='word_1_203' title='bbox 1079 1071 1170 1104; x_wconf 87' lang='lat'>1566</span> <span class='ocrx_word' id='word_1_204' title='bbox 1197 1069 1332 1102; x_wconf 88' lang='lat' dir='ltr'>Romae</span> <span class='ocrx_word' id='word_1_205' title='bbox 1364 1068 1407 1102; x_wconf 93' lang='lat' dir='ltr'>de</span> <span class='ocrx_word' id='word_1_206' title='bbox 1434 1068 1644 1112; x_wconf 87' lang='lat' dir='ltr'>episcopatu</span> <span class='ocrx_word' id='word_1_207' title='bbox 1670 1062 1880 1106; x_wconf 81' lang='lat' dir='ltr'>frisingensi</span> 
     </span>
     <span class='ocr_line' id='line_1_19' title="bbox 109 1116 1879 1168; baseline -0.005 -11"><span class='ocrx_word' id='word_1_208' title='bbox 109 1123 262 1157; x_wconf 87' lang='lat' dir='ltr'>Ernesto</span> <span class='ocrx_word' id='word_1_209' title='bbox 288 1123 440 1168; x_wconf 88' lang='lat' dir='ltr'>principi</span> <span class='ocrx_word' id='word_1_210' title='bbox 465 1124 581 1157; x_wconf 85' lang='lat' dir='ltr'>dando</span> <span class='ocrx_word' id='word_1_211' title='bbox 608 1126 644 1156; x_wconf 88' lang='lat' dir='ltr'>et</span> <span class='ocrx_word' id='word_1_212' title='bbox 669 1123 704 1156; x_wconf 88' lang='lat' dir='ltr'>in</span> <span class='ocrx_word' id='word_1_213' title='bbox 732 1124 904 1157; x_wconf 86' lang='lat' dir='ltr'>comitatu</span> <span class='ocrx_word' id='word_1_214' title='bbox 930 1123 1081 1167; x_wconf 81' lang='lat' dir='ltr'>hagensi</span> <span class='ocrx_word' id='word_1_215' title='bbox 1108 1123 1151 1157; x_wconf 90' lang='lat' dir='ltr'>de</span> <span class='ocrx_word' id='word_1_216' title='bbox 1176 1122 1393 1156; x_wconf 82' lang='lat' dir='ltr'>Lutheranis</span> <span class='ocrx_word' id='word_1_217' title='bbox 1419 1121 1463 1155; x_wconf 90' lang='lat' dir='ltr'>ad</span> <span class='ocrx_word' id='word_1_218' title='bbox 1490 1120 1681 1154; x_wconf 88' lang='lat' dir='ltr'>ecclesiam</span> <span class='ocrx_word' id='word_1_219' title='bbox 1707 1116 1879 1151; x_wconf 87' lang='lat' dir='ltr'>reducen-</span> 
     </span>
     <span class='ocr_line' id='line_1_20' title="bbox 110 1169 1883 1221; baseline -0.005 -11"><span class='ocrx_word' id='word_1_220' title='bbox 110 1176 164 1210; x_wconf 85' lang='lat' dir='ltr'>dis</span> <span class='ocrx_word' id='word_1_221' title='bbox 192 1180 379 1220; x_wconf 85' lang='lat' dir='ltr'>ageretur;</span> <span class='ocrx_word' id='word_1_222' title='bbox 415 1176 549 1211; x_wconf 87' lang='lat' dir='ltr'>multas</span> <span class='ocrx_word' id='word_1_223' title='bbox 576 1188 717 1221; x_wconf 86' lang='lat' dir='ltr'>quoque</span> <span class='ocrx_word' id='word_1_224' title='bbox 745 1177 977 1211; x_wconf 86' lang='lat' dir='ltr'>ecelesiarum</span> <span class='ocrx_word' id='word_1_225' title='bbox 1005 1177 1233 1211; x_wconf 86' lang='lat' dir='ltr'>visitationes</span> <span class='ocrx_word' id='word_1_226' title='bbox 1260 1176 1332 1210; x_wconf 86' lang='lat' dir='ltr'>dux</span> <span class='ocrx_word' id='word_1_227' title='bbox 1360 1174 1608 1218; x_wconf 84' lang='lat' dir='ltr'>Eisengreinio</span> <span class='ocrx_word' id='word_1_228' title='bbox 1635 1169 1883 1206; x_wconf 85' lang='lat' dir='ltr'>committebat</span> 
     </span>
     <span class='ocr_line' id='line_1_21' title="bbox 114 1224 1881 1275; baseline -0.004 -12"><span class='ocrx_word' id='word_1_229' title='bbox 114 1229 219 1271; x_wconf 77' lang='lat' dir='ltr'>(Can.</span> <span class='ocrx_word' id='word_1_230' title='bbox 248 1229 299 1263; x_wconf 89' lang='lat' dir='ltr'>IV</span> <span class='ocrx_word' id='word_1_231' title='bbox 316 1231 403 1264; x_wconf 80' lang='lat'>499³</span> <span class='ocrx_word' id='word_1_232' title='bbox 429 1230 498 1264; x_wconf 88' lang='lat'>614</span> <span class='ocrx_word' id='word_1_233' title='bbox 524 1230 611 1271; x_wconf 80' lang='lat'>981;</span> <span class='ocrx_word' id='word_1_234' title='bbox 639 1230 672 1264; x_wconf 86' lang='lat' dir='ltr'>V</span> <span class='ocrx_word' id='word_1_235' title='bbox 691 1230 890 1265; x_wconf 76' lang='lat'>263—264.</span> <span class='ocrx_word' id='word_1_236' title='bbox 943 1232 1078 1275; x_wconf 67' lang='lat' dir='ltr'>Pfleyer</span> <span class='ocrx_word' id='word_1_237' title='bbox 1103 1230 1125 1264; x_wconf 91' lang='grc'>1.</span> <span class='ocrx_word' id='word_1_238' title='bbox 1154 1242 1183 1264; x_wconf 94' lang='lat' dir='ltr'>c.</span> <span class='ocrx_word' id='word_1_239' title='bbox 1211 1230 1285 1272; x_wconf 80' lang='lat'>28).</span> <span class='ocrx_word' id='word_1_240' title='bbox 1337 1228 1455 1270; x_wconf 77' lang='lat' dir='ltr'>Quare</span> <span class='ocrx_word' id='word_1_241' title='bbox 1492 1225 1694 1272; x_wconf 87' lang='lat' dir='ltr'>praevideri</span> <span class='ocrx_word' id='word_1_242' title='bbox 1730 1224 1881 1269; x_wconf 87' lang='lat' dir='ltr'>poterat,</span> 
     </span>
     <span class='ocr_line' id='line_1_22' title="bbox 110 1275 1882 1324; baseline -0.004 -8"><span class='ocrx_word' id='word_1_243' title='bbox 110 1282 299 1317; x_wconf 85' lang='lat' dir='ltr'>Albertum</span> <span class='ocrx_word' id='word_1_244' title='bbox 334 1283 429 1317; x_wconf 89' lang='lat' dir='ltr'>haud</span> <span class='ocrx_word' id='word_1_245' title='bbox 464 1283 571 1317; x_wconf 89' lang='lat' dir='ltr'>facile</span> <span class='ocrx_word' id='word_1_246' title='bbox 608 1283 761 1317; x_wconf 87' lang='lat' dir='ltr'>abeundi</span> <span class='ocrx_word' id='word_1_247' title='bbox 796 1284 940 1317; x_wconf 88' lang='lat' dir='ltr'>veniam</span> <span class='ocrx_word' id='word_1_248' title='bbox 975 1285 1007 1318; x_wconf 90' lang='lat' dir='ltr'>ei</span> <span class='ocrx_word' id='word_1_249' title='bbox 1042 1294 1297 1318; x_wconf 85' lang='lat' dir='ltr'>concessurum</span> <span class='ocrx_word' id='word_1_250' title='bbox 1335 1293 1425 1316; x_wconf 83' lang='lat' dir='ltr'>esse.</span> <span class='ocrx_word' id='word_1_251' title='bbox 1477 1281 1605 1324; x_wconf 86' lang='lat' dir='ltr'>ltaque</span> <span class='ocrx_word' id='word_1_252' title='bbox 1642 1275 1882 1321; x_wconf 81' lang='lat' dir='ltr'>Eisengreinii</span> 
     </span>
     <span class='ocr_line' id='line_1_23' title="bbox 111 1330 1881 1381; baseline -0.004 -12"><span class='ocrx_word' id='word_1_253' title='bbox 111 1335 229 1369; x_wconf 88' lang='lat' dir='ltr'>animo</span> <span class='ocrx_word' id='word_1_254' title='bbox 256 1336 410 1370; x_wconf 89' lang='lat' dir='ltr'>alterum</span> <span class='ocrx_word' id='word_1_255' title='bbox 436 1348 578 1381; x_wconf 90' lang='lat' dir='ltr'>quoque</span> <span class='ocrx_word' id='word_1_256' title='bbox 605 1337 792 1370; x_wconf 85' lang='lat' dir='ltr'>consilium</span> <span class='ocrx_word' id='word_1_257' title='bbox 821 1337 1099 1377; x_wconf 79' lang='lat' dir='ltr'>obversabatur3</span> <span class='ocrx_word' id='word_1_258' title='bbox 1141 1337 1235 1380; x_wconf 91' lang='lat' dir='ltr'>quod</span> <span class='ocrx_word' id='word_1_259' title='bbox 1263 1338 1298 1369; x_wconf 88' lang='lat' dir='ltr'>et</span> <span class='ocrx_word' id='word_1_260' title='bbox 1324 1336 1442 1380; x_wconf 86' lang='lat' dir='ltr'>ipsum</span> <span class='ocrx_word' id='word_1_261' title='bbox 1470 1334 1613 1368; x_wconf 90' lang='lat' dir='ltr'>Canisio</span> <span class='ocrx_word' id='word_1_262' title='bbox 1640 1330 1881 1377; x_wconf 85' lang='lat' dir='ltr'>proponebat:</span> 
     </span>
     <span class='ocr_line' id='line_1_24' title="bbox 111 1385 1882 1435; baseline -0.004 -12"><span class='ocrx_word' id='word_1_263' title='bbox 111 1389 260 1423; x_wconf 87' lang='lat' dir='ltr'>Poterat</span> <span class='ocrx_word' id='word_1_264' title='bbox 294 1390 338 1424; x_wconf 90' lang='lat' dir='ltr'>ad</span> <span class='ocrx_word' id='word_1_265' title='bbox 365 1390 508 1434; x_wconf 89' lang='lat' dir='ltr'>aliquod</span> <span class='ocrx_word' id='word_1_266' title='bbox 535 1393 678 1435; x_wconf 88' lang='lat' dir='ltr'>tempus</span> <span class='ocrx_word' id='word_1_267' title='bbox 714 1391 749 1424; x_wconf 89' lang='lat' dir='ltr'>in</span> <span class='ocrx_word' id='word_1_268' title='bbox 776 1390 922 1425; x_wconf 81' lang='lat' dir='ltr'>Stiriam</span> <span class='ocrx_word' id='word_1_269' title='bbox 950 1391 1139 1435; x_wconf 86' lang='lat' dir='ltr'>proficisci,</span> <span class='ocrx_word' id='word_1_270' title='bbox 1177 1389 1225 1424; x_wconf 92' lang='lat' dir='ltr'>ibi</span> <span class='ocrx_word' id='word_1_271' title='bbox 1253 1388 1540 1434; x_wconf 83' lang='lat' dir='ltr'>protestantibus</span> <span class='ocrx_word' id='word_1_272' title='bbox 1567 1385 1709 1421; x_wconf 84' lang='lat' dir='ltr'>Graecii</span> <span class='ocrx_word' id='word_1_273' title='bbox 1736 1394 1882 1426; x_wconf 82' lang='lat' dir='ltr'>congre-</span> 
     </span>
     <span class='ocr_line' id='line_1_25' title="bbox 112 1435 1883 1489; baseline -0.004 -13"><span class='ocrx_word' id='word_1_274' title='bbox 112 1443 207 1485; x_wconf 85' lang='lat' dir='ltr'>gatis</span> <span class='ocrx_word' id='word_1_275' title='bbox 234 1444 392 1477; x_wconf 87' lang='lat' dir='ltr'>rationes</span> <span class='ocrx_word' id='word_1_276' title='bbox 420 1444 644 1485; x_wconf 84' lang='lat' dir='ltr'>conturbare,</span> <span class='ocrx_word' id='word_1_277' title='bbox 683 1443 809 1478; x_wconf 87' lang='lat' dir='ltr'>Carolo</span> <span class='ocrx_word' id='word_1_278' title='bbox 836 1444 1019 1478; x_wconf 85' lang='lat' dir='ltr'>archiduci</span> <span class='ocrx_word' id='word_1_279' title='bbox 1046 1455 1148 1489; x_wconf 88' lang='lat' dir='ltr'>opem</span> <span class='ocrx_word' id='word_1_280' title='bbox 1177 1443 1283 1482; x_wconf 88' lang='lat' dir='ltr'>ferre,</span> <span class='ocrx_word' id='word_1_281' title='bbox 1320 1441 1462 1476; x_wconf 75' lang='lat' dir='ltr'>Graecii</span> <span class='ocrx_word' id='word_1_282' title='bbox 1500 1444 1536 1475; x_wconf 90' lang='lat' dir='ltr'>et</span> <span class='ocrx_word' id='word_1_283' title='bbox 1563 1439 1694 1474; x_wconf 89' lang='lat' dir='ltr'>Labaci</span> <span class='ocrx_word' id='word_1_284' title='bbox 1721 1435 1883 1480; x_wconf 79' lang='lat' dir='ltr'>collegiis</span> 
     </span>
     <span class='ocr_line' id='line_1_26' title="bbox 112 1490 1883 1542; baseline -0.004 -13"><span class='ocrx_word' id='word_1_285' title='bbox 112 1495 303 1530; x_wconf 87' lang='lat' dir='ltr'>Societatis</span> <span class='ocrx_word' id='word_1_286' title='bbox 329 1497 560 1531; x_wconf 85' lang='lat' dir='ltr'>instituendis</span> <span class='ocrx_word' id='word_1_287' title='bbox 587 1497 683 1531; x_wconf 89' lang='lat' dir='ltr'>viam</span> <span class='ocrx_word' id='word_1_288' title='bbox 710 1509 848 1542; x_wconf 89' lang='lat' dir='ltr'>parare,</span> <span class='ocrx_word' id='word_1_289' title='bbox 885 1497 1039 1531; x_wconf 86' lang='lat' dir='ltr'>dioecesi</span> <span class='ocrx_word' id='word_1_290' title='bbox 1072 1496 1255 1531; x_wconf 88' lang='lat' dir='ltr'>labacensi</span> <span class='ocrx_word' id='word_1_291' title='bbox 1282 1496 1435 1541; x_wconf 88' lang='lat' dir='ltr'>probum</span> <span class='ocrx_word' id='word_1_292' title='bbox 1462 1495 1668 1540; x_wconf 86' lang='lat' dir='ltr'>episcopum</span> <span class='ocrx_word' id='word_1_293' title='bbox 1695 1490 1883 1537; x_wconf 89' lang='lat' dir='ltr'>providen-</span> 
     </span>
     <span class='ocr_line' id='line_1_27' title="bbox 112 1543 1883 1595; baseline -0.004 -12"><span class='ocrx_word' id='word_1_294' title='bbox 112 1549 193 1583; x_wconf 86' lang='lat' dir='ltr'>dum</span> <span class='ocrx_word' id='word_1_295' title='bbox 222 1561 366 1591; x_wconf 86' lang='lat' dir='ltr'>curare;</span> <span class='ocrx_word' id='word_1_296' title='bbox 395 1550 537 1595; x_wconf 86' lang='lat' dir='ltr'>iamque</span> <span class='ocrx_word' id='word_1_297' title='bbox 565 1552 642 1585; x_wconf 87' lang='lat' dir='ltr'>eius</span> <span class='ocrx_word' id='word_1_298' title='bbox 667 1552 718 1584; x_wconf 87' lang='lat' dir='ltr'>rei</span> <span class='ocrx_word' id='word_1_299' title='bbox 746 1562 856 1585; x_wconf 88' lang='lat' dir='ltr'>causa</span> <span class='ocrx_word' id='word_1_300' title='bbox 882 1551 1004 1585; x_wconf 91' lang='lat' dir='ltr'>oculos</span> <span class='ocrx_word' id='word_1_301' title='bbox 1031 1551 1234 1585; x_wconf 90' lang='lat' dir='ltr'>coniecerat</span> <span class='ocrx_word' id='word_1_302' title='bbox 1260 1551 1296 1583; x_wconf 91' lang='lat' dir='ltr'>in</span> <span class='ocrx_word' id='word_1_303' title='bbox 1322 1550 1420 1583; x_wconf 87' lang='lat' dir='ltr'>viros</span> <span class='ocrx_word' id='word_1_304' title='bbox 1448 1548 1596 1592; x_wconf 85' lang='lat' dir='ltr'>aliquot,</span> <span class='ocrx_word' id='word_1_305' title='bbox 1625 1558 1714 1590; x_wconf 89' lang='lat' dir='ltr'>quos</span> <span class='ocrx_word' id='word_1_306' title='bbox 1742 1543 1883 1578; x_wconf 89' lang='lat' dir='ltr'>Canisio</span> 
     </span>
     <span class='ocr_line' id='line_1_28' title="bbox 111 1598 1883 1649; baseline -0.003 -13"><span class='ocrx_word' id='word_1_307' title='bbox 111 1603 338 1638; x_wconf 86' lang='lat' dir='ltr'>nominabat:</span> <span class='ocrx_word' id='word_1_308' title='bbox 374 1604 571 1638; x_wconf 88' lang='lat' dir='ltr'>Henricum</span> <span class='ocrx_word' id='word_1_309' title='bbox 608 1603 831 1638; x_wconf 85' lang='lat' dir='ltr'>Scribonium</span> <span class='ocrx_word' id='word_1_310' title='bbox 867 1604 1167 1649; x_wconf 87' lang='lat' dir='ltr'>metropolitanae</span> <span class='ocrx_word' id='word_1_311' title='bbox 1203 1604 1378 1638; x_wconf 88' lang='lat' dir='ltr'>ecclesiae</span> <span class='ocrx_word' id='word_1_312' title='bbox 1413 1602 1603 1647; x_wconf 86' lang='lat' dir='ltr'>pragensis</span> <span class='ocrx_word' id='word_1_313' title='bbox 1638 1598 1883 1645; x_wconf 87' lang='lat' dir='ltr'>praepositum</span> 
     </span>
     <span class='ocr_line' id='line_1_29' title="bbox 114 1652 1883 1699; baseline -0.003 -9"><span class='ocrx_word' id='word_1_314' title='bbox 114 1656 175 1699; x_wconf 82' lang='lat' dir='ltr'>(cf.</span> <span class='ocrx_word' id='word_1_315' title='bbox 205 1658 292 1691; x_wconf 79' lang='lat' dir='ltr'>Can.</span> <span class='ocrx_word' id='word_1_316' title='bbox 321 1657 336 1691; x_wconf 89' lang='grc' dir='ltr'>Ι</span> <span class='ocrx_word' id='word_1_317' title='bbox 363 1657 483 1698; x_wconf 81' lang='lat'>599¹);</span> <span class='ocrx_word' id='word_1_318' title='bbox 522 1657 717 1692; x_wconf 88' lang='lat' dir='ltr'>Martinum</span> <span class='ocrx_word' id='word_1_319' title='bbox 746 1657 964 1692; x_wconf 78' lang='lat' dir='ltr'>Gerstmann</span> <span class='ocrx_word' id='word_1_320' title='bbox 1000 1657 1219 1692; x_wconf 86' lang='lat' dir='ltr'>cathedralis</span> <span class='ocrx_word' id='word_1_321' title='bbox 1246 1656 1422 1691; x_wconf 85' lang='lat' dir='ltr'>ecclesiae</span> <span class='ocrx_word' id='word_1_322' title='bbox 1448 1652 1740 1689; x_wconf 86' lang='lat' dir='ltr'>vratislaviensis</span> <span class='ocrx_word' id='word_1_323' title='bbox 1767 1652 1883 1686; x_wconf 86' lang='lat' dir='ltr'>custo-</span> 
     </span>
     <span class='ocr_line' id='line_1_30' title="bbox 112 1706 1881 1755; baseline -0.003 -12"><span class='ocrx_word' id='word_1_324' title='bbox 112 1709 192 1743; x_wconf 88' lang='lat' dir='ltr'>dem</span> <span class='ocrx_word' id='word_1_325' title='bbox 219 1710 441 1755; x_wconf 89' lang='lat' dir='ltr'>eundemque</span> <span class='ocrx_word' id='word_1_326' title='bbox 468 1711 722 1745; x_wconf 87' lang='lat' dir='ltr'>cancellarium</span> <span class='ocrx_word' id='word_1_327' title='bbox 750 1711 1015 1745; x_wconf 86' lang='lat' dir='ltr'>olomucensem</span> <span class='ocrx_word' id='word_1_328' title='bbox 1045 1712 1108 1755; x_wconf 84' lang='lat' dir='ltr'>(cf.</span> <span class='ocrx_word' id='word_1_329' title='bbox 1127 1713 1164 1745; x_wconf 88' lang='lat' dir='ltr'>J.</span> <span class='ocrx_word' id='word_1_330' title='bbox 1179 1712 1368 1754; x_wconf 46' lang='grc' dir='ltr'>..ἵκῃ-φῆτε,</span> <span class='ocrx_word' id='word_1_331' title='bbox 1395 1709 1530 1744; x_wconf 91' lang='lat' dir='ltr'>Martin</span> <span class='ocrx_word' id='word_1_332' title='bbox 1557 1720 1626 1742; x_wconf 88' lang='lat' dir='ltr'>von</span> <span class='ocrx_word' id='word_1_333' title='bbox 1654 1706 1881 1745; x_wconf 82' lang='lat' dir='ltr'>Gerstmann,</span> 
     </span>
     <span class='ocr_line' id='line_1_31' title="bbox 112 1758 1882 1810; baseline -0.003 -14"><span class='ocrx_word' id='word_1_334' title='bbox 112 1763 263 1798; x_wconf 88' lang='lat' dir='ltr'>Breslau</span> <span class='ocrx_word' id='word_1_335' title='bbox 292 1764 393 1806; x_wconf 87' lang='lat'>1898,</span> <span class='ocrx_word' id='word_1_336' title='bbox 422 1766 441 1799; x_wconf 85' lang='lat'><strong>7</strong></span> <span class='ocrx_word' id='word_1_337' title='bbox 471 1765 542 1808; x_wconf 83' lang='lat'>16),</span> <span class='ocrx_word' id='word_1_338' title='bbox 570 1765 630 1809; x_wconf 89' lang='lat' dir='ltr'>qui</span> <span class='ocrx_word' id='word_1_339' title='bbox 658 1767 783 1810; x_wconf 88' lang='lat' dir='ltr'>postea</span> <span class='ocrx_word' id='word_1_340' title='bbox 809 1765 999 1810; x_wconf 90' lang='lat' dir='ltr'>episcopus</span> <span class='ocrx_word' id='word_1_341' title='bbox 1026 1765 1319 1799; x_wconf 86' lang='lat' dir='ltr'>vratislaviensis</span> <span class='ocrx_word' id='word_1_342' title='bbox 1348 1764 1435 1804; x_wconf 77' lang='lat' dir='ltr'>fuit3</span> <span class='ocrx_word' id='word_1_343' title='bbox 1462 1761 1681 1797; x_wconf 84' lang='lat' dir='ltr'>cathedralis</span> <span class='ocrx_word' id='word_1_344' title='bbox 1708 1758 1882 1793; x_wconf 84' lang='lat' dir='ltr'>ecclesiae</span> 
     </span>
     <span class='ocr_line' id='line_1_32' title="bbox 113 1814 1881 1864; baseline -0.003 -14"><span class='ocrx_word' id='word_1_345' title='bbox 113 1816 351 1852; x_wconf 88' lang='lat' dir='ltr'>olomucensis</span> <span class='ocrx_word' id='word_1_346' title='bbox 376 1819 630 1863; x_wconf 85' lang='lat' dir='ltr'>praepositum,</span> <span class='ocrx_word' id='word_1_347' title='bbox 667 1830 773 1862; x_wconf 89' lang='lat' dir='ltr'>quem</span> <span class='ocrx_word' id='word_1_348' title='bbox 808 1818 903 1864; x_wconf 85' lang='lat' dir='ltr'>apud</span> <span class='ocrx_word' id='word_1_349' title='bbox 931 1818 1081 1853; x_wconf 87' lang='lat' dir='ltr'>Hosium</span> <span class='ocrx_word' id='word_1_350' title='bbox 1117 1818 1264 1864; x_wconf 89' lang='lat' dir='ltr'>propius</span> <span class='ocrx_word' id='word_1_351' title='bbox 1300 1819 1540 1860; x_wconf 80' lang='lat' dir='ltr'>cognoverat;</span> <span class='ocrx_word' id='word_1_352' title='bbox 1578 1814 1734 1849; x_wconf 81' lang='lat' dir='ltr'>maxime</span> <span class='ocrx_word' id='word_1_353' title='bbox 1761 1814 1881 1846; x_wconf 86' lang='lat' dir='ltr'>autem</span> 
     </span>
     <span class='ocr_line' id='line_1_33' title="bbox 112 1865 1885 1916; baseline -0.003 -13"><span class='ocrx_word' id='word_1_354' title='bbox 112 1869 370 1916; x_wconf 90' lang='lat' dir='ltr'>Hieronymum</span> <span class='ocrx_word' id='word_1_355' title='bbox 390 1872 557 1905; x_wconf 85' lang='lat' dir='ltr'>comitem</span> <span class='ocrx_word' id='word_1_356' title='bbox 575 1871 858 1906; x_wconf 87' lang='lat' dir='ltr'>Rosdracevium</span> <span class='ocrx_word' id='word_1_357' title='bbox 881 1871 1184 1915; x_wconf 82' lang='lat' dir='ltr'>(Rozdrazewski,</span> <span class='ocrx_word' id='word_1_358' title='bbox 1212 1870 1444 1913; x_wconf 83' lang='lat' dir='ltr'>Rozdrazow)</span> <span class='ocrx_word' id='word_1_359' title='bbox 1473 1868 1691 1903; x_wconf 85' lang='lat' dir='ltr'>cathedralis</span> <span class='ocrx_word' id='word_1_360' title='bbox 1710 1865 1885 1900; x_wconf 85' lang='lat' dir='ltr'>ecclesiae</span> 
     </span>
     <span class='ocr_line' id='line_1_34' title="bbox 113 1918 1884 1970; baseline -0.003 -13"><span class='ocrx_word' id='word_1_361' title='bbox 113 1924 403 1958; x_wconf 86' lang='lat' dir='ltr'>vratislaviensis</span> <span class='ocrx_word' id='word_1_362' title='bbox 429 1926 674 1970; x_wconf 89' lang='lat' dir='ltr'>praepositum</span> <span class='ocrx_word' id='word_1_363' title='bbox 704 1925 897 1969; x_wconf 66' lang='lat' dir='ltr'>(szym&#39;tz</span> <span class='ocrx_word' id='word_1_364' title='bbox 922 1925 945 1960; x_wconf 94' lang='lat' dir='ltr'>l.</span> <span class='ocrx_word' id='word_1_365' title='bbox 970 1937 998 1959; x_wconf 90' lang='lat' dir='ltr'>c.</span> <span class='ocrx_word' id='word_1_366' title='bbox 1019 1925 1160 1959; x_wconf 80' lang='lat'>41—42</span> <span class='ocrx_word' id='word_1_367' title='bbox 1186 1925 1266 1959; x_wconf 88' lang='lat'>451.</span> <span class='ocrx_word' id='word_1_368' title='bbox 1308 1925 1394 1959; x_wconf 71' lang='lat' dir='ltr'>Can.</span> <span class='ocrx_word' id='word_1_369' title='bbox 1410 1923 1547 1966; x_wconf 67' lang='lat' dir='ltr'>V449),</span> <span class='ocrx_word' id='word_1_370' title='bbox 1575 1922 1636 1966; x_wconf 89' lang='lat' dir='ltr'>qui</span> <span class='ocrx_word' id='word_1_371' title='bbox 1662 1923 1788 1966; x_wconf 89' lang='lat' dir='ltr'>postea</span> <span class='ocrx_word' id='word_1_372' title='bbox 1815 1918 1884 1963; x_wconf 91' lang='lat' dir='ltr'>epi-</span> 
     </span>
     <span class='ocr_line' id='line_1_35' title="bbox 113 1972 1887 2024; baseline -0.003 -13"><span class='ocrx_word' id='word_1_373' title='bbox 113 1988 244 2022; x_wconf 86' lang='lat' dir='ltr'>scopus</span> <span class='ocrx_word' id='word_1_374' title='bbox 271 1979 488 2013; x_wconf 88' lang='lat' dir='ltr'>cuiaviensis</span> <span class='ocrx_word' id='word_1_375' title='bbox 517 1979 722 2024; x_wconf 85' lang='lat' dir='ltr'>(Kujavien,</span> <span class='ocrx_word' id='word_1_376' title='bbox 751 1979 896 2022; x_wconf 85' lang='lat' dir='ltr'>Leslau)</span> <span class='ocrx_word' id='word_1_377' title='bbox 926 1979 1006 2014; x_wconf 83' lang='lat' dir='ltr'>fuit.</span> <span class='ocrx_word' id='word_1_378' title='bbox 1046 1979 1156 2012; x_wconf 78' lang='lat' dir='ltr'>Plura</span> <span class='ocrx_word' id='word_1_379' title='bbox 1182 1978 1264 2012; x_wconf 91' lang='lat' dir='ltr'>vide</span> <span class='ocrx_word' id='word_1_380' title='bbox 1292 1978 1386 2023; x_wconf 85' lang='lat' dir='ltr'>apud</span> <span class='ocrx_word' id='word_1_381' title='bbox 1414 1978 1550 2020; x_wconf 73' lang='lat' dir='ltr'>Pfleyer</span> <span class='ocrx_word' id='word_1_382' title='bbox 1576 1976 1598 2010; x_wconf 91' lang='lat' dir='ltr'>l.</span> <span class='ocrx_word' id='word_1_383' title='bbox 1627 1987 1656 2009; x_wconf 91' lang='lat' dir='ltr'>c.</span> <span class='ocrx_word' id='word_1_384' title='bbox 1684 1972 1825 2009; x_wconf 82' lang='lat'>83——84</span> <span class='ocrx_word' id='word_1_385' title='bbox 1852 1974 1887 2005; x_wconf 89' lang='lat' dir='ltr'>et</span> 
     </span>
     <span class='ocr_line' id='line_1_36' title="bbox 114 2031 476 2076; baseline 0.006 -12"><span class='ocrx_word' id='word_1_386' title='bbox 114 2031 218 2071; x_wconf 82' lang='lat' dir='ltr'>infra,</span> <span class='ocrx_word' id='word_1_387' title='bbox 246 2043 300 2076; x_wconf 92' lang='lat' dir='ltr'>ep.</span> <span class='ocrx_word' id='word_1_388' title='bbox 318 2044 352 2066; x_wconf 87' lang='lat' dir='ltr'>n.</span> <span class='ocrx_word' id='word_1_389' title='bbox 375 2032 476 2067; x_wconf 88' lang='lat'>1694.</span> 
     </span>
    </p>
   </div>
   <div class='ocr_carea' id='block_1_3' title="bbox 115 2139 1890 2185">
    <p class='ocr_par' dir='ltr' id='par_1_3' title="bbox 115 2139 1890 2185">
     <span class='ocr_line' id='line_1_37' title="bbox 115 2139 1890 2185; baseline -0.003 -7"><span class='ocrx_word' id='word_1_390' title='bbox 115 2142 268 2179; x_wconf 78' lang='lat'>1693.</span> <span class='ocrx_word' id='word_1_391' title='bbox 369 2145 587 2180; x_wconf 84' lang='lat' dir='ltr'>CANISIUS</span> <span class='ocrx_word' id='word_1_392' title='bbox 615 2144 882 2181; x_wconf 76' lang='lat' dir='ltr'>SANGTo</span> <span class='ocrx_word' id='word_1_393' title='bbox 911 2142 1302 2180; x_wconf 70' lang='lat' dir='ltr'>FRANCISCO</span> <span class='ocrx_word' id='word_1_394' title='bbox 1331 2140 1650 2179; x_wconf 73' lang='lat' dir='ltr'>BORGIAE</span> <span class='ocrx_word' id='word_1_395' title='bbox 1686 2139 1890 2185; x_wconf 88' lang='lat' dir='ltr'>praeposito</span> 
     </span>
    </p>
   </div>
   <div class='ocr_carea' id='block_1_4' title="bbox 306 2194 1839 2242">
    <p class='ocr_par' dir='ltr' id='par_1_4' title="bbox 306 2194 1839 2242">
     <span class='ocr_line' id='line_1_38' title="bbox 306 2194 1839 2242; baseline -0.004 -10"><span class='ocrx_word' id='word_1_396' title='bbox 306 2198 466 2241; x_wconf 84' lang='lat' dir='ltr'>generali</span> <span class='ocrx_word' id='word_1_397' title='bbox 494 2199 685 2233; x_wconf 82' lang='lat' dir='ltr'>Societatis</span> <span class='ocrx_word' id='word_1_398' title='bbox 712 2200 805 2234; x_wconf 88' lang='lat' dir='ltr'>lesu.</span> <span class='ocrx_word' id='word_1_399' title='bbox 974 2200 1142 2242; x_wconf 83' lang='lat' dir='ltr'>Augusta</span> <span class='ocrx_word' id='word_1_400' title='bbox 1169 2198 1437 2232; x_wconf 88' lang='lat' dir='ltr'>Vindelicorum</span> <span class='ocrx_word' id='word_1_401' title='bbox 1465 2197 1521 2231; x_wconf 80' lang='grc'>29.</span> <span class='ocrx_word' id='word_1_402' title='bbox 1542 2195 1709 2230; x_wconf 80' lang='lat' dir='ltr'>Octobris</span> <span class='ocrx_word' id='word_1_403' title='bbox 1739 2194 1839 2227; x_wconf 85' lang='lat'>1569.</span> 
     </span>
    </p>
   </div>
   <div class='ocr_carea' id='block_1_5' title="bbox 113 2257 1887 2414">
    <p class='ocr_par' dir='ltr' id='par_1_5' title="bbox 113 2257 1887 2414">
     <span class='ocr_line' id='line_1_39' title="bbox 235 2257 1886 2310; baseline -0.004 -13"><span class='ocrx_word' id='word_1_404' title='bbox 235 2263 290 2297; x_wconf 83' lang='lat' dir='ltr'>Ex</span> <span class='ocrx_word' id='word_1_405' title='bbox 316 2264 539 2309; x_wconf 86' lang='lat' dir='ltr'>autographo</span> <span class='ocrx_word' id='word_1_406' title='bbox 568 2264 639 2307; x_wconf 80' lang='lat'>(20;</span> <span class='ocrx_word' id='word_1_407' title='bbox 671 2265 736 2306; x_wconf 60' lang='lat' dir='ltr'>1¹l&#39;s</span> <span class='ocrx_word' id='word_1_408' title='bbox 755 2276 833 2310; x_wconf 86' lang='lat' dir='ltr'>pp.;</span> <span class='ocrx_word' id='word_1_409' title='bbox 867 2265 903 2298; x_wconf 90' lang='lat' dir='ltr'>in</span> <span class='ocrx_word' id='word_1_410' title='bbox 930 2276 961 2309; x_wconf 90' lang='lat' dir='ltr'>p.</span> <span class='ocrx_word' id='word_1_411' title='bbox 982 2265 1002 2297; x_wconf 79' lang='lat'>2</span> <span class='ocrx_word' id='word_1_412' title='bbox 1031 2267 1086 2298; x_wconf 90' lang='lat' dir='ltr'>est</span> <span class='ocrx_word' id='word_1_413' title='bbox 1113 2264 1220 2297; x_wconf 90' lang='lat' dir='ltr'>etiam</span> <span class='ocrx_word' id='word_1_414' title='bbox 1247 2264 1354 2297; x_wconf 88' lang='lat' dir='ltr'>inscr.</span> <span class='ocrx_word' id='word_1_415' title='bbox 1377 2266 1413 2296; x_wconf 86' lang='lat' dir='ltr'>et</span> <span class='ocrx_word' id='word_1_416' title='bbox 1440 2274 1522 2306; x_wconf 90' lang='lat' dir='ltr'>pars</span> <span class='ocrx_word' id='word_1_417' title='bbox 1549 2262 1646 2304; x_wconf 56' lang='lat' dir='ltr'>sig),</span> <span class='ocrx_word' id='word_1_418' title='bbox 1680 2259 1799 2293; x_wconf 84' lang='lat' dir='ltr'>Germ.</span> <span class='ocrx_word' id='word_1_419' title='bbox 1822 2257 1886 2291; x_wconf 83' lang='grc'>183</span> 
     </span>
     <span class='ocr_line' id='line_1_40' title="bbox 113 2312 1887 2361; baseline -0.002 -13"><span class='ocrx_word' id='word_1_420' title='bbox 113 2327 146 2349; x_wconf 92' lang='lat' dir='ltr'>n.</span> <span class='ocrx_word' id='word_1_421' title='bbox 167 2315 232 2349; x_wconf 84' lang='lat'>241</span> <span class='ocrx_word' id='word_1_422' title='bbox 264 2316 303 2359; x_wconf 87' lang='lat' dir='ltr'>(f.</span> <span class='ocrx_word' id='word_1_423' title='bbox 323 2316 397 2359; x_wconf 86' lang='lat'>88).</span> <span class='ocrx_word' id='word_1_424' title='bbox 449 2317 666 2350; x_wconf 88' lang='lat' dir='ltr'>Litterarum</span> <span class='ocrx_word' id='word_1_425' title='bbox 698 2317 875 2361; x_wconf 86' lang='lat' dir='ltr'>particula</span> <span class='ocrx_word' id='word_1_426' title='bbox 911 2319 967 2351; x_wconf 87' lang='lat' dir='ltr'>est</span> <span class='ocrx_word' id='word_1_427' title='bbox 993 2316 1028 2350; x_wconf 91' lang='lat' dir='ltr'>in</span> <span class='ocrx_word' id='word_1_428' title='bbox 1056 2316 1145 2361; x_wconf 85' lang='lat' dir='ltr'>Epp.</span> <span class='ocrx_word' id='word_1_429' title='bbox 1172 2317 1295 2350; x_wconf 78' lang='lat' dir='ltr'>Nadal</span> <span class='ocrx_word' id='word_1_430' title='bbox 1321 2315 1372 2349; x_wconf 79' lang='lat' dir='ltr'>Hi</span> <span class='ocrx_word' id='word_1_431' title='bbox 1404 2315 1611 2353; x_wconf 77' lang='lat'>813—8143</span> <span class='ocrx_word' id='word_1_432' title='bbox 1649 2312 1774 2346; x_wconf 88' lang='lat' dir='ltr'>iisdem</span> <span class='ocrx_word' id='word_1_433' title='bbox 1802 2322 1887 2344; x_wconf 85' lang='lat' dir='ltr'>usus</span> 
     </span>
     <span class='ocr_line' id='line_1_41' title="bbox 116 2370 620 2414; baseline 0.004 -12"><span class='ocrx_word' id='word_1_434' title='bbox 116 2372 171 2403; x_wconf 86' lang='lat' dir='ltr'>est</span> <span class='ocrx_word' id='word_1_435' title='bbox 199 2370 407 2414; x_wconf 64' lang='lat' dir='ltr'>Sat-chinus,</span> <span class='ocrx_word' id='word_1_436' title='bbox 436 2370 520 2404; x_wconf 89' lang='lat' dir='ltr'>Can.</span> <span class='ocrx_word' id='word_1_437' title='bbox 540 2370 620 2405; x_wconf 77' lang='lat'>269.</span> 
     </span>
    </p>
   </div>
   <div class='ocr_carea' id='block_1_6' title="bbox 115 2430 1891 2994">
    <p class='ocr_par' dir='ltr' id='par_1_6' title="bbox 115 2430 1888 2585">
     <span class='ocr_line' id='line_1_42' title="bbox 236 2430 1888 2478; baseline -0.004 -11"><span class='ocrx_word' id='word_1_438' title='bbox 236 2435 274 2468; x_wconf 82' lang='lat' dir='ltr'>P.</span> <span class='ocrx_word' id='word_1_439' title='bbox 298 2435 477 2468; x_wconf 65' lang='lat' dir='ltr'>Turi-iani</span> <span class='ocrx_word' id='word_1_440' title='bbox 512 2446 599 2478; x_wconf 74' lang='lat' dir='ltr'>opus</span> <span class='ocrx_word' id='word_1_441' title='bbox 630 2446 699 2478; x_wconf 69' lang='lat' dir='ltr'>pro</span> <span class='ocrx_word' id='word_1_442' title='bbox 729 2435 933 2468; x_wconf 69' lang='lat' dir='ltr'>canonibus</span> <span class='ocrx_word' id='word_1_443' title='bbox 960 2436 1212 2478; x_wconf 71' lang='lat' dir='ltr'>Apostolormn</span> <span class='ocrx_word' id='word_1_444' title='bbox 1247 2439 1277 2468; x_wconf 72' lang='lat' dir='ltr'>et</span> <span class='ocrx_word' id='word_1_445' title='bbox 1315 2435 1404 2467; x_wconf 56' lang='lat' dir='ltr'>liber</span> <span class='ocrx_word' id='word_1_446' title='bbox 1438 2435 1479 2466; x_wconf 78' lang='lat' dir='ltr'>de</span> <span class='ocrx_word' id='word_1_447' title='bbox 1504 2432 1693 2473; x_wconf 72' lang='lat' dir='ltr'>sacrificio.</span> <span class='ocrx_word' id='word_1_448' title='bbox 1750 2430 1888 2462; x_wconf 74' lang='lat' dir='ltr'>Ccmisii</span> 
     </span>
     <span class='ocr_line' id='line_1_43' title="bbox 116 2485 1887 2532; baseline -0.003 -12"><span class='ocrx_word' id='word_1_449' title='bbox 116 2488 203 2520; x_wconf 75' lang='lat' dir='ltr'>liber</span> <span class='ocrx_word' id='word_1_450' title='bbox 226 2489 395 2522; x_wconf 65' lang='lat' dir='ltr'>adversus</span> <span class='ocrx_word' id='word_1_451' title='bbox 416 2489 690 2522; x_wconf 61' lang='lat' dir='ltr'>Centmv&#39;atores.</span> <span class='ocrx_word' id='word_1_452' title='bbox 726 2489 805 2532; x_wconf 67' lang='lat' dir='ltr'>Ipse</span> <span class='ocrx_word' id='word_1_453' title='bbox 822 2493 914 2522; x_wconf 76' lang='lat' dir='ltr'>totns</span> <span class='ocrx_word' id='word_1_454' title='bbox 932 2494 978 2522; x_wconf 68' lang='lat' dir='ltr'>est</span> <span class='ocrx_word' id='word_1_455' title='bbox 998 2491 1032 2521; x_wconf 82' lang='grc' dir='ltr'><em>ιή</em></span> <span class='ocrx_word' id='word_1_456' title='bbox 1054 2489 1332 2531; x_wconf 71' lang='lat' dir='ltr'>confessionibus</span> <span class='ocrx_word' id='word_1_457' title='bbox 1349 2493 1378 2520; x_wconf 74' lang='lat' dir='ltr'>ec</span> <span class='ocrx_word' id='word_1_458' title='bbox 1397 2487 1613 2520; x_wconf 41' lang='lat' dir='ltr'>eaeor-cismar.</span> <span class='ocrx_word' id='word_1_459' title='bbox 1650 2485 1887 2527; x_wconf 64' lang='lat' dir='ltr'>Superiorem</span> 
     </span>
     <span class='ocr_line' id='line_1_44' title="bbox 115 2538 1886 2585; baseline -0.002 -11"><span class='ocrx_word' id='word_1_460' title='bbox 115 2541 288 2575; x_wconf 71' lang='lat' dir='ltr'>voluntate?</span> <span class='ocrx_word' id='word_1_461' title='bbox 312 2553 347 2575; x_wconf 73' lang='lat' dir='ltr'>se</span> <span class='ocrx_word' id='word_1_462' title='bbox 370 2544 552 2585; x_wconf 72' lang='lat' dir='ltr'>permittit.</span> <span class='ocrx_word' id='word_1_463' title='bbox 596 2543 746 2575; x_wconf 68' lang='lat' dir='ltr'>Iocmm&#39;s·</span> <span class='ocrx_word' id='word_1_464' title='bbox 771 2543 931 2585; x_wconf 63' lang='lat' dir='ltr'>Fuygsem·</span> <span class='ocrx_word' id='word_1_465' title='bbox 955 2543 1064 2575; x_wconf 71' lang='lat' dir='ltr'>dubia</span> <span class='ocrx_word' id='word_1_466' title='bbox 1091 2546 1121 2575; x_wconf 78' lang='lat' dir='ltr'>et</span> <span class='ocrx_word' id='word_1_467' title='bbox 1148 2552 1296 2575; x_wconf 67' lang='lat' dir='ltr'>errore-5¹.</span> <span class='ocrx_word' id='word_1_468' title='bbox 1341 2541 1550 2574; x_wconf 63' lang='lat' dir='ltr'>Garamans</span> <span class='ocrx_word' id='word_1_469' title='bbox 1575 2538 1715 2572; x_wconf 70' lang='lat' dir='ltr'>Amulii</span> <span class='ocrx_word' id='word_1_470' title='bbox 1741 2539 1886 2571; x_wconf 70' lang='lat' dir='ltr'>litterae.</span> 
     </span>
    </p>

    <p class='ocr_par' dir='ltr' id='par_1_7' title="bbox 361 2607 1357 2715">
     <span class='ocr_line' id='line_1_45' title="bbox 361 2607 1217 2659; baseline -0.001 -10"><span class='ocrx_word' id='word_1_471' title='bbox 361 2609 388 2659; x_wconf 60' lang='grc' dir='ltr'>’ξ-</span> <span class='ocrx_word' id='word_1_472' title='bbox 421 2608 515 2649; x_wconf 77' lang='lat' dir='ltr'>Pax</span> <span class='ocrx_word' id='word_1_473' title='bbox 547 2607 705 2650; x_wconf 85' lang='lat' dir='ltr'>Christi</span> <span class='ocrx_word' id='word_1_474' title='bbox 739 2608 844 2649; x_wconf 83' lang='lat' dir='ltr'>Jesu</span> <span class='ocrx_word' id='word_1_475' title='bbox 877 2607 1001 2649; x_wconf 87' lang='lat' dir='ltr'>nobis</span> <span class='ocrx_word' id='word_1_476' title='bbox 1035 2610 1217 2649; x_wconf 84' lang='lat' dir='ltr'>aeterna</span> 
     </span>
     <span class='ocr_line' id='line_1_46' title="bbox 648 2672 1357 2715; baseline 0 -1"><span class='ocrx_word' id='word_1_477' title='bbox 648 2673 891 2715; x_wconf 88' lang='lat' dir='ltr'>Admodum</span> <span class='ocrx_word' id='word_1_478' title='bbox 926 2673 1179 2714; x_wconf 82' lang='lat' dir='ltr'>Reuerende</span> <span class='ocrx_word' id='word_1_479' title='bbox 1215 2672 1357 2714; x_wconf 86' lang='lat' dir='ltr'>Pater.</span> 
     </span>
    </p>

    <p class='ocr_par' dir='ltr' id='par_1_8' title="bbox 118 2740 1891 2994">
     <span class='ocr_line' id='line_1_47' title="bbox 236 2740 1890 2800; baseline -0.004 -13"><span class='ocrx_word' id='word_1_480' title='bbox 236 2745 397 2799; x_wconf 88' lang='lat' dir='ltr'>Accepi</span> <span class='ocrx_word' id='word_1_481' title='bbox 437 2746 491 2786; x_wconf 80' lang='lat'>23</span> <span class='ocrx_word' id='word_1_482' title='bbox 525 2744 794 2800; x_wconf 83' lang='lat' dir='ltr'>Septembris</span> <span class='ocrx_word' id='word_1_483' title='bbox 837 2744 976 2786; x_wconf 84' lang='lat' dir='ltr'>datas.</span> <span class='ocrx_word' id='word_1_484' title='bbox 1041 2743 1181 2785; x_wconf 88' lang='lat' dir='ltr'>Hodie</span> <span class='ocrx_word' id='word_1_485' title='bbox 1223 2757 1327 2784; x_wconf 90' lang='lat' dir='ltr'>uero</span> <span class='ocrx_word' id='word_1_486' title='bbox 1369 2743 1541 2797; x_wconf 87' lang='lat' dir='ltr'>perlata</span> <span class='ocrx_word' id='word_1_487' title='bbox 1583 2744 1684 2783; x_wconf 90' lang='lat' dir='ltr'>sunt</span> <span class='ocrx_word' id='word_1_488' title='bbox 1725 2740 1779 2782; x_wconf 89' lang='lat' dir='ltr'>ad</span> <span class='ocrx_word' id='word_1_489' title='bbox 1821 2752 1890 2781; x_wconf 91' lang='lat' dir='ltr'>me</span> 
     </span>
     <span class='ocr_line' id='line_1_48' title="bbox 118 2806 1890 2865; baseline -0.003 -13"><span class='ocrx_word' id='word_1_490' title='bbox 118 2810 281 2865; x_wconf 83' lang='lat' dir='ltr'>scripta</span> <span class='ocrx_word' id='word_1_491' title='bbox 314 2810 359 2853; x_wconf 88' lang='grc' dir='ltr'>Ρ.</span> <span class='ocrx_word' id='word_1_492' title='bbox 384 2810 543 2852; x_wconf 87' lang='lat' dir='ltr'>Torrez</span> <span class='ocrx_word' id='word_1_493' title='bbox 577 2811 668 2852; x_wconf 88' lang='lat' dir='ltr'>siue</span> <span class='ocrx_word' id='word_1_494' title='bbox 702 2809 915 2860; x_wconf 86' lang='lat' dir='ltr'>Turriani,</span> <span class='ocrx_word' id='word_1_495' title='bbox 950 2808 1017 2851; x_wconf 89' lang='lat' dir='ltr'>cui</span> <span class='ocrx_word' id='word_1_496' title='bbox 1049 2811 1152 2851; x_wconf 86' lang='lat' dir='ltr'>ante</span> <span class='ocrx_word' id='word_1_497' title='bbox 1184 2823 1346 2862; x_wconf 88' lang='lat' dir='ltr'>paucos</span> <span class='ocrx_word' id='word_1_498' title='bbox 1379 2808 1469 2850; x_wconf 88' lang='lat' dir='ltr'>dies</span> <span class='ocrx_word' id='word_1_499' title='bbox 1502 2806 1718 2861; x_wconf 88' lang='lat' dir='ltr'>respondi,</span> <span class='ocrx_word' id='word_1_500' title='bbox 1758 2808 1890 2859; x_wconf 87' lang='lat' dir='ltr'>atque</span> 
     </span>
     <span class='ocr_line' id='line_1_49' title="bbox 118 2870 1891 2930; baseline -0.003 -13"><span class='ocrx_word' id='word_1_501' title='bbox 118 2876 273 2918; x_wconf 89' lang='lat' dir='ltr'>iterum</span> <span class='ocrx_word' id='word_1_502' title='bbox 309 2876 391 2917; x_wconf 90' lang='lat' dir='ltr'>dici</span> <span class='ocrx_word' id='word_1_503' title='bbox 425 2875 562 2930; x_wconf 88' lang='lat' dir='ltr'>cupio,</span> <span class='ocrx_word' id='word_1_504' title='bbox 607 2875 892 2930; x_wconf 87' lang='lat' dir='ltr'>posteriorem</span> <span class='ocrx_word' id='word_1_505' title='bbox 925 2875 1185 2928; x_wconf 88' lang='lat' dir='ltr'>scriptorum</span> <span class='ocrx_word' id='word_1_506' title='bbox 1228 2878 1394 2928; x_wconf 89' lang='lat' dir='ltr'>partem</span> <span class='ocrx_word' id='word_1_507' title='bbox 1437 2873 1627 2915; x_wconf 87' lang='lat' dir='ltr'>nondum</span> <span class='ocrx_word' id='word_1_508' title='bbox 1660 2885 1755 2914; x_wconf 88' lang='lat' dir='ltr'>esse</span> <span class='ocrx_word' id='word_1_509' title='bbox 1787 2870 1891 2912; x_wconf 89' lang='lat' dir='ltr'>mihi</span> 
     </span>
     <span class='ocr_line' id='line_1_50' title="bbox 118 2936 1889 2994; baseline -0.003 -12"><span class='ocrx_word' id='word_1_510' title='bbox 118 2940 376 2991; x_wconf 68' lang='lat' dir='ltr'>redditam&#39;,</span> <span class='ocrx_word' id='word_1_511' title='bbox 410 2941 599 2983; x_wconf 84' lang='lat' dir='ltr'>fortasse</span> <span class='ocrx_word' id='word_1_512' title='bbox 633 2941 745 2994; x_wconf 91' lang='lat' dir='ltr'>quod</span> <span class='ocrx_word' id='word_1_513' title='bbox 778 2939 1146 2982; x_wconf 83' lang='lat' dir='ltr'>Reuerendissimi</span> <span class='ocrx_word' id='word_1_514' title='bbox 1175 2939 1347 2982; x_wconf 88' lang='lat' dir='ltr'>Domini</span> <span class='ocrx_word' id='word_1_515' title='bbox 1370 2938 1611 2982; x_wconf 83' lang='lat' dir='ltr'>Cardinalis</span> <span class='ocrx_word' id='word_1_516' title='bbox 1643 2936 1889 2990; x_wconf 81' lang='lat' dir='ltr'>Augustani</span> 
     </span>
    </p>
   </div>
   <div class='ocr_carea' id='block_1_7' title="bbox 120 3042 1890 3145">
    <p class='ocr_par' dir='ltr' id='par_1_9' title="bbox 120 3042 1890 3145">
     <span class='ocr_line' id='line_1_51' title="bbox 246 3042 1890 3092; baseline -0.004 -10"><span class='ocrx_word' id='word_1_517' title='bbox 246 3050 253 3068; x_wconf 94' lang='lat'><strong>¹</strong></span> <span class='ocrx_word' id='word_1_518' title='bbox 280 3047 420 3092; x_wconf 80' lang='lat' dir='ltr'>Scripta</span> <span class='ocrx_word' id='word_1_519' title='bbox 447 3047 543 3088; x_wconf 87' lang='lat' dir='ltr'>dicit,</span> <span class='ocrx_word' id='word_1_520' title='bbox 571 3047 700 3091; x_wconf 87' lang='lat' dir='ltr'>quibus</span> <span class='ocrx_word' id='word_1_521' title='bbox 727 3047 766 3080; x_wconf 89' lang='lat' dir='ltr'>P.</span> <span class='ocrx_word' id='word_1_522' title='bbox 786 3045 999 3080; x_wconf 90' lang='lat' dir='ltr'>Franciscus</span> <span class='ocrx_word' id='word_1_523' title='bbox 1026 3044 1222 3079; x_wconf 87' lang='lat' dir='ltr'>Turrianus</span> <span class='ocrx_word' id='word_1_524' title='bbox 1252 3045 1414 3089; x_wconf 88' lang='lat' dir='ltr'>(Torres)</span> <span class='ocrx_word' id='word_1_525' title='bbox 1443 3044 1475 3079; x_wconf 83' lang='lat' dir='ltr'>S.</span> <span class='ocrx_word' id='word_1_526' title='bbox 1505 3045 1550 3087; x_wconf 62' lang='lat' dir='ltr'>J„</span> <span class='ocrx_word' id='word_1_527' title='bbox 1577 3045 1633 3079; x_wconf 80' lang='lat' dir='ltr'>vir</span> <span class='ocrx_word' id='word_1_528' title='bbox 1659 3042 1890 3087; x_wconf 86' lang='lat' dir='ltr'>caeteroquin</span> 
     </span>
     <span class='ocr_line' id='line_1_52' title="bbox 120 3097 1890 3145; baseline -0.002 -10"><span class='ocrx_word' id='word_1_529' title='bbox 120 3101 359 3142; x_wconf 85' lang='lat' dir='ltr'>doctissimus,</span> <span class='ocrx_word' id='word_1_530' title='bbox 394 3101 553 3135; x_wconf 88' lang='lat' dir='ltr'>infausto</span> <span class='ocrx_word' id='word_1_531' title='bbox 584 3112 671 3135; x_wconf 89' lang='lat' dir='ltr'>sane</span> <span class='ocrx_word' id='word_1_532' title='bbox 699 3099 856 3141; x_wconf 89' lang='lat' dir='ltr'>consilio,</span> <span class='ocrx_word' id='word_1_533' title='bbox 892 3099 1102 3133; x_wconf 84' lang='lat' dir='ltr'>refutandos</span> <span class='ocrx_word' id='word_1_534' title='bbox 1127 3098 1195 3133; x_wconf 89' lang='lat' dir='ltr'>sibi</span> <span class='ocrx_word' id='word_1_535' title='bbox 1220 3102 1422 3145; x_wconf 84' lang='lat' dir='ltr'>sumpserat</span> <span class='ocrx_word' id='word_1_536' title='bbox 1450 3098 1718 3134; x_wconf 84' lang='lat' dir='ltr'>Centuriatores</span> <span class='ocrx_word' id='word_1_537' title='bbox 1744 3097 1890 3140; x_wconf 82' lang='lat' dir='ltr'>Magde-</span> 
     </span>
    </p>
   </div>
  </div>
 </body>
</html>
