2044 3335
135 101 220 142 310
644 99 745 133 1656.
777 98 943 133 Canisius
969 98 1003 133 S.
1023 98 1212 134 Francisco
1238 99 1403 143 Borgiae.

136 218 188 258 14
211 215 408 265 sustinui,
442 215 674 258 liberatum
697 230 805 266 esse,
841 230 1024 269 eumque
1047 230 1339 260 successorem
1374 218 1467 260 dari
1483 219 1509 268 1,
1544 231 1670 271 quem
1703 232 1796 259 sum
1821 231 1899 260 ex—

131 284 282 336 pertus
305 283 349 323 et
370 280 604 330 meliorem,
629 283 674 323 et
696 281 1018 335 sapientiorem,
1043 283 1088 324 et
1110 282 1320 335 aptiorem
1344 283 1442 325 huic
1466 282 1630 324 difficili
1653 282 1898 336 prouintiae

131 360 207 399 pro
241 345 455 399 dignitate
487 344 870 388 administrandae.
915 346 1008 388 Hoc
1031 360 1163 388 vnum
1195 346 1369 389 interim
1402 361 1486 389 non
1520 361 1696 401 possum
1729 361 1755 389 a
1776 347 1823 390 P.
1848 347 1896 389 T.

131 424 214 452 non
247 409 428 464 precari,
462 411 511 451 vt
542 424 620 463 pro
642 410 696 464 ijs
718 425 829 463 quae
852 413 920 453 tot
952 411 1076 452 annis
1108 425 1189 464 ego
1223 415 1375 455 contra
1407 411 1533 465 offitij
1567 411 1651 453 mei
1682 411 1898 454 rationem

130 488 339 529 persaepe
381 474 575 516 commisi
616 478 660 518 et
700 475 993 530 praetermisi,
1036 476 1348 530 poenitentiam
1390 491 1476 518 non
1516 477 1657 518 leuem
1698 476 1898 530 iniungat

130 540 342 582 absoluto.
406 539 571 581 Deinde
612 540 820 582 maiorem
861 540 904 582 in
936 541 1109 582 modum
1147 544 1262 595 peto,
1305 544 1354 584 ut
1386 541 1475 583 suis
1507 541 1708 595 precibus
1740 555 1898 583 nouam

129 604 232 646 mihi
263 605 483 647 mentem2
514 604 721 658 impetret
754 620 779 647 a
802 606 907 656 Deo,
942 608 991 647 vt
1022 605 1105 648 rite
1139 620 1397 659 cognoscam
1431 608 1476 648 et
1508 605 1735 648 aestimem
1768 605 1897 659 digne

127 669 315 722 gratiam
349 669 475 711 modo
499 669 602 711 mihi
624 670 802 720 factam,
836 670 879 712 in
903 684 988 724 qua
1010 685 1078 712 me
1100 672 1242 713 totum
1264 671 1483 724 colligere,
1517 674 1561 714 et
1594 671 1708 724 quod
1740 670 1897 712 misere

127 733 338 776 hactenus
379 734 576 787 neglexi,
619 735 765 788 aliqua
807 749 862 777 ex
902 738 1029 789 parte
1071 749 1351 790 compensare
1391 735 1566 790 possim.
1629 734 1698 777 Ad
1739 749 1896 777 nouum

128 798 174 841 P.
198 798 508 841 Prouintialem
541 799 693 853 scripsi
725 814 899 853 roganS,
940 803 989 843 ut
1021 800 1073 842 de
1105 814 1175 842 me
1206 800 1341 843 libere
1372 803 1554 851 statuat,
1598 814 1667 842 me
1698 800 1896 851 libenter,

128 863 235 905 duce
264 864 434 906 Christo
467 878 551 906 non
584 865 724 907 minus
757 879 886 918 quam
919 866 1050 907 alium
1084 865 1316 916 subditum,
1350 879 1446 907 esse
1478 865 1733 920 pariturum.
1787 864 1895 906 Tum

127 942 423 982 quaecumque
456 930 511 971 ad
544 929 728 983 collegia
760 929 931 983 singula
963 930 1195 984 pertinent,
1235 930 1468 984 diligenter
1499 930 1538 972 ei
1570 929 1815 984 perscripsi,
1848 932 1897 972 ut

126 993 241 1035 norit
263 996 427 1036 statum
451 1008 621 1036 omnem
653 995 912 1049 prouintiae,
947 998 991 1038 et
1022 996 1326 1049 praesentibus
1358 995 1587 1050 prouideat
1613 994 1896 1037 incommodis

125 1072 202 1111 pro
235 1073 314 1100 sua
347 1059 520 1112 quidem
554 1059 782 1114 sapientia.
838 1059 932 1102 Nec
965 1060 1127 1111 dubito,
1162 1060 1263 1114 quin
1295 1061 1402 1102 haec
1436 1060 1679 1114 Praepositi
1710 1060 1895 1102 mutatio

125 1137 210 1164 non
243 1125 381 1165 solum
414 1124 518 1165 mihi
550 1125 721 1175 solatio,
761 1125 837 1167 sed
871 1125 1003 1168 etiam
1036 1125 1134 1179 alijs
1165 1125 1382 1179 uoluptati
1415 1128 1460 1168 et
1492 1125 1714 1167 commodo
1747 1125 1895 1168 futura

125 1188 182 1230 sit
214 1188 262 1230 in
295 1189 500 1231 Christo
540 1190 739 1232 domino
771 1191 997 1233 nostross.
1061 1190 1157 1245 Jpsi
1189 1191 1382 1241 honor,
1417 1191 1547 1232 decus
1580 1193 1633 1233 et
1664 1190 1893 1244 gloria4.

243 1254 348 1296 Cum
371 1268 474 1296 vero
507 1254 620 1297 idem
644 1255 690 1298 P.
710 1255 884 1306 Paulus,
919 1258 1153 1309 antequam
1177 1256 1223 1299 P.
1242 1256 1290 1298 T.
1313 1255 1465 1298 literas
1490 1257 1531 1297 3⁰
1553 1255 1715 1310 Aprilis
1739 1255 1894 1297 datas5

124 1319 400 1372 accepissem,
425 1320 479 1361 ab
495 1319 798 1374 Oenipontano
822 1321 1005 1374 collegio
1027 1335 1074 1363 se
1092 1321 1245 1363 abesse
1263 1335 1348 1362 non
1369 1321 1498 1363 facile
1521 1334 1649 1375 posse
1671 1320 1892 1371 scriberet,

123 1397 218 1425 sum
257 1384 350 1438 ipse
391 1385 615 1438 profectus
656 1386 932 1428 Monachium
973 1390 1018 1429 et
1058 1387 1157 1428 inde
1189 1386 1525 1439 Jngolstadium,
1568 1389 1618 1428 vt
1657 1385 1893 1440 plaeraque

124 1461 439 1502 componerem,
464 1464 575 1503 quae
597 1451 653 1492 ad
674 1450 919 1505 profectum
941 1451 1113 1493 illorum
1136 1451 1417 1504 collegiorum
1439 1451 1710 1505 spectabant.
1750 1450 1895 1492 Habui

125 1514 326 1556 comitem
348 1515 392 1556 in
415 1515 495 1557 hoc
518 1515 674 1558 itinere
697 1516 928 1558 Rectorem
952 1516 1217 1570 Diligensem
1231 1517 1260 1567 6,
1296 1516 1409 1569 quod
1432 1516 1638 1558 suaderet
1664 1515 1727 1557 ita
1758 1515 1893 1557 medi-

125 1592 199 1620 cus
231 1580 563 1631 ualetudinariO,
598 1583 648 1623 vt
679 1582 997 1635 peregrinando
1031 1595 1126 1623 sese
1158 1584 1393 1631 recrearet,
1436 1583 1568 1634 atque
1600 1580 1892 1623 ualetudinem

124 1645 413 1688 confirmaret.
477 1645 693 1700 Monachij
737 1646 798 1688 sic
840 1647 948 1689 satis
989 1646 1152 1689 habent
1192 1646 1335 1688 omnia
1377 1648 1477 1700 post
1518 1645 1754 1688 discessum
1786 1646 1890 1689 Doc.

124 1708 315 1751 Thomae
328 1711 357 1761 7,
396 1711 468 1764 qui
499 1711 664 1753 nullam
695 1711 819 1753 nobis
851 1712 1032 1766 praebet
1064 1725 1186 1766 spem
1217 1712 1336 1753 uitae
1367 1711 1569 1762 melioris,
1603 1725 1742 1764 neque
1774 1711 1892 1753 solli-

124 1773 235 1816 citus
276 1778 356 1826 est,
401 1776 465 1818 uti
507 1776 623 1828 dicit,
668 1777 720 1818 de
761 1779 964 1819 votorum
1005 1790 1179 1819 suorum
1212 1775 1440 1827 solutione,
1483 1776 1554 1818 uel
1586 1776 1639 1818 de
1671 1776 1892 1818 Pontificis

124 1840 569 1883 excommunicatione
590 1842 634 1883 in
657 1845 884 1896 apostatas
906 1843 999 1885 lata
1011 1843 1040 1893 8,
1075 1842 1151 1883 sed
1173 1855 1220 1883 se
1242 1845 1412 1884 tantum
1446 1844 1680 1895 expectare
1701 1844 1893 1884 testatur

122 1904 417 1947 testimonium
451 1921 477 1948 a
508 1907 630 1949 nobis
657 1908 962 1962 conscriptum,
997 1921 1080 1961 quo
1103 1921 1150 1949 se
1173 1907 1287 1961 apud
1310 1910 1485 1949 exteros
1507 1909 1697 1950 tueatur.
1747 1907 1891 1949 Vena-

122 1971 196 2011 tur
234 1969 408 2013 interim
451 1972 755 2023 conditionem,
797 1975 846 2015 ut
887 1972 1181 2014 ecclesiastico
1223 1971 1425 2014 benefitio
1468 1986 1514 2013 se
1556 1975 1600 2014 et
1632 1985 1733 2013 suos
1775 1972 1891 2013 alere

122 2035 273 2088 possit.
338 2036 544 2091 Princeps
586 2040 630 2080 et
672 2037 964 2080 Cancellarius
998 2037 1267 2079 Bauaricus9
1307 2036 1580 2091 pollicentur,
1623 2037 1744 2079 nobis
1786 2036 1891 2078 1111111

123 2099 467 2152 admonentibus,
501 2116 548 2144 se
570 2103 668 2144 huic
690 2102 869 2145 Doctori
891 2102 998 2144 nihil
1019 2103 1063 2144 in
1085 2103 1275 2144 Bauaria
1297 2116 1599 2144 concessuros:
1633 2102 1890 2145 tantundem

122 2165 360 2219 promisere
382 2166 445 2208 illi
475 2181 622 2210 curam
645 2168 937 2222 parochialem
960 2166 1168 2210 ambienti
1191 2167 1393 2209 Canonici
1416 2167 1663 2221 Augustani
1678 2168 1724 2210 10.
1768 2167 1890 2209 Nun—

122 2244 251 2282 quam
274 2230 342 2272 hic
363 2231 496 2275 Pater
518 2232 738 2276 Cardinali
759 2236 908 2276 nostro
926 2233 958 2260 11
989 2232 1167 2286 placuit,
1201 2232 1313 2275 sicut
1345 2246 1484 2286 neque
1507 2232 1826 2275 D.Chunradus
1842 2233 1889 2283 12,

123 2309 216 2336 cum
241 2296 367 2338 ambo
390 2297 591 2351 Dilingae
614 2298 826 2349 uiuerent,
861 2298 944 2340 etsi
977 2298 1028 2339 de
1057 2297 1229 2339 illorum
1263 2298 1454 2339 moribus
1485 2297 1592 2339 nihil
1624 2300 1890 2351 compertum

122 2360 315 2403 haberet.
381 2362 500 2405 Solet
533 2363 645 2404 enim
677 2363 721 2404 in
752 2362 997 2405 huiusmodi
1028 2362 1224 2416 personis
1257 2363 1544 2416 agnoscendis
1577 2364 1621 2405 et
1652 2361 1891 2404 iudicandis

124 2439 208 2466 non
240 2425 379 2468 fallax
413 2440 509 2469 esse
542 2428 773 2471 diuinator.

240 2490 478 2545 Praecipua
509 2493 613 2534 mihi
646 2507 750 2535 cura
771 2492 986 2546 Monachij
1020 2492 1115 2543 fuit,
1150 2495 1200 2535 vt
1227 2493 1272 2535 P.
1297 2492 1583 2535 Martinum13
1613 2491 1713 2533 inde
1745 2493 1888 2533 trans-

122 2554 295 2604 ferrem,
329 2556 400 2608 qui
432 2559 531 2610 post
562 2571 704 2600 meum
728 2572 783 2600 ex
804 2557 942 2601 Jtalia
973 2557 1161 2599 reditum
1193 2557 1315 2612 peius
1346 2557 1498 2600 habuit
1530 2556 1670 2607 solito,
1706 2556 1778 2609 qui
1809 2570 1888 2598 nec

123 2618 213 2672 ipse
237 2620 451 2675 Monachij
483 2636 660 2665 manere
692 2623 829 2665 uoluit
857 2622 1031 2674 diutius,
1066 2637 1160 2664 cum
1194 2637 1241 2665 se
1263 2622 1451 2676 Principi
1483 2624 1528 2664 et
1551 2621 1647 2675 alijs
1668 2621 1889 2674 ingratum

124 2682 167 2724 in
190 2684 458 2727 contionibus
476 2700 571 2729 esse
590 2690 799 2732 cerneret.
835 2688 950 2730 Nam
972 2687 1169 2741 grauiter
1190 2689 1350 2730 multos
1373 2687 1565 2737 offendit,
1589 2686 1888 2741 perstringens

247 2826 254 2844 ¹
282 2825 321 2858 P.
348 2825 500 2859 Paulum
526 2827 724 2861 Hoffaeum.
873 2828 885 2848 ²
913 2828 967 2863 Cf.
995 2828 1044 2861 Ez
1073 2828 1208 2870 11,19;
1240 2828 1292 2869 18,
1320 2827 1384 2868 31;
1411 2826 1490 2871 Eph
1516 2828 1547 2869 4,
1576 2826 1621 2861 23
1649 2828 1716 2861 etc.

244 2878 256 2897 ³
283 2876 372 2911 Rom
400 2879 429 2917 6,
461 2880 499 2912 11
529 2880 583 2913 23.
638 2881 654 2913 l
684 2882 752 2914 Cor
780 2882 833 2922 15,
862 2881 903 2915 31
932 2883 999 2915 etc.

243 2932 255 2949 4
281 2929 371 2963 Rom
400 2931 452 2970 16,
479 2932 535 2965 27.
589 2934 604 2965 1
634 2933 709 2966 Tim
741 2934 769 2973 1,
799 2934 852 2968 17.
904 2935 982 2978 Apc
1009 2935 1040 2975 5,
1069 2933 1113 2968 13
1139 2935 1206 2967 etc.
1352 2933 1365 2952 ⁵
1391 2931 1481 2966 Vide
1508 2943 1617 2977 supra
1642 2943 1676 2976 p.
1695 2932 1775 2966 291.

244 2984 256 3002 ὃ
282 2982 321 3015 P.
349 2982 606 3018 Theodericum
635 2985 829 3020 Canisium.
974 2988 987 3007 ⁷
1013 2986 1119 3021 Galli.
1266 2986 1278 3005 ²³
1304 2985 1395 3018 Vide
1421 2996 1529 3029 supra
1556 2997 1590 3030 p.
1609 2985 1706 3019 297¹.

242 3037 254 3055 ³
281 3035 450 3069 Albertus
468 3036 511 3071 V.
540 3039 576 3070 et
602 3037 720 3071 Simon
740 3039 955 3073 Thaddaeus
984 3039 1069 3073 Eck.
1220 3039 1245 3059 ¹⁰
1271 3037 1361 3072 Vide
1388 3049 1496 3082 supra
1522 3050 1554 3082 p.
1575 3038 1654 3072 304.

231 3090 255 3109 ¹¹
282 3088 492 3123 'l‘ruchsess
642 3090 668 3110 ¹²
695 3090 909 3134 Swagerius.
1058 3093 1085 3113 ¹3
1110 3091 1396 3126 Stevordianum.
