2044 3335
609 82 776 125 Augusta
794 81 1063 115 Vindelicorum
1093 81 1146 115 13.
1166 79 1245 113 Iulii
1274 79 1376 113 1569.
1789 79 1874 119 349

112 201 176 243 Ac
208 199 444 254 prudenter
476 212 580 241 sane
614 198 830 240 dubitauit
863 198 1100 252 amplitudo
1133 201 1222 247 tua,
1264 197 1376 239 sitne
1409 194 1754 249 respondendum
1787 192 1879 234 eius

113 264 365 319 Apologiae,
411 277 537 317 quam
581 263 742 317 scripto
784 277 879 305 meo
920 263 1046 305 iussit
1079 263 1237 316 opponi
1270 276 1296 303 a
1327 260 1539 314 sectarijs
1603 258 1718 301 Nam
1750 257 1880 300 facile

112 330 204 372 fieri
236 331 394 383 potest,
428 330 476 370 vt
498 328 555 370 sit
587 328 739 369 foedus
771 328 843 369 ille
876 328 999 370 labor
1031 327 1215 381 plurium
1249 326 1476 376 artificum,
1511 324 1583 378 qui
1614 325 1754 366 totum
1789 322 1880 364 fere

112 409 271 438 annum
307 394 349 435 in
382 394 462 435 hac
505 393 773 447 pertexenda
805 393 894 435 tela
928 393 1220 442 collaborasse
1253 391 1467 433 uidentur.
1531 389 1637 431 Mihi
1679 401 1784 430 sane
1829 387 1881 428 de

113 474 158 502 re
190 463 286 502 tota
319 458 529 512 cogitanti
563 472 648 500 non
681 458 796 500 leuia
828 458 1007 500 ueniunt
1038 457 1082 498 in
1113 458 1316 506 mentem,
1361 469 1496 509 eoque
1529 455 1799 509 permouent‚
1833 454 1882 493 vt

112 538 287 580 prorsus
321 523 579 574 existimem,
613 523 710 564 huic
743 523 963 565 haeretico
997 523 1173 576 scripto,
1207 521 1321 574 quod
1354 520 1604 573 mendacijs,
1640 517 1881 571 calumnijs,

112 589 343 632 sarcasmis
366 592 410 631 et
432 588 574 642 impijs
597 588 804 630 doctrinis
826 588 954 642 plane
977 590 1131 637 scatet,
1156 586 1409 640 responderi
1427 599 1451 627 a
1469 599 1537 626 me
1560 599 1643 626 non
1668 585 1883 638 oportere.

114 655 303 696 Primum
336 654 449 696 enim
481 668 566 695 non
599 657 666 696 est
698 666 754 695 ex
786 653 936 696 fratris
952 655 978 704 1,
1019 652 1091 706 qui
1123 652 1235 693 hunc
1267 653 1390 693 tenet
1421 651 1464 691 in
1498 649 1695 691 Ecclesia
1727 649 1882 697 locum,

113 720 340 773 dignitate,
381 722 429 761 vt
462 720 513 760 de
546 719 675 760 rebus
707 719 819 760 tanti
853 718 1060 760 momenti
1091 731 1169 771 per
1200 731 1259 766 se,
1303 716 1373 757 uel
1404 729 1483 770 per
1516 715 1647 756 alium
1680 727 1775 755 cum
1810 713 1883 754 de-

113 788 239 839 cepta
272 789 316 827 et
349 784 564 838 peruicaci
596 787 762 838 pugnet
793 783 996 826 foemina.
1050 782 1170 824 Nihil
1203 782 1283 823 hoc
1317 781 1374 822 sit
1396 780 1526 830 aliud,
1561 793 1689 832 quam
1713 792 1882 820 sacrum

113 865 267 905 panem
301 851 456 892 offerre
490 849 709 899 canibus2,
753 852 796 891 et
837 848 1182 901 margaritas
1225 849 1353 889 ante
1394 845 1625 900 porcos3
1662 856 1882 897 spargere.

115 916 277 958 Deinde
311 915 547 969 periculum
581 914 661 956 hoc
684 914 806 955 nobis
829 915 1109 956 metuendum
1133 912 1264 964 uenit,
1299 926 1353 953 ne
1386 910 1624 953 deteriores
1652 908 1883 950 reddamus

113 980 355 1022 huiusmodi
388 980 633 1029 crabrones,
670 993 764 1020 cum
799 979 956 1020 iterum
990 978 1152 1032 scripto
1185 991 1297 1019 nouo
1331 977 1630 1018 irritabuntur.
1674 973 1882 1016 Videmus

112 1046 239 1096 enim,
283 1059 411 1098 quam
444 1045 632 1098 maligne
665 1044 852 1098 accipiat
884 1046 928 1086 et
961 1046 1187 1098 peruertat
1220 1043 1264 1084 in
1296 1043 1438 1096 priore
1471 1040 1632 1095 scripto
1666 1053 1731 1090 ea,
1772 1052 1882 1091 quae

113 1125 260 1153 omnes
292 1110 531 1152 modestiae
565 1109 724 1151 limites
754 1124 944 1162 egressa,
979 1108 1217 1151 contemnit
1240 1122 1291 1150 ac
1313 1107 1426 1149 ridet
1448 1121 1566 1148 more
1589 1108 1749 1154 sectae,
1785 1117 1879 1145 cum

111 1180 258 1218 tamen
292 1175 392 1217 nihil
428 1177 545 1217 recte
578 1175 715 1229 possit
748 1188 977 1228 opponere,
1012 1175 1082 1216 uel
1113 1175 1226 1216 iuste
1258 1173 1300 1214 in
1334 1187 1429 1214 meo
1462 1171 1624 1226 scripto
1647 1169 1880 1224 reprehen-

113 1241 226 1283 dere.
291 1240 485 1290 Accedit,
530 1240 643 1294 quod
681 1240 867 1294 pessime
901 1241 952 1281 de
984 1240 1064 1282 hac
1097 1242 1297 1281 matrona
1330 1237 1527 1280 merituri
1567 1236 1803 1285 uideamur,
1846 1233 1882 1275 si

113 1306 376 1349 contrarium
411 1305 618 1360 scriptum
653 1306 917 1355 conficiatur,
952 1305 1154 1359 quoniam
1188 1304 1413 1347 elatiorem
1448 1306 1492 1346 et
1523 1301 1882 1357 praefractiorem

113 1386 209 1414 eam
250 1371 491 1421 reddemus,
535 1385 645 1424 quae
679 1371 815 1413 uideri
847 1372 965 1413 uolet
1007 1371 1159 1424 quouis
1192 1369 1414 1412 Catholico
1447 1368 1668 1420 Theologo
1702 1365 1882 1415 doctior,

115 1441 160 1480 et
193 1438 342 1479 eadem
375 1437 545 1479 ratione
578 1451 662 1490 qua
695 1437 850 1490 coepit,
886 1439 1039 1490 perget
1071 1437 1151 1478 hoc
1184 1449 1337 1477 saxum
1371 1434 1560 1476 voluere.
1621 1432 1805 1476 Simulat
1837 1444 1884 1472 se

118 1517 195 1544 suo
228 1505 369 1544 marte
402 1502 482 1543 hoc
515 1501 716 1555 quicquid
749 1505 816 1544 est
848 1501 1011 1555 scripti,
1047 1501 1298 1551 confecisse,
1342 1514 1481 1553 neque
1514 1513 1637 1541 suam
1670 1497 1885 1552 permittit

114 1567 285 1610 laudern
319 1567 504 1618 authori,
540 1581 664 1620 quem
699 1569 873 1609 constat
904 1567 946 1608 in
981 1566 1153 1620 scriptis
1187 1565 1534 1608 aduersariorum
1568 1567 1612 1606 et
1641 1563 1886 1616 Theologo-

115 1647 208 1674 rum
251 1647 336 1674 non
378 1633 490 1674 male
531 1634 752 1675 uersatum
787 1646 896 1674 esse.
961 1631 1063 1681 Quis
1104 1645 1206 1673 uero
1240 1645 1344 1673 sane
1378 1629 1535 1672 mentis
1555 1644 1662 1671 cum
1698 1628 1887 1670 foemina

114 1701 206 1740 tam
239 1697 405 1751 gloriae
438 1697 579 1748 auida,
613 1711 741 1750 quani
775 1697 975 1740 ueritatis
1007 1696 1181 1739 inimica
1214 1696 1479 1739 contendat?
1519 1695 1613 1748 quis
1646 1708 1701 1735 ex
1734 1693 1886 1746 quauis

117 1762 410 1816 disputatione
442 1762 629 1805 fructum
658 1764 835 1816 speret?
869 1762 939 1804 ubi
972 1762 1230 1816 praesertim
1253 1762 1341 1812 illa,
1375 1776 1428 1803 ne
1461 1760 1681 1802 minimam
1715 1759 1885 1812 quidem

118 1830 285 1882 partem
329 1842 489 1879 eorum,
533 1842 643 1881 quae
685 1842 797 1869 nunc
839 1828 1044 1879 defendit,
1088 1831 1163 1870 aut
1205 1827 1424 1881 intelligit,
1467 1826 1580 1879 quod
1621 1825 1724 1867 mihi
1767 1828 1886 1866 certo

120 1894 370 1948 persuadeo,
405 1896 481 1936 aut
513 1888 755 1935 huiusmodi
788 1894 1043 1936 ratiunculis
1067 1894 1322 1935 confirmare
1355 1894 1514 1946 posset.
1560 1891 1745 1932 Proinde
1768 1889 1887 1943 quic-

119 1958 221 2012 quid
262 1959 612 2012 respondebitur,
658 1959 701 1999 in
747 1973 900 2000 manus
946 1959 1295 2001 aduersariorum
1340 1958 1454 2000 haud
1497 1957 1623 1998 dubie
1665 1956 1890 2011 perueniet

121 2024 284 2074 statim,
327 2038 434 2077 quos
466 2024 596 2066 nimio
638 2038 743 2066 sane
784 2024 946 2066 honore
978 2024 1115 2066 afficit
1148 2024 1338 2077 dignitas
1380 2027 1470 2073 tua,
1513 2023 1548 2064 si
1591 2037 1665 2064 eos
1707 2023 1762 2064 ad
1805 2021 1891 2063 dis-

123 2089 391 2144 putationem
433 2091 599 2139 euocat,
643 2090 711 2131 uel
754 2089 808 2131 ad
850 2090 1174 2143 responsionem
1218 2089 1384 2132 excitat
1424 2102 1539 2130 noua
1577 2088 1726 2142 scripti
1768 2088 1894 2129 huius

123 2154 435 2197 confutatione.
489 2155 665 2208 Jndigni
690 2158 791 2197 sunt
824 2169 942 2204 sane,
978 2155 1231 2208 quibuscum
1264 2154 1498 2207 litigemus,
1532 2153 1789 2208 praesertim
1816 2153 1896 2195 tali

124 2219 313 2262 foemina
348 2220 416 2261 uel
450 2220 723 2273 spectatrice,
760 2220 826 2262 uel
861 2220 1014 2261 iudice.
1078 2220 1218 2262 Maior
1249 2220 1371 2261 uerbi
1405 2219 1535 2260 diuini
1570 2223 1614 2262 et
1647 2219 1896 2261 Catholicae

125 2285 349 2327 doctrinae
391 2285 505 2338 apud
547 2299 625 2327 nos
658 2285 905 2327 reuerentia
943 2299 1038 2327 esse
1071 2286 1212 2336 debet,
1258 2299 1386 2338 quam
1421 2287 1469 2327 ut
1502 2285 1553 2326 de
1586 2284 1682 2326 fidei
1719 2287 1896 2326 nostrae

127 2351 349 2405 mysterijs
383 2365 476 2392 cum
512 2350 676 2404 apertis
710 2350 930 2392 Ecclesiae
964 2351 1160 2393 hostibus
1194 2351 1457 2393 dimicemus.
1522 2350 1693 2391 Monuit
1725 2350 1898 2392 Tertul-

125 2416 280 2467 lianus,
324 2418 367 2458 et
408 2415 630 2470 praecepit
673 2415 909 2469 Apostolus
948 2416 1107 2457 Paulus
1149 2416 1379 2469 fugiendas
1421 2415 1529 2457 istas
1571 2429 1667 2456 esse
1709 2416 1897 2468 pestes4,

128 2495 267 2535 neque
300 2482 355 2523 ad
379 2481 716 2536 disputationem
752 2481 1128 2523 descendendum5
1161 2495 1257 2523 cum
1291 2481 1356 2535 ijs,
1392 2481 1463 2534 qui
1485 2480 1726 2522 Ecclesiam
1760 2483 1897 2523 totam

252 2599 260 2617 ¹
287 2598 438 2632 loannes
457 2598 612 2631 Thomas
631 2596 863 2631 Elisabethae
890 2596 1003 2630 frater
1022 2597 1254 2631 consobrinus
1273 2597 1385 2630 fuisse
1404 2597 1562 2636 videtum
1584 2609 1617 2631 v.
1637 2608 1747 2642 supra
1766 2609 1799 2642 p.
1820 2598 1899 2631 212.

250 2652 262 2671 ‘²
290 2652 343 2686 Cf.
370 2652 426 2686 Mt
453 2652 482 2692 7,
511 2653 551 2691 6;
581 2652 633 2691 15,
661 2651 725 2691 263
754 2651 812 2684 Mc
839 2652 870 2690 7,
899 2651 955 2685 27.
1104 2651 1115 2670 3
1141 2650 1196 2684 Mt
1223 2651 1253 2691 7,
1282 2652 1313 2684 6.

251 2708 262 2725 ⁴
294 2705 545 2747 „Haereticum
572 2704 751 2738 hominem
779 2707 860 2748 post
886 2715 992 2738 unam
1021 2706 1056 2737 et
1082 2704 1275 2737 secundam
1303 2704 1563 2748 correptionem
1595 2704 1736 2739 devita:
1772 2705 1900 2745 sciens,

131 2759 215 2802 quia
241 2759 438 2797 subversus
465 2761 531 2799 est,
564 2759 624 2802 qui
651 2758 823 2791 eiusmodi
852 2759 916 2798 est,
945 2760 979 2791 et
1007 2757 1193 2801 delinquit,
1230 2769 1310 2791 cum
1337 2758 1384 2791 sit
1410 2758 1552 2802 proprio
1575 2757 1710 2803 judicio
1737 2759 1902 2792 condem-

133 2814 279 2846 natus“:
307 2813 366 2846 Tit
392 2812 506 2852 3,10;
535 2811 581 2846 cf.
609 2812 629 2844 2
648 2811 726 2844 Tim
756 2811 785 2851 2,
814 2811 870 2845 23.

253 2867 265 2885 ⁵
297 2867 542 2900 Tertullianus
567 2865 610 2899 de
634 2864 825 2899 haereticis
852 2864 996 2898 scribit:
1027 2864 1253 2908 „Scripturas
1272 2864 1480 2906 obtendunt,
1508 2867 1543 2899 et
1569 2865 1635 2899 hac
1661 2877 1727 2900 sua
1753 2866 1902 2900 audacia

133 2920 256 2953 statim
284 2919 456 2963 quosdam
483 2920 648 2959 movent;
686 2919 720 2952 in
758 2918 834 2962 ipso
861 2930 946 2951 vero
982 2929 1177 2960 congressu
1209 2917 1331 2952 firmos
1357 2918 1501 2961 quidem
1536 2918 1706 2961 fatigant,
1742 2919 1902 2953 infirmos

135 2973 291 3017 capiunt,
318 2972 454 3006 medios
479 2984 558 3006 cum
586 2971 754 3016 scrupulo
774 2971 968 3005 dimittunt.
1008 2971 1110 3004 Hunc
1138 2971 1249 3013 igitur
1267 2972 1492 3016 potissimum
1512 2972 1662 3015 gradum
1683 2972 1902 3007 obstruimus

135 3038 203 3059 non
232 3025 443 3060 admittendi
472 3037 532 3059 eos
558 3025 600 3058 ad
621 3024 730 3058 ullam
761 3025 803 3058 de
829 3024 1018 3068 scripturis
1037 3024 1349 3069 disputationem.“
1388 3025 1427 3059 Id
1454 3025 1547 3069 quod
1566 3026 1678 3060 variis
1704 3026 1902 3060 rationibus

137 3080 262 3124 probat
290 3081 325 3113 et
352 3078 528 3124 explicat3
565 3079 692 3112 deinde
719 3078 770 3112 sic
797 3077 996 3112 concludit:
1037 3077 1207 3120 „Constat
1233 3078 1324 3112 ratio
1351 3079 1523 3124 propositi
1559 3080 1671 3113 nostri
1698 3079 1900 3114 definientis
