2044 3335
141 78 225 119 200
320 75 421 110 1583.
450 75 489 110 P.
509 75 642 111 Theod.
662 75 828 110 Canisius
855 75 1009 111 Canisio.
1059 75 1205 119 Dilinga
1230 75 1387 112 interm.
1407 78 1542 112 Maium
1569 80 1605 113 et
1623 79 1714 123 Aug.
1737 80 1838 115 1568.

140 192 247 225 Frid.
267 192 527 234 Reiffenberyio
553 191 648 233 S.J.,
675 191 837 225 Historia
865 191 1058 226 Societatis
1084 192 1171 226 Jesu
1198 193 1243 227 ad
1269 193 1434 228 Rhenum
1460 194 1664 229 inferiorem
1691 196 1717 238 I,
1744 196 1912 231 Coloniae

140 244 364 289 Agrippinae
392 245 494 284 1764,
521 244 633 278 Mant.
661 245 813 279 47—48.

260 296 450 332 Caeterum
480 297 635 339 Canisio,
670 298 705 330 in
733 297 876 332 Italiam
911 298 983 332 iam
1009 298 1180 343 profecto,
1216 298 1283 334 hae
1309 299 1453 335 litterae
1478 301 1573 335 tradi
1598 313 1668 336 non
1698 304 1910 347 potuerunt;

140 362 173 385 V.
201 362 310 395 supra
336 362 369 395 p.
392 351 468 385 197.

141 464 296 501 1583.
418 464 480 500 P.
518 464 1015 502 THEODORICUS
1053 465 1373 504 GANISHJS
1411 467 1464 504 S.
1492 468 1547 504 J.
1590 470 1840 505 universitatis
1878 473 1915 505 et

331 518 474 563 collegii
500 519 672 563 dilingani
700 522 819 554 rector
845 519 1047 555 CANISIO.

946 573 1093 617 Dilinga
1119 573 1214 608 inter
1238 586 1285 610 m.
1304 574 1440 609 Maium
1467 577 1504 610 et
1528 576 1734 619 Augustum
1762 577 1865 612 1568.

262 636 315 670 Ex
343 636 499 682 epistula
525 637 750 682 autographa
780 637 832 672 13.
852 639 946 681 Aug.
968 638 1059 673 1568
1086 638 1180 680 data,
1212 639 1255 672 de
1282 650 1352 683 qua
1376 639 1482 681 infra,
1510 651 1565 685 ep.
1591 652 1625 675 n.
1648 640 1749 675 1586.

265 708 504 741 :lyzeodorztcus
534 709 701 742 Canisiecs
727 709 877 752 De'linya
907 711 960 742 13.
988 709 1144 752 Auyusti
1172 711 1263 743 1568
1298 711 1448 744 Romam
1479 711 1527 743 ad
1552 711 1698 744 Petram
1728 711 1913 745 Cani-sium

141 761 328 804 epistulam
353 762 470 804 misit;
504 773 611 805 <latam
635 763 686 795 sic
712 772 860 795 eoeorsus
886 767 955 795 est:
993 763 1274 807 „Superioribus
1299 764 1421 797 diebus
1445 764 1548 797 semel
1573 770 1677 808 atque
1703 766 1832 798 iterum
1866 767 1915 799 ad

139 815 183 848 R.
215 814 254 848 T.
280 815 321 847 de
351 815 613 848 Gubernatoris
640 815 845 848 Academici
868 826 1014 849 munere
1038 817 1180 859 scripsi.
1234 817 1430 860 Sperccmus
1460 817 1499 849 id
1526 818 1657 860 neyotzjj
1680 818 1915 852 Reuere12t27ae

145 868 182 901 T.
209 868 310 901 cordi·
324 868 494 910 futuram
520 872 550 900 et
568 869 670 901 breui
687 869 955 912 conficiendum,
983 873 1092 912 c-tpote
1118 880 1161 902 ex
1187 880 1255 912 quo
1278 881 1355 913 paoe
1381 875 1411 903 et
1436 871 1686 914 tranquillitas
1710 871 1820 905 lucius
1846 872 1914 906 loci

142 932 214 955 non
239 922 390 955 minima
417 933 459 954 ex
482 926 586 964 parte
604 920 793 964 pendeat.“

262 992 379 1025 Julius
406 992 476 1025 III.
513 991 548 1025 in
575 991 674 1025 bulla
700 992 733 1026 6.
760 991 897 1036 Aprilis
925 991 1014 1026 1551
1053 992 1148 1033 data,
1184 1003 1256 1036 qua
1291 991 1482 1036 collegium
1510 992 1545 1027 S.
1572 993 1783 1039 Hieronymi
1814 994 1915 1029 dilin—

141 1056 277 1088 ganum
303 1044 481 1087 dignitate
515 1044 790 1089 privilegiisque
816 1045 1096 1079 universitatum
1123 1045 1284 1087 ornabat,
1321 1046 1518 1088 constituit,
1553 1048 1594 1080 ut
1619 1047 1778 1092 episcopi
1804 1059 1915 1091 augu—

140 1098 237 1133 stani
263 1109 327 1142 per
352 1109 391 1132 se
417 1097 476 1132 vel
502 1110 566 1142 per
591 1097 749 1132 vicarios
775 1109 861 1133 suos
886 1098 1077 1141 generales
1103 1098 1139 1132 in
1167 1109 1290 1133 omnes
1308 1099 1533 1134 academicos
1555 1100 1814 1142 „omnimodam
1839 1103 1915 1135 tam

141 1151 285 1187 civilem
312 1162 419 1195 quam
446 1151 668 1186 criminalem
695 1154 731 1186 et
757 1152 909 1186 mixtam
935 1152 1217 1186 iurisdictionem
1242 1154 1431 1186 exercere“
1458 1155 1607 1198 possent
1632 1153 1787 1198 (Specht,
1806 1154 1914 1190 Univ.

140 1205 226 1239 Dill.
244 1205 342 1248 611).
378 1205 418 1238 111
436 1207 454 1224 '‘-
466 1205 643 1248 Capitulis
666 1207 798 1246 autem,
825 1217 917 1249 quae
937 1206 979 1239 de
997 1205 1249 1240 universitatis
1267 1217 1353 1240 cura
1372 1217 1434 1250 per
1453 1206 1667 1241 Societatem
1687 1208 1916 1252 suscipienda

142 1259 236 1292 inter
262 1258 481 1292 cardinalem
508 1258 679 1292 Ottonem
697 1258 899 1293 Truchsess
926 1261 962 1293 et
988 1258 1023 1293 S.
1050 1259 1282 1293 Franciscum
1308 1259 1479 1303 Borgiam
1505 1271 1536 1294 a.
1559 1260 1650 1294 1563
1676 1260 1810 1295 Romae
1836 1273 1916 1296 con-

142 1311 271 1346 stituta
306 1314 409 1346 erant
435 1311 498 1354 (cf.
529 1313 616 1346 Can.
644 1311 695 1346 IV
722 1313 767 1346 74
793 1312 885 1346 312⁶
911 1311 1128 1356 332—334),
1154 1312 1244 1346 haec
1274 1315 1406 1347 ÷÷sunt:
1447 1312 1668 1357 „Collegium
1697 1313 1915 1358 [Societatis]

143 1367 178 1400 et
205 1365 301 1400 illius
326 1377 390 1410 pro
416 1367 577 1410 tempore
604 1365 746 1407 Rector,
781 1377 851 1400 non
877 1365 1063 1400 habebunt
1088 1365 1199 1400 ullam
1234 1366 1517 1400 iurisdictionem
1552 1367 1589 1400 in
1619 1368 1789 1402 externos
1814 1367 1915 1402 scho-

142 1419 302 1460 lasticos,
338 1430 404 1453 nec
431 1418 585 1461 ciuilem,
620 1430 686 1453 nec
721 1419 944 1453 criminalem
980 1420 1194 1455 coerciuam.
1241 1418 1436 1454 Habebunt
1461 1420 1605 1464 quidem
1632 1420 1844 1456 directiuam
1880 1422 1916 1456 in

145 1483 279 1513 omnes,
316 1471 353 1506 in
387 1471 444 1506 his
471 1483 563 1516 quae
598 1472 643 1506 ad
678 1472 815 1514 literas,
851 1474 888 1506 et
913 1472 1034 1514 bonos,
1071 1473 1220 1518 piosque
1255 1484 1297 1506 ae
1324 1472 1550 1507 Christianos
1586 1485 1704 1509 mores
1740 1474 1915 1515 attinent;

143 1525 250 1571 plena
277 1527 398 1559 autem
416 1525 628 1560 Jurisdictio
654 1525 819 1560 coerciua
845 1537 915 1570 quo
943 1526 986 1560 ad
1013 1527 1111 1571 ipsos
1136 1528 1304 1560 externos
1330 1527 1399 1560 erit
1416 1527 1658 1561 Illustrissimi
1685 1530 1722 1562 et
1739 1528 1916 1562 Reueren-

144 1578 283 1614 dissimi
307 1578 509 1614 Cardinalis
536 1607 543 1613 .
561 1606 567 1613 .
583 1606 591 1613 .
619 1581 656 1613 et
684 1606 713 1613 ..
730 1607 737 1613 .
765 1579 841 1613 eius
945 1580 1216 1614 successorum“
1250 1579 1311 1622 (ex
1337 1580 1502 1625 exemplo
1528 1581 1575 1614 ab
1602 1580 1746 1615 Ottonis
1771 1581 1917 1615 librario

144 1633 279 1677 scripto
306 1634 342 1666 et
367 1632 412 1666 ab
438 1632 516 1677 ipso
544 1631 677 1666 Ottone
702 1632 906 1676 recognito;
935 1633 1055 1668 Germ.
1083 1633 1167 1678 Sup.
1193 1633 1306 1667 Fund.
1334 1633 1350 1667 Ι
1376 1634 1400 1667 f.
1429 1633 1546 1677 311b).
1594 1633 1730 1668 Deinde
1765 1646 1797 1669 a.
1826 1635 1918 1669 1564

145 1686 340 1721 cardinalis
375 1685 548 1727 decrevit,
585 1689 626 1720 ut
660 1686 912 1720 universitatis
947 1687 1090 1728 rectori,
1127 1686 1188 1731 qui
1222 1687 1266 1721 de
1301 1686 1481 1721 Societate
1516 1689 1623 1729 esset,
1659 1687 1918 1732 adiungeretur

151 1739 411 1783 ⁷‚gubernator“
443 1741 627 1779 externus,
662 1739 800 1774 electus
836 1742 872 1774 et
898 1740 1133 1774 confirmatus
1160 1752 1180 1774 a
1206 1742 1355 1781 rectore,
1391 1752 1412 1774 a
1438 1752 1507 1784 quo
1534 1740 1642 1774 etiam
1678 1740 1755 1775 loco
1780 1742 1918 1776 moveri

146 1794 289 1838 posset;
328 1793 389 1836 qui
425 1792 644 1836 gubernator
679 1794 830 1828 rectoris
865 1793 946 1828 vice
981 1794 1195 1838 fungeretur
1230 1793 1387 1827 maxime
1424 1793 1460 1827 in
1495 1794 1781 1828 administranda
1815 1794 1919 1829 iuris-

145 1846 301 1880 dictione
327 1846 544 1888 academica,
570 1846 649 1880 sive
676 1846 786 1887 civili,
813 1847 891 1881 sive
918 1847 1109 1887 criminali,
1135 1858 1243 1891 quam
1270 1849 1414 1888 vocant,
1446 1847 1642 1889 „adversus
1669 1848 1919 1892 delinquentes

144 1899 256 1934 libere
274 1900 533 1944 procedend0“‚
560 1900 814 1935 universitatis
839 1901 918 1934 iura
944 1903 980 1934 et
998 1900 1190 1945 privilegia
1207 1900 1351 1942 tuendo,
1377 1901 1509 1935 rectori
1528 1912 1673 1946 operam
1691 1902 1918 1946 praestando,

150 1953 332 1997 „quoties“
362 1953 423 1987 ille
454 1953 524 1995 „ita
550 1965 639 1998 opus
666 1965 746 1988 esse
772 1954 915 1998 putabit
940 1954 985 1988 ad
1011 1954 1195 1989 studiosos
1221 1965 1345 1988 omnes
1371 1955 1407 1988 in
1436 1954 1555 1988 officio
1582 1954 1711 1989 melius
1738 1955 1919 1989 continen-

146 2006 230 2040 dos“
262 2006 369 2050 (Can.
396 2006 446 2040 IV
473 2007 572 2049 926).
607 2007 712 2041 Anno
739 2009 860 2041 autem
889 2007 980 2042 1568
1007 2007 1195 2042 Cornelius
1221 2007 1356 2041 Herlen
1382 2008 1427 2042 ab
1453 2007 1662 2049 RosenthaL
1688 2008 1748 2052 qui
1774 2020 1806 2043 a.
1828 2008 1919 2043 1564

145 2059 282 2104 primus
313 2060 572 2103 „gubernator“
604 2062 748 2095 creatus
773 2064 863 2102 erat,
896 2061 1015 2095 officio
1041 2061 1153 2095 cessit
1179 2062 1215 2095 et
1240 2062 1430 2104 Augustae
1456 2061 1500 2095 ad
1528 2060 1562 2095 S.
1589 2061 1751 2095 Mauritii
1777 2062 1918 2096 canoni-

147 2115 267 2148 catum
292 2115 423 2148 nactus
449 2116 506 2147 est
533 2113 678 2157 (Specht
704 2114 727 2148 1.
756 2126 785 2148 0.
811 2114 887 2158 48).

265 2166 322 2200 Ad
348 2166 563 2201 alterutram
581 2167 641 2201 vel
658 2167 817 2211 aliquam
836 2179 882 2202 ex
899 2167 956 2202 his
970 2167 1180 2202 Theodorici
1201 2167 1338 2202 Canisii
1363 2167 1530 2212 epistulis
1556 2170 1722 2212 spectare
1739 2168 1918 2209 videntur,

147 2231 240 2264 quae
266 2219 419 2262 Borgiae
445 2220 618 2254 mandatu
644 2221 823 2254 Polanfcus
848 2221 962 2254 Roma
992 2221 1045 2255 10.
1072 2221 1229 2264 Augusti
1259 2220 1349 2255 1568
1376 2221 1420 2255 ad
1439 2221 1697 2255 Theodoricum
1724 2221 1917 2266 rseripsit:

151 2272 209 2315 „L’
227 2272 485 2307 Jllustrissimo
505 2273 694 2307 Cardinale
713 2273 744 2308 d’
760 2275 938 2317 Augusta,
964 2274 1011 2319 ha
1038 2274 1213 2308 desiderio
1241 2274 1337 2308 assai
1363 2274 1429 2308 che
1447 2274 1480 2308 le
1499 2285 1581 2308 cose
1599 2274 1694 2308 della
1708 2274 1918 2309 Vniuersita

147 2328 183 2361 et
208 2326 359 2370 collegio
395 2327 438 2360 de
464 2326 610 2370 Dilinga
645 2327 676 2361 si
701 2327 946 2370 stabiliscano,
981 2339 1040 2361 ma
1066 2327 1186 2362 alcuni
1212 2327 1315 2372 punti
1350 2328 1381 2362 ci
1407 2327 1455 2361 ha
1481 2328 1578 2362 detto
1604 2327 1853 2361 ultimainente
1887 2329 1918 2362 si

149 2379 344 2414 haueriano
371 2382 392 2414 a
417 2380 591 2422 riuedere,
617 2381 772 2415 tenendo
799 2380 952 2426 rispetto
978 2382 1027 2415 mi
1053 2393 1140 2426 pare
1167 2383 1188 2415 a
1213 2381 1378 2424 maggior
1404 2381 1656 2415 sodisfattione
1682 2380 1739 2415 del
1765 2392 1830 2415 suo
1854 2381 1918 2416 Ca-

147 2433 281 2477 pitulo;
308 2445 378 2467 non
404 2433 435 2467 si
461 2434 656 2468 manchera
682 2435 717 2468 di
735 2434 894 2468 hauerne
913 2435 1019 2469 cura“
1045 2434 1107 2477 (οΧ
1125 2446 1249 2479 apogr.
1268 2435 1381 2469 eiusd.
1400 2437 1530 2479 temp.;
1558 2433 1678 2468 Germ.
1697 2435 1741 2468 67
1760 2434 1785 2468 f.
1803 2434 1916 2478 167¹>).

148 2486 267 2520 Unum
294 2489 414 2520 auten]
450 2499 496 2521 ex
531 2487 709 2532 capitibus
744 2488 966 2522 fundationis
992 2487 1209 2531 dilinganae‚
1245 2499 1336 2532 quae
1363 2488 1422 2522 vel
1447 2488 1514 2522 hoc
1540 2490 1701 2532 tempore
1726 2487 1785 2521 vel
1810 2487 1917 2533 paulo

149 2540 230 2584 post
255 2540 443 2583 recognita
469 2544 505 2574 et
530 2541 722 2575 immutata
748 2544 842 2583 sunt,
879 2542 924 2575 ad
950 2541 1156 2575 litterarum
1182 2541 1404 2575 fundationis
1430 2543 1569 2586 partem
1596 2542 1813 2585 postremam
1840 2553 1919 2586 per—

148 2591 258 2632 tinet;
294 2592 343 2626 ibi
379 2593 471 2627 enim
508 2593 542 2627 in
579 2593 775 2638 scriptione
801 2594 970 2637 Dilingae
1005 2606 1037 2628 a.
1059 2595 1150 2629 1566
1183 2594 1281 2628 facta
1309 2594 1415 2638 (Can.
1434 2593 1467 2627 V
1492 2593 1698 2636 625—626)
1726 2593 1919 2628 cardinalis

148 2644 299 2686 dixerat,
326 2657 365 2679 se
387 2646 442 2688 „S.
462 2646 654 2681 Sanctitati
673 2647 875 2681 humiliter“
906 2647 1122 2692 supplicare,
1152 2648 1265 2691 „quod
1292 2659 1338 2681 ex
1364 2646 1586 2692 plenitudine
1612 2658 1699 2681 suae
1725 2646 1919 2692 potestatis

150 2697 286 2739 obliget
321 2699 364 2732 ad
401 2700 519 2733 onmia
554 2700 774 2744 supradicta,
810 2713 881 2734 non
915 2701 1032 2735 solum
1067 2712 1166 2735 meos
1204 2711 1443 2742 successores,
1479 2700 1541 2734 sed
1577 2700 1685 2734 etiam
1721 2700 1918 2745 capitulum

150 2750 324 2784 ecclesiae
357 2763 459 2786 meae
487 2753 704 2788 cathedralis
738 2754 1003 2799 imperpetuum
1032 2753 1141 2798 (quae
1168 2754 1328 2788 abundat
1354 2753 1508 2797 quidem,
1544 2753 1623 2787 laus
1649 2753 1734 2794 Deo,
1770 2753 1918 2798 diuitijs‚

149 2814 326 2837 summam
353 2816 448 2845 uero,
485 2806 575 2850 proh
601 2806 709 2848 dolor,
736 2807 923 2851 penuriam
959 2808 992 2841 in
1020 2807 1184 2851 personis
1210 2807 1347 2842 idoneis
1374 2807 1418 2840 ad
1444 2806 1607 2849 regimen
1633 2806 1845 2848 animarum,
1881 2808 1918 2840 et

150 2856 351 2891 ministeria
378 2858 627 2893 ecclesiastica
653 2860 816 2902 grauiter
841 2860 1032 2905 patitur)“.
1074 2860 1214 2894 Deinde
1240 2861 1275 2894 in
1302 2860 1442 2894 illorum
1469 2860 1660 2893 verborum
1686 2859 1804 2893 locum
1829 2859 1918 2893 haec

150 2909 403 2944 substituenda
438 2923 517 2945 esse
544 2913 671 2946 Petrus
699 2914 869 2948 canisius
894 2925 961 2948 sua
986 2925 1096 2947 manu
1122 2914 1312 2948 ³⁵notavit:
1353 2913 1472 2956 „Rogo
1498 2912 1645 2957 insuper
1670 2924 1752 2946 cum
1777 2924 1919 2947 summa

151 2963 390 2997 submissione
426 2966 462 2997 et
487 2964 676 3007 diligentia
702 2965 735 3000 S.
756 2967 798 3001 D.
817 2967 860 3000 N.
887 2978 951 3011 pro
977 2968 1138 3012 tempore
1165 2967 1393 3007 existentem,
1429 2968 1471 3000 vt
1504 2965 1587 3000 huic
1612 2977 1714 3000 meae
1739 2965 1919 3000 uoluntati

151 3018 343 3059 certaeque
378 3018 590 3058 sententiae,
628 3030 718 3061 quae
754 3020 789 3053 iu
817 3019 1048 3054 Communem
1077 3020 1293 3054 Germaniae
1329 3022 1365 3053 et
1398 3019 1611 3064 praesertim
1639 3019 1792 3052 diocesis
1817 3030 1918 3052 meae

152 3068 345 3103 utilitatem
372 3070 415 3103 ad
434 3069 498 3104 Dei
521 3070 603 3115 Opt.
623 3071 721 3106 Max.
747 3073 899 3114 gloriam
926 3073 1052 3115 tendit,
1078 3085 1143 3117 pro
1169 3084 1235 3107 sua
1260 3073 1485 3116 benignitate
1512 3074 1548 3106 et
1573 3072 1757 3116 aequitate
1782 3071 1918 3113 fauere,
