2044 3335
347 91 442 125 Mon.
471 91 562 126 1066
589 91 666 125 sive
692 103 767 126 var.
790 91 857 135 (2).
900 91 972 126 Sub
998 91 1152 126 medium
1180 91 1238 125 vel
1265 93 1454 125 exeuntem
1482 102 1512 124 a.
1535 90 1635 124 1567.
1790 92 1871 133 717

109 208 244 251 Viuat
284 222 471 263 persona
503 209 545 250 in
578 209 658 251 Dei
696 208 854 262 gratia.
918 209 1078 251 Puram
1112 212 1156 251 et
1197 208 1438 263 perfectam
1470 208 1673 251 instituat
1706 206 1876 249 confes-

110 273 287 323 sionem,
322 276 370 315 ut
403 276 561 327 purget
594 273 916 324 conscientiam,
953 276 996 316 et
1028 275 1118 315 Deo
1152 287 1198 315 se
1230 273 1492 316 reconciliet.

229 338 274 380 Si
307 337 400 391 quis
432 338 548 392 turpi
571 352 717 380 amore
741 341 907 392 captus,
941 352 967 380 a
990 338 1170 380 demone
1193 338 1263 379 uel
1294 352 1373 392 per
1394 337 1651 380 maleficium
1675 339 1874 378 uexetur.

110 403 357 445 Instruatur
390 403 462 444 ille
495 406 544 444 ut
575 403 773 445 insanum
807 403 967 445 amoris
999 404 1194 444 morbum
1227 406 1438 456 agnoscat
1471 405 1515 445 et
1547 402 1791 445 detestetur
1823 401 1876 442 ob

109 482 299 509 summas
331 468 373 508 in
407 482 456 509 eo
490 468 778 511 calamitates.
841 468 1072 510 Moneatur
1105 482 1130 509 a
1163 467 1387 509 submissis
1420 467 1605 517 amicis³,
1645 480 1875 521 personam

109 532 310 575 dilectam
340 532 516 585 eiusque
539 546 680 574 mores
703 546 798 574 esse
826 532 1147 587 vituperabiles,
1184 533 1366 574 formam
1395 532 1631 574 deformem
1655 534 1738 574 etc.
1794 530 1876 573 Oc-

109 599 291 651 cupetur
317 597 361 638 in
384 597 529 639 arduis
552 598 680 639 rebus
704 600 747 639 et
771 597 923 651 officijs
948 597 1227 640 distractiuis.
1277 598 1524 639 Reuocetur
1547 597 1600 639 ad
1624 596 1875 639 memoriam

108 664 134 703 4
176 662 555 705 nouissimorum1.
618 662 812 704 Vocetur
853 665 897 704 et
938 663 1152 711 medicus,
1199 662 1269 715 qui
1312 662 1502 704 remedia
1545 662 1756 715 quaedam
1799 676 1876 716 ap-

108 727 251 781 plicet,
286 727 398 769 sicut
430 727 654 769 Auicenna
687 727 758 769 lib.
785 728 857 769 31³
879 730 923 769 et
955 727 1028 781 alij
1060 727 1374 781 praescribunt.
1424 727 1491 768 Ex
1514 727 1875 781 praecedentibus

106 792 310 846 remedijs
343 792 555 845 quaedam
589 792 850 845 adijciantur
884 792 1141 845 spiritualia.

230 857 540 900 Transferatur
573 857 607 898 si
641 857 756 908 licet,
792 857 845 899 ad
879 860 1040 899 statum
1077 857 1353 910 matrimonij.

107 982 245 1019 1066
274 984 351 1018 sive
378 992 493 1018 var.
515 982 614 1028 (2).
691 983 762 1019 Sub
789 982 945 1019 medium
972 983 1031 1019 vel
1058 984 1251 1019 exeuntem
1278 993 1309 1019 a.
1330 982 1423 1018 1567.

225 1049 279 1082 Ex
305 1048 539 1093 autographo.
592 1048 633 1083 G.
662 1049 724 1093 Ep.
752 1049 802 1083 IX
828 1051 852 1083 f.
880 1050 973 1084 164³.

230 1108 397 1142 Carmelus
424 1119 494 1142 non
521 1110 685 1150 coneedit,
712 1114 750 1142 ut
777 1110 874 1142 Socii
898 1110 1114 1142 monasteria
1144 1110 1279 1142 risz'teut
1305 1113 1364 1142 etc.

226 1169 274 1210 P.
299 1169 463 1210 Paulus
491 1168 695 1222 Hoffaeus
718 1170 977 1211 Germaniae
1009 1171 1243 1224 superioris
1266 1170 1626 1223 viceprovincialis
1649 1169 1874 1211 Monaehio

103 1236 174 1276 22..
198 1234 431 1276 Februarii
464 1236 580 1276 1563
612 1235 671 1275 acl
704 1236 747 1276 S.
773 1235 1051 1276 Francisemn
1085 1235 1288 1287 Bmyiam
1317 1235 1603 1289 praepositum
1636 1235 1873 1288 yeneralem

103 1300 205 1341 lzaee
246 1301 404 1341 rettulit
449 1300 499 1341 de
543 1300 714 1341 Canise'o
755 1301 995 1354 praeposito
1038 1301 1292 1354 provinciali
1333 1314 1381 1340 ae
1427 1300 1477 1341 de
1518 1299 1679 1341 Ioanne
1721 1299 1873 1353 Pfister

104 1365 363 1406 cathedralis
403 1366 597 1406 ecelesiae
635 1364 910 1419 frise'nqensis
952 1366 1163 1411 canonico,
1206 1366 1279 1419 qni
1324 1366 1442 1406 mitio
1484 1379 1523 1407 a.
1559 1366 1677 1406 1567
1714 1365 1873 1405 Romae

101 1431 303 1484 leqatione
336 1431 499 1472 Alberti
520 1430 565 1472 V.
590 1430 807 1471 Bavare'ae
842 1431 961 1471 dacis
991 1430 1165 1483 functas
1200 1435 1289 1471 erat
1322 1444 1370 1471 ae
1403 1431 1634 1484 complures
1657 1431 1700 1472 S.
1733 1430 1803 1471 Pii
1826 1430 1872 1472 V.

104 1496 324 1549 epistulas,
374 1495 525 1549 quibus
572 1495 639 1536 laic
686 1496 842 1536 clerum
887 1497 946 1536 ad
990 1496 1196 1550 synodum
1244 1495 1508 1546 habendam,
1558 1509 1693 1536 mores
1736 1494 1874 1547 refor-

101 1561 293 1612 mandos,
337 1562 614 1601 seminarium
651 1560 954 1602 instituendum
989 1560 1253 1613 hortabatur,
1293 1563 1338 1601 *in
1372 1561 1609 1601 Bavariam
1640 1561 1873 1614 pertulerat

102 1624 158 1676 (v.
196 1625 298 1668 Cau.
333 1625 483 1667 1⁷39?
526 1630 560 1667 et
601 1625 890 1667 Laderelzinm
924 1627 949 1668 l.
984 1641 1016 1668 e.
1051 1628 1093 1667 in
1128 1641 1168 1667 a.
1204 1628 1332 1678 1567,
1376 1641 1415 1668 n.
1451 1625 1733 1677 217—222):
1774 1624 1873 1666 Non

105 1704 281 1744 possum
314 1690 415 1743 quin
448 1690 674 1732 informem
710 1690 755 1732 P.
792 1691 842 1732 V.
878 1690 929 1732 de
962 1691 1145 1732 Domino
1178 1690 1390 1733 Pfisterio.
1454 1691 1503 1732 Js
1537 1705 1632 1732 cum
1666 1704 1721 1732 ex
1756 1690 1872 1731 Vrbe

223 1770 250 1795 a)
272 1765 410 1796 Sequitur
429 1765 490 1797 qui,
510 1774 527 1789 a
550 1766 578 1790 C.
598 1766 687 1790 oblim.

227 1860 235 1880 ¹
267 1859 385 1902 „Quae
412 1859 578 1894 dicuntur
604 1863 759 1905 quatuor
776 1860 930 1894 hominis
957 1861 1182 1895 nouissima‘.>
1218 1860 1316 1894 Haec
1336 1860 1524 1895 videlicet:
1550 1861 1659 1901 Mors,
1686 1860 1871 1901 Iudicium,

103 1913 269 1947 Infernus
304 1915 340 1947 et
365 1912 527 1956 Regnum
564 1914 786 1948 caelorum⁴⁴:
827 1915 1004 1957 Cane'sz'us,
1040 1914 1186 1948 Summa
1213 1913 1405 1948 Doctrinae
1432 1913 1667 1950 Christianae.
1708 1913 1873 1948 Coloniae

106 1967 207 2008 1566,
234 1966 259 2000 f.
280 1967 372 2001 188³.

224 2020 237 2040 2
263 2019 439 2059 canisius,
466 2022 562 2065 puto,
588 2033 658 2055 non
685 2021 801 2065 ipsum
828 2020 929 2055 illum
952 2021 1152 2062 „Canonem
1171 2021 1391 2055 Medicinae“
1423 2021 1466 2055 ab
1493 2021 1680 2055 Avicenna
1706 2020 1785 2054 sive
1805 2021 1875 2054 an

105 2073 189 2107 Sina
224 2085 329 2118 persa
367 2073 610 2118 (980—1037)
648 2075 789 2108 arabice
825 2075 1000 2120 scriptum
1036 2077 1072 2108 et
1106 2086 1126 2108 a
1154 2074 1312 2108 Gerardo
1339 2074 1570 2108 Cremonensi
1606 2077 1687 2119 post
1721 2074 1876 2108 medium

103 2125 286 2160 saeculum
312 2126 390 2160 XV.
417 2127 452 2160 in
479 2127 584 2161 Italia
618 2127 728 2162 latine
761 2128 895 2162 editum
932 2128 1039 2171 legit,
1075 2128 1137 2161 sed
1172 2127 1301 2162 librum
1338 2127 1513 2172 aliquem,
1548 2128 1583 2161 in
1619 2139 1687 2171 quo
1722 2127 1880 2161 remedia

104 2179 166 2213 illa
192 2180 398 2214 Avicennae
434 2183 684 2221 recensentur;
724 2184 764 2215 ut
799 2181 1026 2215 notissimum
1062 2181 1162 2214 illum
1196 2181 1387 2223 „Malleum
1413 2181 1694 2222 maleficarum“,
1728 2193 1759 2215 a.
1789 2181 1879 2215 1486

105 2233 149 2267 ab
177 2234 333 2267 Hem-ico
359 2235 541 2268 Institor-is
566 2239 595 2267 et
622 2235 746 2269 Iacobo
774 2235 952 2279 Sprenyer
978 2234 1227 2269 Dominicanis
1249 2236 1506 2279 compositum;
1542 2235 1602 2268 ubi
1629 2235 1668 2268 P.
1688 2235 1733 2276 H,
1760 2247 1819 2279 qu.
1846 2234 1878 2275 2,

106 2298 134 2320 c.
165 2287 185 2321 3
215 2287 425 2329 („Remedia
452 2290 575 2321 contra
602 2288 835 2322 maleficiatos
870 2299 978 2332 super
1005 2300 1161 2322 amorem
1189 2288 1247 2322 vel
1274 2289 1392 2322 odium
1419 2288 1699 2332 inordinatum“)
1730 2288 1879 2322 dicitur:

113 2339 245 2385 „Super
271 2340 572 2385 philocaptionem
598 2341 675 2375 sine
701 2341 874 2375 maleficio
901 2341 1084 2376 Auicenna
1117 2345 1256 2386 septem
1290 2342 1447 2376 remedia
1474 2342 1582 2387 ponit,
1611 2342 1753 2386 quando
1780 2341 1876 2375 vide-

106 2393 191 2428 licet
217 2405 406 2439 personam
433 2397 621 2436 aegrotare
656 2395 754 2436 facit,
776 2395 853 2428 'sed
889 2407 1015 2439 parum
1050 2397 1120 2429 ista
1155 2397 1299 2429 nostrae
1335 2395 1582 2440 speculationi,
1609 2395 1678 2429 nisi
1704 2398 1878 2439 quantum

105 2447 281 2492 mysticae
307 2447 447 2481 animae
473 2447 659 2491 languenti
687 2448 905 2482 deseruiunt.
952 2448 1048 2482 Dicit
1076 2449 1169 2482 enim
1196 2449 1256 2483 lib.
1284 2449 1305 2483 3
1332 2449 1425 2493 quod
1453 2461 1497 2483 ex
1525 2449 1726 2483 variatione
1752 2449 1879 2494 pulsus

105 2504 141 2535 et
167 2501 210 2534 ad
237 2501 515 2534 nominationem
539 2502 659 2543 amati,
687 2513 765 2535 cum
793 2502 841 2535 ibi
867 2501 971 2535 radix
989 2502 1247 2545 aegrotationis
1267 2502 1430 2543 habetur,
1456 2504 1542 2536 tunc
1569 2502 1598 2536 si
1625 2502 1684 2536 lex
1711 2503 1878 2543 sustinet,

107 2554 169 2588 fiet
194 2554 322 2598 copula
347 2565 410 2598 per
436 2554 712 2596 matrimonium,
739 2555 823 2598 quia
849 2555 900 2588 sic
927 2557 1076 2589 sanatur
1103 2566 1183 2589 cum
1221 2555 1385 2589 obeditur
1419 2558 1580 2590 naturae.
1633 2556 1707 2590 Aut
1732 2556 1796 2590 fiat
1822 2567 1882 2601 ap-

106 2607 249 2652 plicat-io
276 2607 551 2650 medicinalium,
579 2608 622 2642 de
648 2609 777 2652 quibus
804 2608 933 2642 ibidem
961 2610 1096 2642 tractat
1122 2610 1158 2642 et
1184 2609 1298 2642 docet.
1350 2610 1423 2642 Aut
1448 2611 1489 2642 vt
1529 2612 1698 2652 aegrotus
1725 2621 1880 2644 amorem

105 2673 210 2695 suum
237 2661 279 2695 de
306 2661 436 2695 dilecto
463 2673 525 2706 per
550 2662 651 2696 licita
677 2661 834 2696 remedia
861 2662 903 2695 ad
932 2662 1028 2695 aliud
1055 2662 1273 2705 diligendum
1301 2664 1498 2704 conuertat,
1526 2663 1619 2706 quod
1646 2663 1754 2708 priori
1781 2675 1881 2708 prae-

107 2714 240 2758 eligere
268 2714 382 2754 debet,
409 2717 444 2748 et
470 2715 521 2748 ita
546 2715 672 2758 fugere
699 2715 951 2760 praesentiam,
987 2716 1069 2759 quia
1096 2716 1148 2749 sic
1174 2715 1387 2749 distrahitur
1413 2716 1564 2750 animus.
1619 2717 1690 2750 Aut
1716 2717 1824 2751 etiam
1850 2718 1880 2751 si

106 2767 322 2810 corrigibilis
358 2770 431 2808 est,
470 2768 681 2807 tribuletur,
720 2768 883 2802 hortetur
919 2769 1010 2811 quod
1047 2780 1135 2813 opus
1171 2769 1303 2803 amoris
1339 2771 1396 2803 est
1430 2769 1587 2803 maxima
1623 2769 1786 2812 miseria,
1822 2771 1880 2804 vel

107 2822 309 2864 dirigantur
335 2821 378 2854 ad
406 2821 532 2865 ipsum,
560 2823 621 2866 qui
648 2824 821 2866 quantum
858 2833 938 2855 cum
966 2821 1120 2855 veritate
1156 2824 1192 2855 et
1218 2821 1292 2856 Deo
1328 2825 1479 2867 possunt
1516 2823 1722 2868 vituperent
1752 2835 1880 2869 corpus

106 2878 144 2909 et
170 2874 438 2919 dispositionem
466 2875 598 2916 dilecti,
626 2877 660 2909 et
687 2887 804 2909 mores
831 2887 910 2909 cum
937 2875 1256 2918 transfiguratione
1283 2876 1455 2910 facierum
1491 2877 1589 2921 turpi
1615 2888 1678 2911 seu
1715 2878 1879 2912 difformi.

108 2928 174 2962 Vel
201 2927 329 2961 saltem
356 2927 492 2969 vltimo,
520 2930 561 2962 vt
587 2931 805 2973 occupentur
831 2928 867 2962 in
902 2928 1009 2962 rebus
1045 2928 1176 2969 arduis,
1214 2931 1250 2962 et
1276 2928 1499 2964 distractiuis
1534 2930 1676 2976 officijs.
1729 2931 1878 2973 Reuera,

106 2981 201 3015 sicut
226 2981 392 3015 animalis
418 2981 521 3015 homo
548 2994 610 3026 per
628 2982 831 3015 huiusmodi
857 2981 1013 3015 remedia
1032 2984 1189 3021 sanatur,
1217 2982 1261 3016 ad
1288 2983 1509 3026 spiritualem
1536 2984 1678 3027 singula
1706 2984 1877 3030 capiendo

106 3035 310 3068 interiorem
337 3035 514 3068 hominem
542 3035 757 3069 reformant“
789 3038 855 3069 etc.
877 3049 883 3069 :
903 3035 1056 3069 Malleus
1076 3035 1332 3076 Maleficarum,
1359 3038 1504 3071 auctore
1522 3038 1650 3072 Iacobo
1676 3039 1875 3082 Sprenyero

108 3088 149 3123 Ο.
169 3088 239 3128 Pr„
266 3088 493 3122 Francofurti
519 3089 562 3122 ad
590 3089 756 3123 Moenum
786 3089 887 3129 1580,
915 3088 993 3123 388.
