2044 3335
140 72 224 113 662
691 67 787 100 Mon.
816 66 906 100 1012
933 65 1010 100 sive
1036 65 1106 99 litt.
1128 64 1196 109 (7).
1243 65 1344 99 1567.

139 185 308 220 videlicet
332 183 597 229 Apostolorum,
629 181 824 216 orationem
851 180 1086 223 Dominicam,
1123 180 1382 216 Salutationem
1419 180 1641 224 Angelicam,
1674 180 1904 224 Decalogum,

139 238 320 273 Ecclesiae
356 238 557 282 praecepta,
595 237 631 268 et
664 234 855 269 formulam
892 233 1139 275 confessionis,
1175 233 1286 268 latine
1322 236 1358 268 et
1383 233 1586 274 vernacule,
1620 234 1723 268 iuxta
1753 233 1905 268 formam

140 290 355 326 Catechismi
382 289 528 323 minoris
555 288 695 321 Domini
722 287 822 322 Petri
849 286 983 332 Canisij
1000 289 1021 327 ¹,
1054 286 1113 321 vel
1140 287 1234 321 modi
1261 287 1491 321 examinandi
1526 298 1709 321 sacrorum
1743 287 1906 321 ordinum

139 343 357 384 candidatos,
385 353 405 376 a
424 369 431 375 .
452 369 458 375 .
480 368 486 375 .
514 339 664 374 Domino
700 341 832 374 Ioanne
858 339 1061 381 Holthusio,
1098 340 1398 374 ludimoderatore
1424 340 1609 374 Ecclesiae
1634 340 1870 383 Augustanae
1882 340 1906 380 2,

138 398 182 432 ad
210 398 324 430 instar
351 394 567 428 Catechismi
595 405 657 439 per
683 393 912 438 quaestiones
939 393 1084 436 digesti,
1112 394 1288 427 doceant.
1311 421 1318 427 .
1338 420 1345 427 .
1383 393 1561 427 Plurimos
1586 392 1705 438 inopia
1730 392 1906 438 prohibet,

138 462 182 483 ne
218 449 348 482 liberos
383 448 419 481 in
449 447 588 482 Scholis
622 446 793 491 literarijs
828 447 1021 487 enutriant,
1058 457 1209 490 quorum
1243 448 1365 480 tamen
1390 446 1518 481 salutis
1536 446 1645 480 etiam
1663 445 1826 480 habenda
1852 448 1908 480 est

138 503 240 541 ratio,
276 513 356 535 cum
392 503 428 534 et
463 500 531 545 ipsi
566 499 640 534 sint
674 500 710 534 in
729 499 863 534 Christi
890 511 1037 544 corpore
1063 501 1100 533 et
1125 499 1273 533 familia.
1317 498 1555 541 Quamobrem
1581 499 1706 533 diebus
1732 498 1837 533 festis
1872 501 1908 533 et

138 556 295 589 maxime
330 554 536 594 dominicis,
575 553 728 588 Parochi
763 555 909 598 peracto
944 552 1114 598 prandio,
1151 564 1229 586 eam
1266 553 1513 593 quentutem,
1550 564 1642 597 quae
1676 552 1803 586 literas
1837 563 1906 586 non

138 608 272 649 didicit,
308 620 371 653 pro
406 607 565 642 cuiusuis
600 607 732 641 aetatis
767 609 876 652 captu
912 608 948 640 et
979 606 1135 649 ingenio,
1171 606 1296 640 eadem
1322 605 1406 640 fidei
1431 605 1645 647 rudimenta,
1680 606 1782 640 iuxta
1807 617 1906 650 prae-

138 662 311 706 scriptum
331 660 549 696 Catechismi
575 661 753 704 quondam
772 659 973 694 Reuerendi
988 659 1130 693 Domini
1148 659 1337 693 Michaelis
1363 658 1531 704 Episcopi
1551 659 1907 702 Mersenburgensis⁸

138 715 196 749 vel
233 715 408 760 praedicti
435 712 654 750 Catechismi
686 714 833 748 minoris
869 713 1012 748 Domini
1047 713 1147 747 Petri
1175 712 1322 758 Canisij,
1349 712 1554 747 edoceant.“

257 768 367 802 Plura
392 768 435 802 de
462 768 518 802 his
543 768 747 813 praeceptis
772 767 958 812 proposuit
985 768 1015 801 Ι.
1043 768 1085 801 G.
1113 767 1285 809 Sambeth,
1318 766 1384 800 Die
1411 766 1630 800 Constanzer
1656 765 1798 811 Synode
1824 777 1906 800 vom

139 822 250 857 Jahre
280 823 380 863 1567,
411 824 439 857 1.
467 822 587 863 Abth.,
622 821 658 855 in
690 821 924 865 „Freiburger
956 820 1307 855 Diocesan-A1·chiv“
1337 819 1433 859 XXI,
1469 819 1644 862 Freiburg
1670 821 1691 854 i.
1719 820 1777 854 Br.
1808 819 1908 861 1890,

140 877 291 911 51-60.
343 875 476 921 Synodi
506 875 650 909 decreta
684 875 780 909 haud
815 875 866 909 ita
902 874 1094 918 diligenter
1128 874 1165 907 in
1201 874 1367 908 effectum
1404 873 1556 907 deducta
1591 876 1677 907 sunt
1705 874 1806 915 (Frz.
1832 874 1908 908 Jos.

140 930 378 974 Schiffmann,
405 929 471 964 Die
498 929 664 972 Anfange
691 928 754 963 des
773 927 1025 963 Schulwesens
1052 928 1101 961 im
1128 927 1250 962 Laude
1268 927 1343 968 Uri,
1371 927 1406 960 in
1429 927 1520 970 „Der
1538 926 1905 961 Geschichtsfreund¹⁴

138 983 303 1025 XXXIII,
330 983 536 1018 Einsiedeln
557 983 658 1024 1878,
684 983 902 1026 290ffl291).
946 981 998 1015 De
1025 993 1096 1026 qua
1121 992 1160 1015 re
1185 981 1222 1015 111
1248 980 1422 1026 proximis
1448 980 1553 1014 huius
1577 980 1694 1025 operis
1720 979 1908 1014 volumini-

140 1036 205 1070 bus
231 1036 334 1081 plura
361 1037 535 1071 dicentur.

259 1090 391 1124 Eodem
418 1102 510 1124 anno
535 1090 624 1124 1567
651 1101 774 1124 mense
793 1088 938 1124 Octobri
957 1088 1228 1122 Maximilianus
1254 1099 1275 1121 a
1302 1087 1429 1130 Bergis
1456 1087 1747 1132 archiepiscopus
1774 1089 1810 1121 et
1835 1087 1908 1120 dux

138 1144 400 1178 cameracensis
427 1143 612 1178 Cameraci
642 1142 839 1187 (Cambrai)
868 1142 1045 1188 synodum
1072 1142 1320 1175 dioecesanam
1347 1141 1492 1182 habuit3
1518 1141 1553 1174 in
1581 1153 1651 1185 qua
1672 1141 1742 1184 (tit.
1763 1142 1793 1182 5,
1821 1152 1850 1174 c.
1870 1141 1906 1184 2)

138 1197 331 1242 praecepit,
367 1199 408 1231 ut
432 1197 569 1241 singuli
594 1196 741 1241 parochi
777 1196 1031 1230 bibliothecam
1067 1195 1242 1229 haberent
1281 1195 1515 1235 ⁷,instructam
1551 1194 1653 1228 libris
1687 1206 1757 1228 non
1792 1193 1908 1228 solum

138 1250 294 1295 optimis,
314 1263 439 1285 verum
459 1250 568 1285 etiam
586 1250 765 1284 Pastorali
785 1249 901 1284 officio
919 1249 1076 1283 maxime
1094 1248 1353 1283 accommodis“
1369 1261 1376 1289 ;
1402 1248 1439 1281 in
1457 1259 1607 1292 quorum
1625 1259 1772 1281 numero
1790 1248 1911 1292 posuit

141 1304 431 1346 „Catechismum
456 1304 556 1338 Petri
582 1303 734 1339 Canisii“
768 1304 995 1347 (Hartzhez'm
1022 1302 1045 1336 1.
1073 1314 1102 1337 c.
1130 1301 1199 1336 VII
1224 1302 1323 1345 219).

116 1425 270 1468 ,1012
300 1426 376 1460 sive
403 1424 514 1461 litt.
535 1424 636 1470 (7).
679 1423 772 1459 1567.

261 1493 339 1534 Qua
365 1494 503 1526 ratione
528 1493 565 1524 in
592 1492 706 1524 variis
732 1491 886 1534 colleyiz's
913 1491 1096 1524 Societatis
1123 1489 1352 1522 catechismus
1381 1490 1520 1522 Cam‘sz'c'
1546 1489 1742 1532 explicatus
1766 1489 1822 1522 sit.
1866 1489 1910 1521 In

138 1546 248 1578 leuius
273 1546 387 1579 locum
414 1546 553 1589 aliquos
579 1545 826 1578 catechismum
853 1545 892 1578 P.
922 1545 1073 1587 Auyerii
1097 1543 1307 1577 substituere
1332 1543 1489 1576 voluisse.

260 1604 414 1638 Dubium
443 1616 522 1638 esse
548 1616 618 1638 non
653 1606 782 1649 potest,
818 1604 902 1648 quin
931 1603 1122 1637 Societatis
1157 1601 1318 1636 homines
1353 1601 1389 1635 in
1416 1601 1608 1635 Germania
1642 1601 1686 1635 ad
1713 1600 1910 1634 doctrinam

141 1657 373 1692 christianam
402 1657 651 1703 explicandam
689 1657 907 1692 catechismo
935 1656 1068 1691 Canisii
1105 1667 1217 1700 paene
1253 1655 1296 1689 ab
1332 1654 1421 1699 ipsis
1451 1654 1681 1698 collegiorum
1717 1654 1830 1688 initiis
1856 1654 1911 1688 usi

141 1711 237 1746 sint⁴
267 1711 329 1754 (cf.
348 1723 457 1756 supra
476 1724 509 1756 p.
528 1712 628 1755 427).
662 1711 729 1745 Rei
754 1723 826 1745 non
843 1710 1057 1755 probandae,
1085 1709 1149 1743 sed
1174 1708 1409 1742 illustrandae
1432 1708 1550 1751 gratia
1576 1708 1635 1742 hic
1661 1708 1782 1752 aliqua
1800 1719 1909 1752 pono:

262 1765 359 1798 1.1n
385 1766 585 1808 &Cataloyo
620 1764 828 1799 Lectionum
865 1763 1032 1798 Coloniae
1068 1762 1103 1796 in
1139 1761 1329 1806 gymnasio
1364 1761 1473 1795 trium
1508 1773 1720 1795 coronarum
1752 1772 1772 1794 a
1799 1760 1912 1795 Sociis

140 1817 394 1859 habendarum,
424 1820 453 1852 1.
472 1818 687 1852 Novembris
713 1818 801 1852 1567
829 1817 922 1859 dato,
950 1816 1120 1851 edicitur:
1160 1815 1288 1849 Tribus
1315 1814 1491 1849 classibus
1517 1814 1761 1860 superioribus
1787 1814 1912 1848 diebus

140 1871 253 1905 sacris
281 1875 316 1905 et
342 1872 466 1906 diebus
492 1871 645 1906 Veneris
670 1883 775 1905 mane
800 1870 888 1905 hora
915 1871 946 1905 6.
978 1869 1250 1913 ⁷,Catechismus
1276 1868 1389 1912 major
1415 1867 1456 1903 D.
1477 1867 1630 1913 Canisij“
1661 1868 1738 1902 sive
1766 1866 1912 1901 Summa

141 1924 324 1958 doctrinae
344 1924 570 1959 Christianae
597 1925 857 1969 explicabitur;
886 1927 965 1969 post
992 1922 1183 1968 prandium
1210 1921 1297 1955 hora
1321 1922 1355 1956 4.
1379 1924 1568 1965 ⁷‚pergetur
1594 1921 1629 1954 in
1649 1920 1911 1955 Catechismo“.

142 1978 180 2011 In
210 1977 473 2012 Grammatices
499 1978 622 2013 schola
648 1978 832 2022 superiore
859 1978 984 2012 diebus
1003 1976 1156 2010 Veneris
1181 1975 1269 2009 hora
1295 1975 1326 2010 6.
1351 1974 1620 2017 „Catechismus
1646 1974 1910 2019 praelegetuff.

142 2031 182 2065 In
217 2031 366 2076 reliquis
402 2032 539 2066 duabus
574 2032 751 2066 classibus
787 2031 912 2066 diebus
948 2030 1100 2064 Veneris
1134 2029 1221 2063 hora
1257 2031 1288 2063 6.
1327 2028 1614 2071 „Catechismus“
1654 2027 1913 2073 explicabitur3

141 2084 230 2119 hora
258 2086 287 2119 1.
315 2088 397 2130 post
421 2086 607 2120 meridiem
637 2085 892 2130 „disputabunt
917 2084 1008 2118 istae
1036 2084 1126 2117 duae
1146 2082 1291 2118 Classes
1317 2082 1411 2115 inter
1436 2093 1475 2116 se
1502 2081 1689 2125 exigendo,
1716 2081 1913 2116 recitando-

142 2150 211 2183 que
248 2139 444 2173 doctrinam
482 2139 767 2177 Christianan1“;
803 2138 890 2172 hora
916 2138 950 2171 4.
978 2137 1113 2171 Canisii
1143 2135 1414 2179 „catechismus
1449 2146 1583 2180 paruus
1618 2135 1778 2178 legetur“
1812 2134 1913 2178 (Cod.

146 2192 261 2234 „Hist.
289 2204 411 2236 gymn.
438 2195 482 2227 tr.
510 2193 600 2226 cor.“
633 2191 692 2236 [cf.
723 2192 812 2226 Can.
839 2191 854 2224 Ι
881 2189 1055 2234 LIX—Lx]
1083 2190 1107 2224 f.
1136 2189 1338 2232 {mh—97¹¹).

260 2247 292 2280 2.
322 2247 512 2291 „Andreas
538 2243 832 2289 Mayne'nyensis“
860 2244 894 2278 S.
916 2245 948 2278 J.
977 2244 1012 2278 in
1040 2243 1183 2287 collegii
1221 2242 1396 2288 spirensis
1422 2241 1547 2286 primis
1573 2241 1750 2275 *Litteris
1776 2241 1915 2281 annuis,

144 2299 247 2344 Spira
275 2300 329 2333 11.
356 2299 514 2343 Augusti
543 2299 631 2334 1567
660 2298 764 2340 datis,
791 2298 914 2339 refert,
941 2298 1063 2333 Socios
1090 2297 1161 2330 iam
1194 2299 1268 2330 tres
1295 2295 1495 2329 instituisse
1530 2294 1691 2335 scholas;
1729 2295 1765 2328 in
1800 2294 1916 2328 media

144 2352 266 2387 schola
292 2353 466 2397 explicari
493 2354 635 2397 praeter
665 2351 978 2397 „Ethymologiam
1004 2349 1254 2395 Despauterii⁴‘
1286 2351 1323 2383 et
1354 2348 1508 2382 selectas
1535 2347 1716 2382 Ciceronis
1743 2347 1916 2392 epistulas

145 2406 279 2440 Canisii
302 2406 588 2449 „Catechismum
615 2417 768 2450 parvum
788 2404 1087 2445 Catholicorum“,
1115 2404 1151 2437 in
1178 2403 1299 2437 infima
1321 2401 1622 2445 „rudimentorum
1648 2400 1810 2435 libellum
1836 2412 1916 2434 cum

145 2460 307 2494 doctrina
334 2459 582 2500 Christiana“;
619 2458 747 2503 quibus
782 2458 903 2492 verbis
934 2457 1093 2492 Codretti
1124 2456 1327 2501 „Principia
1354 2455 1637 2489 Grammatices“
1666 2454 1800 2488 latinae
1835 2466 1916 2488 cum

146 2512 279 2546 Canisii
314 2513 532 2548 catechismo
567 2512 713 2546 minimo
753 2511 813 2555 (cf.
853 2513 939 2546 Can.
968 2511 1018 2545 IV
1054 2511 1159 2553 1025)
1198 2509 1394 2553 significari
1429 2511 1516 2553 puto
1552 2509 1613 2551 (ex
1644 2507 1917 2553 Mayningensis

146 2566 278 2600 litteris
305 2566 544 2612 archetypis).

269 2685 275 2703 ¹
304 2684 439 2718 Canisii
469 2685 647 2727 „Parvum
674 2683 941 2719 Catechismum
969 2682 1257 2718 (311131101160111111ιι
1287 2680 1485 2724 significari
1510 2682 1609 2725 puto.

265 2738 276 2756 ‘²
306 2737 359 2771 De
386 2738 452 2772 hoc
480 2750 512 2772 v.
543 2740 631 2772 Can.
658 2738 709 2772 IV
736 2738 817 2772 891.

267 2791 278 2807 ‘²
304 2790 357 2824 De
383 2791 450 2825 hoc
477 2791 662 2835 Heldingii
689 2790 906 2825 catechismo
933 2801 968 2824 v.
1000 2790 1085 2823 Can.
1113 2788 1162 2822 IV
1189 2788 1278 2828 851;
1306 2787 1339 2821 V
1366 2787 1445 2822 825.

268 2846 278 2862 ⁴
312 2843 428 2885 „Nach
457 2844 574 2878 Mainz
600 2844 747 2878 wurden
774 2843 830 2877 die
856 2843 969 2878 Vater
995 2843 1057 2877 der
1084 2841 1329 2877 Gesellschaft
1355 2840 1443 2874 Jesu
1476 2840 1523 2873 im
1552 2839 1662 2873 Jahre
1691 2839 1777 2873 1561
1808 2837 1919 2871 durch

150 2894 361 2930 Erzbischof
385 2896 511 2931 Daniel
538 2898 699 2938 berufen,
726 2898 797 2931 und
825 2908 864 2931 es
889 2897 938 2930 ist
963 2908 1028 2940 gar
1063 2895 1163 2930 nicht
1198 2907 1240 2929 zu
1266 2893 1440 2933 zweifeln‚
1477 2891 1547 2927 dass
1583 2893 1645 2926 der
1671 2891 1919 2926 Catechismus

150 2947 246 2981 Petri
275 2948 407 2982 Canisii
432 2949 514 2983 bald
541 2950 594 2984 als
617 2950 806 2985 Lehrbuch
832 2950 867 2983 in
886 2949 1004 2983 Mainz
1030 2948 1229 2992 gebraucht
1254 2947 1386 2981 wurde.
1422 2946 1509 2980 Eine
1535 2945 1680 2979 hierauf
1702 2943 1911 2988 beziigliche

149 3000 388 3044 Verordnung
414 3001 559 3042 konnte‚
586 3003 807 3046 ungeachtet
831 3001 997 3046 fleissiger
1015 3001 1327 3043 Nachforschung.
1354 2999 1454 3034 nicht
1472 2998 1714 3042 aufgefunden
1733 2997 1894 3031 werden“
1912 3009 1918 3029 :

153 3054 282 3088 Christ.
312 3055 497 3098 Moufany,
524 3056 589 3089 Die
616 3056 776 3090 Mainzer
802 3055 1070 3097 Katechismen,
1098 3055 1218 3089 Mainz
1246 3053 1347 3094 1877,
1376 3053 1430 3087 73.
