2044 3335
624 87 792 130 Augusta
810 87 916 123 Vind.
936 89 967 123 4.
989 87 1210 133 Septembris
1231 87 1333 122 1568.
1775 91 1859 131 217

91 204 215 246 Nunc
255 204 299 246 in
339 204 414 248 illa
456 205 621 259 primaa
662 205 738 247 vix
780 206 863 248 duo
905 209 982 249 aut
1022 209 1113 249 tres
1146 205 1214 260 (vt
1246 206 1436 248 Rector1
1468 204 1636 257 scribit)
1669 209 1861 256 manent,

89 269 250 311 abeunt
282 269 394 311 enim
428 270 515 323 alij,
549 270 621 311 vbi
643 270 925 313 Rhetoricum
959 271 1149 314 studium
1184 270 1314 324 alibjb
1345 270 1470 313 finire
1495 270 1676 324 possint,
1711 284 1862 323 quam-

90 347 217 386 quam
260 348 355 375 cum
398 348 478 387 ego
511 334 569 376 ibi
604 349 757 381 essem,
800 336 876 377 vix
907 336 950 378 in
983 336 1234 378 vniuersum
1270 337 1309 379 7.
1342 336 1582 390 numerauj,
1625 337 1753 378 tanta
1795 339 1863 378 est

87 397 143 439 ibi
175 398 336 441 raritas
369 402 665 451 externorum,
700 403 826 442 taceo
850 401 902 442 de
924 401 1006 455 locj
1032 404 1077 443 et
1099 400 1212 442 aeris
1235 400 1591 443 incommoditate
1613 402 1705 442 tum
1730 401 1861 443 etiam

87 477 285 505 annonae
326 464 525 508 caritate.
590 465 716 507 Hanc
758 466 812 507 ob
855 480 1031 508 causam
1074 465 1285 508 voluisset
1318 465 1481 508 Rector
1516 466 1673 508 tollere
1706 479 1862 508 nomen

88 527 239 571 classis
273 528 532 572 Rhetoricae
575 532 618 572 et
651 530 840 573 retinere
871 533 1042 573 tantum
1077 545 1154 585 pro
1187 544 1403 585 suprema,
1447 531 1631 572 classem
1664 530 1862 573 humani-

87 593 214 635 tatis:
249 607 330 646 ego
362 594 494 645 suasi,
529 597 578 637 vt
600 595 779 637 Patrem
812 599 1008 638 nostrum
1043 596 1095 637 de
1128 595 1209 637 hac
1242 595 1486 638 mutatione
1511 595 1783 647 informaret,
1818 599 1862 638 et

86 671 340 711 responsum
387 661 688 713 expectaret2.
752 660 894 702 Velim
928 663 1075 702 autem
1108 663 1157 702 vt
1190 660 1324 702 Pater
1354 662 1504 703 noster
1545 663 1771 710 annueret,
1813 664 1863 704 vt

87 722 323 765 Rhetorica
364 724 517 766 classis
557 724 789 767 tolleretur
830 728 875 767 et
916 725 1123 779 probaret
1165 739 1413 779 supremam
1447 725 1631 767 classem
1664 725 1862 768 humani-

85 787 204 831 tatis,
246 789 322 830 sed
354 803 611 844 responsum
644 792 762 832 esset
802 791 1126 841 maturandum,
1169 804 1270 832 nam
1304 789 1420 832 circa
1453 789 1494 832 S.
1528 791 1702 832 Lucae3
1734 793 1863 833 erunt

86 853 326 895 studiorum
367 855 689 897 renouationes.
754 855 909 897 Posset
954 855 1086 897 etiam
1127 855 1232 897 mihi
1273 855 1540 909 responderi,
1584 855 1620 897 si
1661 855 1861 898 Hectoris

85 917 336 962 informatio
369 919 512 961 isthuc
545 920 631 962 cito
663 934 750 961 non
783 920 965 963 veniret.

206 984 496 1038 Posteaquam
529 984 658 1027 isthic
692 985 818 1028 adest
851 985 1258 1028 Reuerendissimus
1290 987 1481 1037 noster4,
1521 989 1671 1040 posset
1703 1000 1754 1028 ac
1787 986 1861 1028 de-

85 1049 209 1091 beret
241 1049 352 1092 serio
387 1064 483 1092 cum
516 1064 566 1092 eo
599 1050 781 1092 tractari
816 1050 868 1092 de
901 1050 1157 1093 fundatione
1181 1050 1360 1105 Collegij
1384 1051 1630 1106 Dilinganj:
1663 1051 1861 1105 profecto

84 1114 200 1156 clare
231 1114 315 1157 iste
337 1114 605 1169 Bibliopola⁰
639 1118 684 1157 et
709 1115 965 1157 Scholaresd
998 1115 1244 1169 Augustani
1279 1116 1429 1159 dicunt
1461 1117 1575 1169 quod
1608 1131 1693 1158 non
1727 1116 1860 1158 simus

83 1179 181 1221 illos
228 1179 419 1234 habiturj
467 1181 596 1222 valde
644 1180 857 1235 propitios
904 1184 1005 1235 post
1052 1182 1216 1224 obitum
1261 1181 1546 1225 Mercatorise
1590 1181 1705 1224 illius
1748 1182 1862 1226 etc,5

86 1244 143 1287 Et
181 1244 286 1288 licet
317 1245 725 1288 Reuerendissimus
766 1246 942 1288 inuocet
975 1247 1208 1288 Caesarem
1241 1250 1285 1290 et
1317 1249 1514 1289 nostrum
1549 1248 1743 1289 Ducem6
1776 1250 1858 1290 etc,

85 1310 443 1353 considerandum
489 1314 638 1354 tamen
681 1311 810 1354 isthic
853 1312 937 1354 erit
982 1312 1083 1365 quid
1116 1312 1394 1367 sperandum,
1439 1313 1540 1366 quid
1581 1313 1860 1355 metuendum

84 1375 207 1418 nobis
238 1376 309 1419 sit.
373 1377 411 1418 A
438 1376 633 1419 Dom0f⁷
665 1377 754 1418 Jlla
786 1377 846 1419 nil
879 1377 1003 1420 nobis
1036 1378 1313 1432 sperandum,
1347 1379 1533 1421 multum
1565 1378 1859 1421 metuendum.

84 1441 228 1496 Turpe
245 1441 362 1484 foret
379 1442 413 1484 si
431 1441 550 1484 illinc
567 1442 840 1496 pelleremur.
881 1442 1060 1485 Vtinam
1077 1443 1426 1486 transferrentur
1442 1443 1581 1497 nostrj
1599 1443 1861 1498 Augustam,

85 1520 180 1549 cum
211 1506 287 1549 illa
319 1507 536 1562 speranda
569 1521 647 1549 sua
680 1507 949 1558 fundatione,
984 1507 1099 1550 forte
1132 1523 1217 1551 non
1250 1509 1454 1552 deessent
1487 1509 1559 1562 qui
1592 1509 1861 1551 commodam

85 1571 258 1614 domum
290 1572 471 1615 darentg
502 1573 573 1614 vel
607 1573 739 1615 etiam
774 1572 1078 1615 aedificarent:
1113 1573 1194 1615 hoc
1215 1574 1462 1617 Mercatore
1488 1574 1604 1625 viuo,
1639 1574 1863 1616 commode

84 1639 246 1680 etcum
270 1637 456 1680 honoreh
488 1638 569 1680 hoc
601 1638 739 1681 fieret.
778 1639 898 1680 Bone
921 1639 1053 1690 Deus,
1086 1653 1238 1692 parum
1272 1639 1458 1682 facimus
1490 1639 1533 1681 in
1566 1639 1651 1682 isto
1684 1639 1858 1693 angulo.

203 1703 319 1746 Saxo
334 1703 596 1757 Marquitius
619 1704 752 1746 habet
774 1703 972 1746 mirabile
999 1704 1204 1758 sigillum,
1230 1719 1313 1758 quo
1338 1705 1392 1747 ad
1415 1704 1582 1748 bertasi
1606 1703 1667 1760 [P]
1683 1706 1699 1732 8
1721 1705 1861 1747 vtitur

85 1770 129 1811 et
160 1768 305 1810 nescio
339 1782 447 1821 quos
480 1769 612 1811 alios:
646 1769 753 1812 haec
786 1770 927 1812 scribo
961 1770 1004 1811 in
1038 1773 1207 1812 secreto
1222 1771 1249 1812 9.

203 1844 230 1876 a)
250 1844 321 1869 Vide
341 1844 436 1876 infra,
462 1845 531 1869 adn.
552 1847 575 1870 2.
670 1844 699 1877 b)
728 1845 789 1870 Hoc
811 1853 832 1869 0.
854 1845 889 1869 ab
910 1846 946 1869 H.
966 1853 1061 1877 supra
1082 1853 1197 1871 versum
1217 1846 1360 1877 scriptum
1384 1849 1435 1871 est.
1527 1845 1554 1877 c)
1576 1844 1606 1877 d)
1627 1846 1655 1877 e)
1676 1846 1745 1871 Viae
1768 1845 1860 1876 infra,

83 1885 151 1909 adn.
166 1886 191 1910 5.
278 1885 305 1916 s)
326 1886 397 1911 Vide
419 1887 511 1917 infra,
532 1887 601 1911 adn.
622 1888 647 1911 7.
733 1887 763 1918 g)
789 1887 860 1911 Tria
883 1895 923 1911 rc.
943 1894 1002 1918 sqq.
1023 1887 1055 1911 ἰἰι
1074 1887 1209 1919 maryine
1230 1887 1335 1912 addita
1355 1891 1432 1912 sunt.
1522 1886 1553 1917 h)
1574 1888 1702 1919 Sequens
1722 1895 1746 1912 v.
1766 1888 1801 1912 ab
1822 1887 1859 1911 H.

83 1934 176 1958 supra
197 1934 313 1952 versum
332 1928 474 1959 scriptum
494 1931 545 1953 est.
628 1927 649 1959 i)
671 1928 737 1960 Sic,·
757 1930 793 1959 cf.
814 1928 909 1959 infra,
929 1929 997 1953 adn.
1018 1930 1044 1953 S.

207 2023 216 2042 ¹
243 2023 282 2057 P.
310 2022 481 2058 Nicolaus
508 2022 675 2058 Lanoius.
823 2024 836 2044 2
862 2025 1041 2058 Polancus
1066 2024 1102 2058 in
1129 2023 1342 2068 *marginez
1374 2024 1494 2067 „resti,
1521 2036 1559 2058 se
1586 2024 1790 2068 vogliano“.

205 2077 218 2096 ³
245 2076 348 2110 Circa
376 2077 408 2111 d.
438 2077 491 2111 18.
520 2076 698 2111 Octobris.
846 2079 859 2097 4
887 2077 1091 2112 Cardinalis
1117 2077 1329 2112 Truchsess.

203 2130 216 2149 ⁵
242 2131 421 2164 Polancus
455 2142 565 2176 supra
590 2130 743 2165 verbum
773 2130 1014 2176 „Bibliopola“
1046 2131 1222 2176 *scripsit
1253 2131 1465 2174 „decanus“,
1503 2134 1539 2166 et
1573 2143 1684 2176 supra
1710 2130 1860 2165 verbum

87 2182 317 2226 „Scholares“
347 2183 512 2229 scripsit:
545 2183 770 2227 τ,01111011101“,
798 2186 834 2218 et
860 2185 971 2219 verbo
998 2184 1252 2227 „Mercatoris“
1283 2185 1487 2230 inscripsit:
1518 2184 1740 2228 „Praelati“;
1769 2184 1861 2218 unde

85 2236 325 2280 cognoscitur,
361 2237 550 2271 Hoffaeum
576 2237 834 2272 secretioribus
859 2237 959 2272 hisce
986 2238 1107 2272 verbis
1135 2238 1434 2283 Christophorum
1461 2238 1503 2272 de
1530 2238 1714 2284 Freyberg
1741 2237 1861 2272 cathe-

84 2290 194 2324 dralis
212 2290 361 2335 capituli
385 2291 579 2334 augustani
606 2290 793 2333 decanum,
821 2291 980 2326 eiusdem
1008 2291 1158 2337 capituli
1185 2292 1386 2333 canonicos,
1413 2292 1633 2326 cardinalem
1660 2291 1861 2326 Truchsess

84 2343 320 2387 significasse.

205 2397 217 2416 ⁶
242 2397 531 2431 Maximilianum
559 2397 603 2431 II.
632 2399 668 2431 et
694 2397 882 2432 Albertum
902 2397 945 2432 V.

204 2451 216 2470 ⁷
243 2451 422 2484 Polamus
448 2462 558 2496 supra
584 2451 651 2485 hoc
678 2451 828 2485 verbum
855 2451 1002 2497 scripsit
1032 2451 1248 2496 „capItulo“.

205 2505 218 2524 ⁸
244 2504 426 2546 Hoffaeus,
461 2504 556 2539 sicut
590 2506 781 2539 canonicos
808 2507 916 2540 vocat
945 2505 1171 2547 „scholares“
1205 2505 1255 2548 (v.
1283 2516 1404 2549 supra,
1441 2505 1521 2539 adn.
1550 2504 1601 2548 5),
1638 2504 1687 2539 ita
1724 2506 1760 2538 et
1794 2504 1862 2539 hoc

84 2557 161 2591 loco
189 2559 225 2592 et
251 2557 337 2592 alibi
359 2557 523 2600 „beatas“
555 2558 632 2592 sive
660 2558 836 2592 foeminas
863 2560 1036 2603 pietatem
1056 2558 1292 2602 singulariter
1310 2558 1468 2592 colentes
1489 2558 1550 2601 (cf.
1570 2570 1679 2603 supra
1706 2570 1739 2603 p.
1759 2558 1859 2602 215⁵)

85 2613 191 2645 vocat
222 2610 382 2653 „bertas“
416 2611 465 2654 (v.
493 2611 599 2652 infra,
635 2623 689 2657 ep.
717 2624 752 2646 n.
781 2611 910 2653 1621);
948 2614 988 2646 ut
1014 2612 1190 2646 Helenam
1216 2612 1379 2655 reginam
1411 2614 1480 2647 etc.
1507 2612 1546 2646 P.
1575 2612 1744 2646 Ioannem
1770 2611 1862 2646 Mer-

85 2664 238 2708 quitium
263 2676 436 2699 saxonem
466 2664 516 2709 (v.
544 2676 654 2710 supra
680 2677 713 2710 p.
741 2665 802 2709 83)
832 2664 1001 2699 Canisius
1027 2664 1230 2710 Oeniponte
1255 2677 1380 2700 secum
1406 2665 1557 2700 Romam
1583 2665 1796 2708 adduxerat,
1823 2667 1864 2700 ut

86 2718 163 2752 eius
187 2729 306 2752 mores
332 2718 629 2759 emendarentur;
658 2729 691 2752 ν.
720 2718 824 2759 infra,
851 2730 944 2752 mon.
972 2718 1012 2753 it.
1043 2719 1108 2762 (6).

205 2772 218 2791 ⁹
244 2771 296 2805 De
323 2771 518 2815 Merquitio
545 2773 580 2806 S.
609 2773 831 2806 Franciseus
856 2773 1012 2815 Boryias
1047 2773 1118 2806 iam
1155 2773 1186 2807 6.
1214 2772 1295 2806 Iulii
1324 2772 1415 2808 1568
1452 2772 1585 2807 Lanoio
1610 2773 1742 2807 rectori
1769 2772 1863 2807 oeni-

86 2826 241 2869 pontano
268 2825 511 2870 *scripserat:
553 2824 652 2867 „Non
678 2826 709 2859 si
735 2825 880 2868 giudica
907 2825 1127 2870 espediente,
1166 2826 1298 2860 habbia
1324 2828 1453 2870 questa
1480 2826 1802 2861 communicatione
1829 2826 1863 2860 di

85 2877 224 2919 lettere,
260 2889 326 2912 con
357 2878 474 2922 quelle
501 2879 630 2913 deuote
658 2879 692 2913 di
719 2878 875 2923 palazzo,
912 2890 931 2912 e
957 2890 996 2913 se
1023 2879 1209 2914 accadessi
1236 2878 1357 2924 parlar
1383 2878 1497 2913 anche
1524 2879 1596 2914 alla
1622 2879 1762 2924 Regina
1788 2880 1863 2914 Ma—

87 2930 225 2973 dalena,
261 2931 359 2966 accio
395 2933 449 2966 sia
485 2933 547 2977 11111
582 2932 755 2977 impedita
791 2935 921 2976 questa
957 2932 1282 2967 communicatione
1319 2932 1354 2967 di
1389 2933 1528 2975 lettere,
1565 2944 1631 2968 con
1658 2933 1785 2968 crediti
1820 2933 1863 2967 de

86 2983 216 3028 pigliar
243 2984 367 3019 danari
394 2986 521 3029 quanti
547 2997 664 3027 uorra,
692 2997 792 3020 come
819 2985 1050 3027 intendiamo,
1077 2985 1101 3020 li
1128 2986 1199 3020 han
1227 2986 1310 3020 dato
1336 2998 1399 3031 per
1425 2988 1553 3032 troppo
1580 2986 1729 3029 charita,
1768 2986 1864 3021 saria

86 3036 154 3071 ben
189 3037 246 3071 far
271 3037 323 3072 tal
350 3038 469 3073 officio
496 3038 633 3073 benche
669 3039 703 3073 di
730 3041 802 3084 qua
829 3040 859 3073 si
887 3050 995 3073 usara
1022 3039 1131 3074 etiam
1158 3039 1348 3084 diligentia
1382 3052 1446 3085 per
1471 3039 1493 3074 Γ
1509 3040 1668 3081 auenire,
1702 3041 1801 3075 accio
1827 3040 1862 3074 in

87 3093 214 3135 questa
241 3093 277 3125 et
302 3091 339 3125 in
364 3092 447 3135 ogni
473 3091 569 3126 altra
597 3104 680 3127 cosa
706 3094 737 3127 si
764 3093 871 3127 aiuti⁶⁴
905 3093 967 3136 (ex
993 3104 1117 3138 apogr.
1146 3093 1258 3128 eiusd.
1285 3096 1415 3139 temp.;
1444 3093 1564 3129 Germ.
1585 3095 1628 3129 67
1656 3094 1681 3128 f.
1702 3094 1814 3137 160²).
