2044 3335
128 103 133 108 .
168 78 250 118 174
332 75 433 110 1566.
462 76 500 110 Ρ.
521 76 655 110 Paulus
681 76 852 111 Hoffaeus
879 77 963 112 Can.
1018 77 1119 112 1567.
1147 78 1232 112 Can.
1251 77 1291 113 P.
1309 78 1386 114 Nic.
1406 79 1549 114 Lanoio.
1593 81 1624 116 9.
1642 81 1750 116 Mart.
1773 81 1872 117 1568.

162 195 427 248 praepositas
455 195 730 248 provincialis
752 208 806 237 ni.
834 196 1024 248 Aayusto
1049 209 1088 237 a.
1113 195 1240 249 1567,
1273 197 1439 238 Lanoio
1465 199 1604 251 invito,
1629 198 1677 240 P.
1703 199 1930 254 Georyium

165 259 360 312 Crispmn
401 260 606 312 pecunias
647 260 835 313 colliyere
878 261 1062 301 iusserat
1105 258 1166 312 [v.
1207 275 1342 315 supra
1377 276 1421 316 p.
1457 264 1506 315 6,
1554 267 1588 303 et
1634 263 1775 317 infra,
1820 278 1929 306 rnon.

163 337 249 364 oen.
284 322 407 375 (2)].·
454 323 542 372 „De
581 323 753 377 fabrica
796 329 933 365 autem
976 329 1012 366 et
1055 326 1221 366 collecta
1254 327 1313 366 sic
1345 327 1539 368 instituta
1572 329 1632 368 sic
1664 329 1722 369 acl
1753 342 1816 370 nie
1851 328 1928 369 Ca-

161 388 301 429 lendis
335 388 491 442 Martij
530 389 700 443 scripsit
732 389 782 430 P.
818 389 1120 432 Prouincialis.
1186 389 1434 432 Gaudemus
1475 390 1645 433 feruere
1687 391 1853 433 animos
1886 392 1929 433 in

161 452 324 505 templo
366 454 513 494 vestro
556 453 859 507 amplificando
902 456 946 496 et
987 454 1214 496 collectam
1257 468 1452 497 crescere
1490 470 1568 510 per
1600 456 1646 498 Ρ.
1682 456 1927 510 Georgium,

161 516 281 557 cuius
322 516 495 559 interim
537 517 794 571 patientiam
835 518 1031 560 nonnulli
1073 518 1262 562 fortasse
1304 520 1622 571 exercitabunt,
1668 522 1744 563 aut
1785 520 1929 563 verbis

161 583 237 622 aut
269 581 438 624 factiS.“

160 716 314 753 1566.
412 717 473 754 P.
501 718 769 756 PAULUS
803 719 1172 757 HOFFAEUS
1200 720 1253 757 S.
1273 721 1327 758 J.
1357 722 1571 757 Germaniae
1605 723 1800 768 superioris
1835 724 1927 758 vice-

350 772 583 816 provincialis
610 772 812 808 CANISIO.

683 826 873 861 Monachio
900 829 1056 862 exeunte
1082 827 1185 862 Febr.
1212 828 1272 862 vel
1299 828 1404 873 paulo
1431 830 1513 874 post
1538 828 1616 863 init.
1635 828 1755 863 Martii
1780 829 1881 864 1568.

278 888 333 922 Ex
360 888 499 923 Hoffaei
526 890 570 924 ad
597 890 765 934 Borgiam
793 891 959 936 epistulis
986 892 1232 937 autographis.
1284 892 1326 927 G.
1354 893 1417 938 Ep.
1444 893 1495 927 IX
1521 893 1545 927 f.
1575 893 1659 928 169ει
1687 894 1779 928 170³.

280 961 464 1004 Hoffaens,
491 972 568 994 eum
597 962 788 995 Monacln'o
813 965 870 996 20.
897 963 1096 996 Februarii
1121 965 1215 996 1568
1240 964 1288 996 ad
1314 964 1350 997 S.
1375 964 1612 997 Franciscmn
1630 965 1801 1007 Boi-qiam
1821 975 1930 1007 prae—

158 1014 314 1056 positum
353 1015 551 1057 yeneralem
590 1015 631 1047 de
662 1017 873 1057 provinciae
908 1017 1012 1049 rebus
1046 1027 1088 1049 ac
1123 1018 1276 1049 maxime
1310 1018 1351 1049 de
1386 1018 1554 1050 domuum
1579 1018 1804 1060 sinyularum
1831 1018 1926 1059 diffi-

162 1067 350 1100 enantibus
375 1069 573 1110 rettulisset,
599 1068 684 1101 haee
710 1069 872 1102 addidit:
907 1070 1029 1113 „Quae
1055 1074 1170 1102 autem
1196 1070 1251 1103 his
1277 1070 1550 1112 difficultatibus
1574 1071 1730 1103 remedia
1765 1070 1928 1103 adhiberi

156 1121 307 1163 possint,
343 1122 384 1154 dc
416 1121 480 1153 hoc
515 1132 573 1164 eyo
607 1123 765 1155 nondam
801 1122 909 1156 habeo
945 1124 1170 1165 eoyitationes
1199 1124 1287 1156 satis
1312 1124 1484 1166 diqestas:
1517 1124 1685 1166 diyeram,
1718 1127 1748 1156 et
1773 1124 1811 1157 P.
1840 1123 1926 1156 Pro·

163 1175 317 1207 uine-sali
336 1185 538 1217 proponam
565 1185 606 1207 ac
631 1179 705 1208 tam
731 1176 817 1218 quid
842 1177 979 1219 rtrique
1005 1181 1163 1210 nostrum
1190 1177 1354 1209 videatur
1378 1177 1426 1209 ad
1452 1177 1491 1210 P.
1510 1177 1547 1210 V.
1568 1177 1801 1219 perscribam.
1844 1177 1925 1210 Non

164 1228 320 1270 intelliyo
352 1229 439 1261 satis
474 1239 600 1261 sclusas
634 1239 700 1262 cur
724 1229 808 1261 haec
833 1229 1033 1262 Prom'ncia
1053 1241 1148 1272 prae
1174 1230 1334 1263 omnibus
1365 1230 1529 1263 videatur
1564 1241 1633 1263 esse
1667 1231 1928 1272 afflictissima:

163 1282 222 1313 sed
248 1283 351 1314 etiam
378 1282 419 1314 de
444 1281 507 1315 hoc
533 1280 659 1314 attasf‘
696 1284 749 1315 Ac
767 1282 957 1315 Monac-laio
986 1285 1039 1316 17.
1061 1283 1190 1316 Martii
1217 1285 1308 1316 1568
1334 1284 1508 1326 Hoffaens
1534 1284 1688 1326 Borgyiae
1713 1284 1754 1316 de
1784 1283 1926 1316 Ganisio

164 1335 353 1377 (Dilinyae
370 1336 527 1377 deyente)
546 1336 709 1377 scripsit:
728 1336 891 1379 „Scripsi
911 1337 948 1369 P.
968 1336 1194 1370 Proainciali
1211 1347 1321 1370 meanz
1340 1337 1614 1379 speealatz'onem
1633 1337 1675 1369 de
1692 1338 1830 1370 ratione
1848 1347 1926 1370 con—

161 1387 303 1420 sulendi
320 1388 580 1421 necessitatibus
596 1388 724 1421 horam
747 1389 977 1432 Colleyiormn
990 1401 1002 1422 .·
1026 1390 1058 1422 is
1080 1390 1239 1423 nondam
1257 1391 1451 1432 respondit,
1471 1393 1503 1422 rt
1521 1390 1562 1422 de
1579 1390 1759 1433 vtriusqae
1776 1401 1818 1422 ac
1838 1390 1924 1423 Con.-

161 1441 387 1474 siliariorum
404 1443 573 1474 sententia
592 1443 750 1475 nondum
768 1443 979 1486 respondere
990 1445 1127 1486 possim
1145 1444 1193 1476 vti
1209 1454 1261 1476 me
1276 1443 1462 1485 factarum
1479 1443 1666 1485 sperabam
1684 1443 1749 1476 leae
1772 1440 1876 1476 rice.“

164 1566 313 1603 1567.
430 1568 647 1609 CANISIUS
689 1567 752 1604 P.
787 1567 1089 1605 NICOLAO
1134 1567 1392 1605 LANOIO
1434 1568 1487 1605 S.
1516 1568 1570 1605 J.
1613 1570 1742 1604 rectori
1784 1569 1926 1614 collegii

352 1622 590 1666 oenipontani.
1399 1622 1545 1666 Dilinga
1572 1623 1603 1657 9.
1623 1623 1743 1657 Martii
1774 1623 1876 1658 1568.

281 1685 336 1719 Ex
362 1685 485 1720 Lanoii
512 1685 746 1731 autographo.
799 1685 841 1721 Gr.
868 1686 932 1731 Ep.
960 1686 1010 1720 IX
1036 1687 1062 1721 f.
1091 1687 1184 1721 135³.

282 1751 334 1784 De
360 1753 495 1794 neyotio
521 1752 863 1785 archiducissarmn.
914 1753 967 1785 De
992 1753 1116 1795 templo
1142 1752 1406 1794 amplificando.

281 1823 472 1864 Lanoizis
505 1823 732 1877 Oeniponte
764 1826 803 1866 1.
828 1825 996 1879 Aprilis
1022 1825 1138 1865 1568
1170 1824 1228 1865 ad
1250 1824 1455 1878 Borqiam
1484 1826 1770 1878 praepositum
1800 1837 1922 1877 yene—

164 1889 294 1929 ralem
340 1889 520 1929 rettulit:
560 1890 729 1930 Allatas
771 1889 853 1930 sibi
899 1903 983 1930 esse
1023 1891 1186 1931 litteras
1227 1903 1253 1929 a
1285 1889 1446 1943 Borqia
1489 1889 1541 1929 (le
1583 1890 1741 1943 neyotio
1783 1888 1923 1929 archi-

165 1953 433 1994 ducissarum
466 1951 521 2003 (υ.
556 1967 688 2008 supra
718 1969 761 2008 p.
788 1954 893 2006 154)
928 1955 987 1995 aa'
1022 1954 1344 1995 Ferdinandunz
1370 1954 1428 1996 II.
1459 1954 1611 2005 datas;
1643 1953 1754 1994 lianc
1786 1957 1922 1994 autem

164 2018 390 2072 Oeniponte
433 2017 620 2071 abfuisse
632 2034 648 2071 ;
686 2020 847 2060 interea
882 2033 924 2061 se
958 2034 1008 2060 ex
1043 2020 1214 2060 Canisio
1242 2020 1483 2073 praeposito
1514 2018 1767 2073 provinciali
1799 2032 1922 2072 quae-

158 2084 315 2136 sivisse,
349 2088 492 2124 utrum
524 2084 686 2125 litterae
715 2085 917 2138 principi,
951 2085 1024 2126 ubi
1042 2085 1230 2138 primum
1254 2085 1289 2125 is
1311 2085 1500 2137 redisset,
1534 2083 1770 2125 tradendae
1792 2088 1924 2124 essent

158 2162 214 2189 an
249 2149 586 2203 exspectandum,
621 2150 749 2190 donec
781 2150 838 2190 ad
861 2149 1064 2204 Borqiarn
1097 2149 1340 2190 accuratius
1371 2150 1574 2203 scriptum
1610 2153 1722 2190 esset.
1775 2147 1922 2200 „Nono

157 2212 320 2254 autem“
358 2213 425 2254 die
457 2228 509 2255 on.
534 2214 690 2255 Martii
718 2215 804 2266 „ad
826 2229 888 2255 me
910 2216 1092 2268 scripsit,
1129 2215 1173 2255 in
1201 2214 1302 2255 llaec
1324 2213 1461 2255 verba.
1507 2213 1644 2255 Venio
1668 2212 1722 2255 ad
1745 2225 1917 2254 causam

154 2277 448 2331 principalem.
502 2277 607 2319 Cum
639 2278 837 2332 Principe
868 2278 972 2319 nihil
1005 2278 1282 2320 tractandum
1314 2280 1419 2331 puto
1452 2277 1741 2320 Reuerentiae
1764 2277 1810 2319 Τ.
1835 2276 1915 2317 nisi

155 2341 346 2396 acceptis
390 2355 445 2383 ex
489 2343 595 2384 vrbe
641 2342 779 2385 literis
823 2357 934 2396 quae
977 2343 1029 2384 de
1070 2342 1240 2384 ratione
1281 2343 1498 2395 tractandj
1542 2342 1746 2384 maiorem
1779 2342 1918 2382 lucem

154 2407 404 2459 praebeant.
468 2407 582 2449 Nam
624 2407 775 2461 scripsi
819 2410 921 2450 ante
963 2407 1055 2449 dies
1092 2409 1144 2449 14
1186 2406 1297 2459 [etc.,
1331 2413 1377 2449 ut
1414 2421 1546 2463 supra
1586 2422 1627 2462 p.
1663 2406 1773 2459 169]
1818 2407 1920 2448 haec

158 2473 267 2513 ille..
296 2506 337 2513 ..
402 2473 458 2514 Et
499 2487 652 2514 rursus
683 2473 803 2528 jdem
848 2476 901 2515 ..9.
946 2474 1133 2514 eiusdem
1174 2475 1234 2514 ita
1277 2473 1434 2515 scribit.
1498 2471 1594 2513 Non
1637 2473 1784 2525 potest
1815 2470 1918 2512 mihi

156 2550 239 2576 non
271 2550 366 2578 esse
397 2539 572 2589 gratum
605 2538 717 2590 quod
750 2537 863 2591 apud
895 2551 972 2579 vos
1005 2539 1205 2579 Domus
1236 2537 1364 2579 Dei1
1403 2537 1599 2579 fautores
1639 2535 1841 2577 liberales
1873 2538 1918 2576 et

156 2600 375 2643 ministros
416 2601 645 2655 diligentes
687 2602 847 2645 habeat
887 2603 1019 2645 etiam
1058 2603 1092 2643 si
1127 2601 1272 2655 aliqua
1303 2615 1405 2656 pars
1438 2600 1599 2643 veteris
1631 2600 1804 2654 hospitij
1837 2599 1916 2641 mi—

156 2666 326 2707 nuatur.
360 2668 419 2707 sic
450 2668 556 2708 ille.“

272 2745 519 2780 Ferdinandus
553 2746 598 2780 Il.
633 2746 809 2780 archidux
844 2748 875 2781 6.
911 2747 1096 2781 Februarii
1135 2747 1224 2782 1568
1259 2746 1432 2781 ecclesiae
1468 2745 1609 2789 collegii
1643 2744 1917 2790 amplificandae

156 2796 218 2839 (cf.
254 2808 372 2841 supra,
409 2810 461 2842 ep.
488 2811 522 2833 n.
552 2799 658 2843 1565)
696 2800 812 2834 locum
839 2800 889 2833 ita
916 2800 1181 2844 designaverat,
1217 2802 1257 2834 ut
1291 2810 1439 2833 necesse
1471 2801 1568 2832 esset
1600 2797 1915 2843 septentrionalem

154 2848 295 2892 collegii
318 2851 395 2883 sive
414 2852 548 2885 veteris
566 2852 663 2886 illius
681 2852 934 2886 valetudinarii
962 2852 1122 2887 caesarei
1149 2852 1211 2896 (cf.
1234 2852 1390 2886 Can.111
1418 2852 1484 2885 166
1511 2851 1595 2894 698)
1624 2852 1762 2896 partem
1781 2850 1916 2884 destrui

156 2902 331 2941 (Lecliner
357 2903 379 2937 l.
399 2904 461 2937 c.I
492 2904 563 2947 12).
615 2904 770 2939 Lanoius
796 2917 881 2940 vero
916 2908 1026 2949 atque
1053 2906 1160 2939 etiam
1189 2905 1263 2950 ipse
1291 2904 1457 2939 Canisius
1483 2906 1707 2948 optaverant,
1734 2906 1773 2937 ut
1798 2903 1914 2937 mode-

155 2955 265 2988 ratior
292 2956 465 2999 quaedam
493 2956 703 2991 aedificandi
731 2958 820 2991 ratio
846 2958 1112 2999 institueretur3
1142 2970 1175 2992 V.
1202 2958 1306 2999 infra,
1332 2969 1425 2992 mon.
1452 2969 1528 2991 oen.
1559 2957 1624 3001 (2).

281 3062 290 3080 ¹
316 3061 370 3095 Gn
399 3062 454 3100 28,
484 3063 525 3095 17
553 3062 608 3096 2‘2.
658 3063 715 3096 los
742 3064 774 3104 9,
801 3063 856 3098 23.
908 3064 928 3097 2
954 3063 1025 3098 Par
1052 3064 1084 3106 3,
1111 3064 1142 3098 3.
1193 3063 1247 3097 Mt
1275 3063 1328 3104 12,
1354 3065 1386 3097 4.
1438 3063 1496 3097 Mc
1523 3063 1554 3104 2,
1582 3063 1626 3097 26
1652 3065 1719 3096 etc.
