2044 3335
480 101 574 136 Mon.
602 102 671 136 964
696 100 772 135 sive
799 101 837 135 it.
860 100 951 145 (17).
993 100 1038 141 2„
1066 100 1108 139 3„
1137 100 1168 133 6.
1190 98 1355 133 Octobris
1383 98 1484 132 1568.
1777 97 1861 138 589

103 222 395 274 imperatorem
418 221 549 273 Zeyato
573 218 627 270 (o.
652 230 797 272 supra,
816 231 923 259 mou.
948 217 1068 270 962),
1101 217 1270 271 scripsit
1293 216 1425 257 Roma
1448 217 1489 257 2.
1519 213 1704 255 Octobris
1727 214 1867 254 1568.-

102 284 149 325 L'
167 283 340 336 Agente
372 283 424 324 de
447 283 499 324 V.
524 283 565 325 S.
590 281 887 324 Illustrissima
919 281 974 322 ha
1004 281 1151 323 uoluto
1183 280 1408 322 intendere
1441 278 1511 320 dal
1534 278 1579 320 P.
1604 278 1655 320 D.
1680 277 1863 327 Canisio,

102 352 148 390 et
189 349 243 390 da
284 362 364 397 me,
409 347 475 389 chi
517 347 755 389 sarebbeno
790 346 870 388 atti
912 346 954 387 in
987 345 1158 387 Vienna
1194 359 1271 398 per
1303 348 1427 399 poter
1458 343 1702 385 seruirsene
1734 342 1787 384 V.
1822 341 1863 384 S.

101 413 401 455 Illustrissima
434 412 502 454 del
534 426 663 466 parer
694 412 798 460 loro,
842 411 1012 464 quando
1044 411 1074 451 li
1106 409 1290 464 piacessi
1324 408 1566 458 ricercarlo,
1601 410 1646 449 et
1678 407 1718 448 di
1751 407 1865 449 fore-

102 478 225 520 stieri
256 492 340 519 non
368 491 580 531 cognosco
604 477 715 519 altro
749 477 789 517 di
825 475 891 517 chi
923 475 1087 529 potessi
1119 475 1198 516 dar
1220 473 1446 526 raguaglio
1480 487 1559 514 con
1593 472 1776 526 qualche
1808 471 1865 513 si-

105 545 228 585 curta
260 557 306 584 se
339 557 420 583 non
455 542 522 583 del
546 543 705 584 Dottor
726 541 915 583 Martino
938 539 1206 592 Esengrenio
1224 541 1251 589 1,
1286 539 1443 592 perche
1476 538 1617 590 quello
1652 550 1864 590 cognosco

101 622 289 662 persona
322 607 363 649 di
396 607 528 649 molte
559 607 667 648 bone
700 605 886 659 qualita;
922 605 1073 647 dentro
1107 604 1219 646 della
1250 602 1514 657 Compagnia
1546 605 1697 644 nostra
1730 603 1788 643 ad
1820 602 1867 643 id

103 678 223 727 aptos
275 687 356 714 esse
404 673 452 714 P.
502 672 741 714 Emericum
790 671 1033 712 Forslerum
1080 671 1238 723 colleyii
1284 668 1608 710 'vindobonensis
1656 671 1866 719 rectorem,

106 738 154 780 Ρ.
187 739 465 779 Adalbertum
498 735 735 789 [Bauzech
780 737 827 778 Ρ.
863 736 1138 777 Frauciscum
1173 735 1356 775 Antonio
1394 733 1683 787 „predicatore
1714 733 1757 772 in
1793 746 1867 786 pa-

105 804 235 855 lazw,
270 806 289 845 e
311 805 428 844 assai
447 808 569 856 qrato
592 803 677 844 alla
700 800 1040 855 Jmpe7·atrice“;
1072 800 1119 841 P.
1144 799 1427 840 Laurentium
1452 798 1640 852 Maqium
1666 798 1868 837 Austriae

103 870 388 922 praepositum
417 868 718 922 provincialem
743 868 1008 920 aptissimum
1031 865 1196 920 quidem
1229 864 1324 916 fore
1346 864 1405 905 ad
1436 863 1698 904 cardinalem
1722 863 1868 902 iuvan-

107 934 231 985 dum,
276 934 350 974 sed
391 934 436 974 iu
481 933 659 974 Polom'a
701 933 859 985 deqere.
926 930 1153 972 Cardinalz'
1192 944 1272 984 per
1314 929 1582 983 Oeuipoutem
1628 928 1868 967 trausemzti

106 998 154 1039 P.
188 998 409 1039 Nicolaum
442 997 655 1038 Lauoium
690 998 827 1038 dicere
856 1011 977 1051 posse
1012 997 1099 1048 „cio
1132 995 1201 1036 che
1239 993 1414 1049 sapra“.
1461 994 1661 1035 Cauisius
1694 993 1866 1033 seorsim

99 1064 371 1117 procuratori
405 1063 705 1104 Commendoui
736 1062 1001 1116 respondisse
1033 1062 1211 1102 videtur.

105 1176 213 1213 964
238 1178 316 1212 sive
344 1177 405 1213 it.
426 1177 554 1223 (17).
629 1178 675 1222 2.,
702 1177 746 1222 3.,
775 1178 807 1213 6.
828 1176 996 1213 Octobris
1022 1176 1116 1213 1568.

224 1237 279 1271 Ex
314 1238 520 1282 apographo
555 1238 678 1271 eodem
714 1250 826 1282 paene
861 1240 1018 1282 tempore
1053 1238 1088 1271 in
1124 1236 1273 1279 collegio
1305 1235 1495 1270 Societatis
1530 1233 1803 1277 ingolstadiensi
1831 1232 1867 1276 (a

107 1291 146 1325 P.
173 1290 385 1325 lVendelino
412 1291 526 1325 Volck
538 1292 571 1334 2³)
601 1292 744 1335 scripto.
781 1292 926 1335 Antiqu.
957 1292 1030 1334 Ing.
1058 1291 1330 1326 121042—1052.
1381 1290 1482 1323 Actis
1518 1289 1658 1333 copiose
1693 1299 1780 1321 usus
1813 1290 1868 1321 est

107 1344 313 1387 Sacc-hirtus,
341 1344 434 1378 Hist.
461 1344 495 1379 S.
516 1345 548 1378 J.
577 1345 636 1385 Ill,
663 1344 684 1378 l.
704 1346 735 1385 4,
762 1357 795 1379 n.
819 1345 1014 1379 123—127.

225 1405 316 1437 Acta
336 1405 478 1447 primae
504 1406 808 1447 „conyreyatassonis
828 1402 1143 1447 procuratorzmz“.
1193 1403 1360 1437 Nomina.
1413 1402 1656 1445 „Supplentur
1681 1398 1866 1442 defectus.“

108 1457 283 1491 Canise'us.
337 1457 569 1491 Precatioues.
620 1459 727 1491 Ratio
754 1456 1093 1502 „informationum‘¹
1122 1457 1378 1500 capiendarmn
1405 1461 1432 1488 et
1468 1456 1728 1498 suffraye'orum
1753 1455 1868 1496 feren-

106 1511 244 1544 dorum.
296 1511 496 1553 Definitur:
524 1512 832 1554 Conyreyationem
856 1513 1053 1554 yeneralem
1080 1522 1149 1544 non
1176 1522 1245 1544 esse
1270 1510 1476 1543 hahendam.

329 1573 443 1614 Acta
474 1572 516 1614 in
550 1572 896 1625 Congregatione
928 1572 1068 1626 prima
1101 1572 1434 1613 Procuratorum
1467 1569 1645 1618 Rornae,

747 1637 825 1679 An.
859 1637 930 1679 M.
951 1638 988 1679 D
1008 1671 1016 1680 .
1036 1636 1230 1680 LXVIII.

226 1701 389 1744 Romae
423 1704 469 1744 2³}
501 1702 569 1744 die
600 1702 760 1744 mensis
794 1703 994 1745 Octobris
1026 1703 1107 1745 An.
1142 1701 1314 1743 Domini
1358 1701 1483 1743 1568.
1518 1699 1561 1741 in
1594 1700 1730 1740 Domo
1764 1697 1869 1739 Pro-

107 1767 224 1809 fessa
269 1767 499 1810 Societatis
547 1772 841 1811 conuenerunt
888 1767 1131 1810 Reuerendi
1176 1767 1331 1810 Patres
1379 1766 1433 1808 ad
1477 1763 1869 1817 Congregationem

110 1833 443 1876 Procuratorum
476 1834 701 1876 conuocati
734 1834 858 1876 iuxta
881 1835 1112 1876 Decretum
1147 1834 1288 1875 2411111111
1311 1834 1373 1873 2³5³
1396 1829 1747 1884 congregationis
1762 1830 1791 1879 2,
1826 1831 1869 1870 et

109 1898 325 1949 sederunt,
358 1899 560 1941 videlicet
582 1900 627 1943 P.
653 1899 931 1942 Euerhardus
947 1901 963 1927 3
986 1899 1221 1949 Assistens,
1257 1901 1300 1941 et
1323 1897 1521 1939 Minister
1544 1897 1718 1945 Domus,
1743 1908 1866 1947 quem

110 1963 155 2005 P.
180 1963 233 2006 N.
259 1964 482 2006 Generalis
498 1966 526 2015 4,
561 1969 739 2019 propter
770 1965 1066 2007 infirmitatem
1101 1965 1361 2005 decumbens
1393 1962 1435 2004 in
1458 1976 1582 2004 suum
1605 1961 1745 2002 locum
1769 1960 1869 2001 sub-

106 2028 265 2079 stituit,
299 2029 346 2072 P.
380 2029 604 2071 Mironus5
637 2033 681 2073 et
714 2031 760 2074 P.
794 2030 1057 2072 Benedictus
1089 2029 1294 2077 Palmius,
1328 2029 1621 2076 Assistentes;
1663 2026 1866 2067 Procura-

110 2097 228 2136 tores
260 2108 363 2135 uero
397 2095 734 2146 Prouinciarum,
770 2096 971 2138 videlicet
1004 2096 1050 2139 Ρ.
1074 2095 1230 2137 Petrus
1253 2093 1448 2136 Canisius
1481 2093 1744 2134 Procurator
1767 2090 1872 2132 Ger-

113 2159 281 2201 maniae
319 2159 559 2214 Superioris
590 2195 598 2203 .
628 2161 673 2203 P.
709 2161 980 2203 Grouiernus.6
1027 2161 1289 2204 Procurator
1326 2157 1581 2200 Prouinciae
1614 2157 1872 2199 Toletanae:

114 2224 159 2266 Ρ.
184 2224 394 2277 Georgius
427 2225 670 2267 Serranus7
719 2227 981 2268 Procurator
1020 2225 1293 2268 Lusitaniae:
1337 2225 1382 2267 P.
1407 2224 1563 2266 Petrus
1603 2222 1654 2264 de
1688 2221 1874 2262 Ribade-

112 2303 248 2343 neyra
296 2290 558 2333 Procurator
598 2292 820 2334 Romanae
862 2292 1137 2334 Prouinciae:
1181 2291 1226 2333 P.
1264 2289 1441 2332 Fuluius
1480 2287 1717 2330 Androtius
1769 2286 1874 2327 Pro-

110 2357 290 2397 curator
331 2355 637 2398 Lombardiae:
684 2357 731 2400 P.
774 2357 944 2411 Gaspar
984 2357 1267 2399 Fernandez8
1318 2355 1583 2396 Procurator
1626 2351 1875 2407 prouinciae

235 2455 245 2474 ¹
270 2454 482 2498 Eisengrein
516 2455 753 2490 Maximiliani
780 2456 825 2490 II.
859 2458 989 2499 rogatu
1024 2455 1243 2499 Ingolstadio
1278 2466 1324 2489 m.
1361 2454 1524 2496 Augusto
1560 2463 1590 2486 a.
1620 2450 1710 2485 1568
1745 2450 1876 2484 Vindo-

113 2507 240 2541 bonam
259 2509 595 2552 transmigraverat,
621 2512 660 2544 ut
679 2510 934 2544 contionatoris
957 2509 1063 2543 aulici
1082 2509 1175 2554 apud
1194 2508 1311 2553 ipsum
1329 2518 1476 2541 munere
1494 2505 1706 2548 fungeretur
1727 2503 1878 2547 (Plieyer

120 2561 143 2595 1.
171 2573 200 2595 c.
227 2562 301 2605 59).

234 2615 247 2635 ²
274 2615 506 2658 significatur
536 2617 826 2660 Conyreqationis
860 2616 1039 2659 generalis
1065 2615 1262 2655 secundae,
1298 2626 1329 2648 a.
1355 2614 1445 2648 1565
1473 2613 1606 2646 Rornae
1631 2611 1785 2652 habitae,
1820 2610 1878 2644 de-

114 2669 251 2702 cretum
277 2668 376 2710 illud,
404 2670 494 2713 quod
524 2670 558 2703 in
585 2670 676 2704 actis
703 2671 779 2703 eius
806 2681 913 2703 manu
939 2669 1084 2714 scriptis
1111 2680 1257 2702 numero
1282 2668 1350 2707 24„
1377 2668 1412 2700 in
1439 2678 1584 2710 corpore
1611 2669 1731 2698 autem
1759 2664 1878 2698 decre-

113 2724 230 2755 torum
257 2722 356 2767 typis
382 2724 563 2768 exscripto
590 2735 622 2757 n.
644 2724 687 2757 19
712 2724 895 2766 signatum
922 2726 992 2757 est:
1021 2724 1187 2761 Cavetur,
1219 2733 1281 2763 „ne
1307 2720 1421 2754 ullum
1447 2722 1585 2753 certum
1611 2722 1752 2762 teinpus
1778 2728 1878 2762 prae-

112 2774 310 2809 scribatur“
342 2778 612 2820 congregationi
639 2776 798 2820 generali
824 2775 1027 2815 habendae;
1068 2775 1150 2817 „sed
1176 2775 1282 2809 tertio
1309 2785 1450 2818 quoque
1476 2784 1568 2806 anno
1593 2771 1742 2805 veniant
1770 2769 1878 2804 simul

114 2838 160 2862 ex
195 2828 359 2863 omnibus
385 2830 585 2864 Provinciis
612 2830 877 2870 Procuratores,
907 2832 1024 2864 ...et
1049 2828 1206 2862 habeant
1241 2828 1297 2861 ius
1331 2826 1495 2870 suffragii
1529 2825 1636 2859 simul
1673 2836 1752 2859 cum
1780 2824 1879 2858 Assi-

115 2882 294 2916 stentibus
320 2885 357 2917 et
381 2883 458 2928 ipso
477 2883 516 2917 Ρ.
536 2883 713 2923 Generali,
741 2883 801 2927 qui
820 2883 887 2916 duo
914 2883 1087 2925 suffragia
1105 2886 1142 2916 et
1167 2881 1378 2926 qualitatem
1397 2879 1631 2925 praecedendi
1650 2877 1808 2919 habebit,
1834 2878 1877 2911 ad

114 2935 397 2971 decernendum:
425 2949 470 2971 an
489 2938 568 2980 cogi
595 2937 723 2970 debeat
742 2936 981 2979 Congregatio
1000 2935 1189 2979 generalis,
1215 2946 1281 2969 nec
1298 2936 1362 2969 ne“
1388 2935 1607 2977 (Instinctam
1627 2932 1660 2967 S.
1677 2932 1710 2966 J.
1730 2931 1762 2965 lI
1783 2930 1879 2974 199).

235 2991 247 3008 ³
272 2990 531 3024 Mercurianus.
677 2993 689 3009 4
716 2989 749 3024 S.
769 2990 982 3023 Franciscus
1010 2990 1170 3033 Borgias.
1316 2989 1329 3008 ⁵
1354 2987 1504 3022 Iacobus
1533 2985 1721 3031 (Didacus)
1751 2985 1878 3019 Miron.

234 3043 247 3063 ⁶
273 3043 427 3077 Michael
454 3043 641 3078 Gobierno.
786 3044 798 3063 7
825 3043 987 3078 Serrano.

236 3097 248 3117 ⁸
277 3096 438 3142 „Gaspar
464 3097 734 3131 Hernandius‘:
763 3098 959 3131 Saccleinus
985 3096 1005 3130 l.
1033 3107 1061 3130 c.
1089 3108 1121 3130 n.
1152 3096 1229 3130 127.
