2044 3335
750 97 936 142 Herbipoli
961 98 994 132 3.
1012 97 1098 132 Maii
1126 97 1227 132 1570.
1784 96 1867 139 407

100 213 275 255 clesiam
307 213 586 264 redundaret,
624 214 848 268 nostrique
881 214 996 257 ciues
1029 228 1186 256 nouam
1219 213 1342 267 quasi
1374 214 1513 255 lucem
1546 211 1628 254 sibi
1660 212 1870 266 affulgere

100 278 339 328 crederent,
382 292 468 331 qua
500 281 803 333 corruptarum
846 279 1173 333 persuasionum
1212 279 1419 321 tenebrae
1453 277 1750 320 efficacissime
1783 276 1870 318 dis-

99 344 378 397 pellerentur.

216 407 376 458 Quem²
417 408 516 451 dum
561 408 615 450 ad
657 409 927 462 prouinciam
969 408 1036 461 (ut
1069 407 1229 461 dicitis)
1271 423 1395 451 suam
1426 408 1656 462 impotenti
1688 406 1868 461 imperio

98 473 153 515 ad
176 473 443 526 quorundam
467 473 772 527 suggestiones
794 474 1030 524 retrahitis,
1057 474 1158 527 quid
1180 474 1298 515 aliud
1321 487 1450 527 quam
1473 487 1496 515 e
1519 473 1659 515 medio
1683 472 1869 514 sanctis-

96 538 302 580 simarum
336 538 554 581 actionum
587 553 714 580 cursu
755 539 895 593 ipsum
936 541 1238 581 transuersum
1279 539 1424 592 agitis,
1468 552 1631 591 nosque
1672 538 1868 579 laborum

97 606 141 646 et
172 607 420 658 sumptuum
463 607 710 646 nostrorum
755 603 1160 658 expectationisque
1192 603 1338 646 fructu
1372 606 1523 657 optato
1566 602 1743 653 orbatis,
1786 602 1866 644 nisi

95 668 500 711 commentitia'illa
532 668 857 711 Prouinciarum
896 669 1129 723 descriptio
1170 668 1306 723 pluris
1340 669 1454 722 apud
1496 681 1574 710 uos
1616 670 1694 718 est,
1737 681 1866 721 quam

94 733 221 775 huius
253 734 475 776 Ecclesiae
507 734 625 776 salus
659 736 703 776 et
734 734 992 785 aedificatio,
1029 736 1266 788 nostraque
1299 733 1561 788 expectatio,
1625 733 1752 781 Sane,
1787 732 1867 775 nisi

92 797 235 852 pietas
269 802 313 841 et
344 798 576 853 integritas
609 802 759 841 vestra
790 799 896 840 mihi
926 799 1195 854 perspectior
1228 802 1357 849 esset,
1391 798 1638 852 suspicarer
1669 797 1865 850 equidem

93 863 204 904 bono
238 878 291 905 an
325 865 440 906 malo
482 863 625 906 studio
658 865 796 915 fieret,
840 868 889 907 vt
921 865 957 906 si
991 864 1085 918 quis
1127 864 1210 906 huc
1244 878 1267 906 e
1299 863 1459 907 uestris
1492 862 1675 913 uenerit,
1718 865 1866 905 nostro

92 927 248 971 iudicio
290 929 500 983 probatus
540 928 749 982 nobisque
791 932 946 982 gratus
987 933 1031 973 et
1070 932 1288 984 acceptus,
1332 929 1453 971 illum
1494 928 1645 970 statim
1686 941 1712 969 a
1744 927 1867 969 nobis

93 993 433 1036 abstrahendum
468 993 697 1044 censeatis,
731 995 1090 1047 quemadmodum
1115 1009 1210 1037 cum
1233 995 1281 1037 P.
1299 994 1489 1036 Martino
1524 996 1568 1036 et
1589 1006 1727 1048 nuper
1759 992 1866 1034 adeo

93 1072 187 1100 cum
218 1059 265 1102 P.
289 1058 526 1102 Benedicto
559 1059 725 1101 factum
758 1061 825 1101 est
840 1061 868 1102 1.
922 1060 1064 1110 Quare
1097 1060 1211 1113 quod
1243 1059 1354 1102 lianc
1387 1059 1615 1109 laetitiam,
1650 1072 1779 1111 quam
1812 1071 1867 1100 ex

91 1138 131 1177 p.
155 1124 345 1167 Martino
369 1124 574 1178 cepimus,
608 1124 791 1166 solidam
823 1139 918 1167 esse
950 1125 1069 1180 passi
1101 1139 1188 1167 non
1221 1125 1339 1176 estis,
1376 1125 1489 1179 quod
1521 1124 1645 1166 nobis
1676 1123 1864 1166 fructum

90 1189 252 1231 laboris
285 1192 329 1232 et
351 1192 614 1244 sumptuum,
650 1191 698 1232 ut
721 1189 838 1232 ciues
871 1193 1058 1242 nostros,
1092 1190 1415 1234 Lutheranismi
1447 1189 1656 1245 pestifera
1678 1189 1749 1231 lue
1772 1202 1866 1231 cor-

90 1257 253 1308 reptos,
296 1255 350 1297 ad
383 1254 682 1297 sinceritatem
716 1255 957 1298 catholicae
989 1255 1230 1310 Religionis
1271 1257 1499 1298 traductos
1532 1269 1617 1297 non
1650 1254 1866 1309 aspicere-

89 1334 197 1371 mus,
230 1319 461 1371 inuidistis,
496 1320 608 1373 quod
642 1327 694 1362 ea
727 1334 837 1374 quae
870 1321 945 1363 uix
979 1321 1246 1373 coaluerant,
1287 1321 1350 1365 ita
1381 1325 1548 1364 temere
1582 1319 1864 1363 conuellenda

88 1385 291 1439 putastis.
336 1385 457 1436 Quod
491 1385 668 1428 uixdum
700 1386 926 1428 nascentia
958 1387 1036 1428 sub
1070 1386 1149 1429 hoc
1183 1387 1302 1429 coelo
1336 1387 1601 1429 christianae
1624 1385 1865 1428 catholicae

89 1449 328 1504 Religionis
369 1465 394 1493 a
436 1451 482 1495 P.
506 1450 697 1493 Martino
739 1451 920 1505 sparsab
961 1452 1128 1494 semina
1170 1452 1476 1506 proculcastis,
1519 1451 1710 1504 nihilque
1751 1450 1865 1505 apud

87 1529 166 1558 uos
198 1530 349 1570 preces
381 1520 559 1560 nostrae
592 1519 668 1558 aut
700 1517 857 1560 merita
890 1518 1122 1560 ualuerunt
1153 1532 1312 1571 niagno
1345 1518 1541 1573 profecto
1574 1517 1618 1559 in
1642 1516 1790 1558 dolore
1821 1518 1864 1558 et

88 1595 284 1624 moerore
315 1596 556 1633 versamur,
601 1596 729 1635 quem
772 1586 918 1637 auget,
962 1583 1074 1636 quod
1115 1586 1263 1626 uestra
1305 1598 1438 1626 causa
1470 1583 1585 1638 apud
1618 1582 1862 1637 Capitulum

87 1649 283 1689 nostrum
316 1647 524 1702 pudefieri
557 1661 635 1689 nos
667 1661 845 1690 necesse
878 1650 958 1699 est,
993 1649 1106 1702 quod
1129 1649 1493 1700 concionatorem,
1528 1648 1598 1702 qui
1632 1648 1757 1689 huius
1779 1647 1863 1689 Ec-

87 1712 245 1754 clesiae
278 1713 491 1756 auditorio
525 1712 785 1763 satisfaciat,
828 1716 927 1768 post
959 1716 1108 1756 tantos
1141 1717 1339 1769 sumptus
1373 1715 1545 1764 effusos,
1585 1727 1670 1755 non
1702 1713 1863 1755 habea-

87 1791 182 1819 mus
195 1778 225 1820 2.
289 1778 385 1821 Etsi
418 1778 532 1820 enim
565 1778 764 1832 diligenti
805 1782 849 1821 et
881 1780 996 1821 fideli
1030 1794 1162 1834 opera
1195 1780 1386 1822 doctoris
1429 1779 1655 1822 christiani
1687 1778 1861 1829 utimur,

86 1845 234 1885 tamen
277 1843 389 1897 quod
427 1845 554 1886 homo
587 1844 725 1898 Belga
758 1844 884 1886 huius
916 1845 1061 1899 gentis
1093 1845 1331 1888 Francicae
1364 1845 1557 1899 linguam
1590 1847 1746 1887 exacte
1777 1858 1863 1886 non

87 1907 258 1960 calleat,
302 1909 466 1951 minore
500 1909 631 1952 etiam
664 1910 809 1953 fructu
853 1913 897 1953 et
930 1911 1244 1965 approbatione
1278 1911 1572 1953 concionatur.
1636 1910 1696 1952 Vt
1729 1909 1864 1964 igitur

87 1972 278 2016 afflictae
310 1974 436 2017 huius
470 1976 693 2018 Ecclesiae
727 1976 864 2019 statui
898 1976 1164 2027 consulatur,
1208 1980 1342 2030 utque
1374 1976 1546 2031 publice
1579 1978 1623 2018 et
1656 1975 1861 2030 priuatim

86 2052 164 2080 nos
198 2039 456 2093 dignitatem
489 2043 697 2092 nostram,
741 2055 819 2083 uos
852 2041 1087 2085 Societatis
1122 2042 1431 2085 auctoritatem
1465 2045 1509 2084 et
1541 2040 1726 2096 gloriam
1760 2054 1861 2083 con·

85 2104 284 2156 seruetiS,
329 2106 500 2148 omnino
544 2121 569 2148 a
609 2109 655 2148 te
696 2107 1010 2157 contendimus,
1052 2122 1131 2162 pro
1173 2110 1250 2150 tua
1293 2107 1557 2150 auctoritate
1593 2107 1769 2157 efficias,
1814 2109 1861 2149 ut

205 2181 232 2212 a)
255 2182 410 2206 Duodecim
434 2190 476 2206 vr.
496 2190 555 2214 sqq.
575 2183 607 2207 ‘in
627 2183 706 2207 arch.
729 2183 807 2208 linea
827 2184 968 2208 subducta
989 2186 1039 2208 est.
1114 2182 1144 2214 b)
1168 2185 1280 2216 Sarpsa
1300 2192 1347 2216 cry.

209 2290 219 2309 ¹
245 2288 297 2322 De
323 2289 363 2323 P.
384 2289 578 2324 Benedicto
597 2289 787 2324 Kirchhoff
801 2290 1019 2325 cochimensi
1046 2290 1097 2334 (v.
1120 2292 1208 2325 Can.
1223 2290 1256 2325 V
1274 2291 1360 2335 260)
1388 2292 1422 2325 111
1447 2292 1463 2310 *
1479 2291 1646 2334 Cataloyo
1664 2289 1860 2330 Sociorum,

86 2342 148 2387 qui
175 2342 230 2378 30.
251 2341 476 2388 Septembris
496 2344 588 2378 1568
614 2343 650 2377 in
676 2344 863 2389 provincia
881 2343 1041 2378 rhenana
1059 2344 1243 2385 vivebant,
1270 2344 1384 2390 ipsius
1403 2344 1442 2379 P.
1459 2345 1612 2378 Antonii
1629 2343 1741 2377 Vinck
1760 2354 1859 2387 prae-

84 2396 192 2441 positi
227 2395 462 2441 provincialis
496 2408 604 2431 manu
639 2397 785 2443 scripto,
821 2397 911 2432 haec
944 2399 1049 2432 sunt:
1090 2397 1301 2442 „Moguntia
1335 2398 1469 2432 missus
1500 2399 1554 2432 est
1580 2396 1792 2441 herbipolim
1818 2398 1859 2430 vt

84 2449 184 2494 legat
208 2449 401 2484 lectionem
428 2449 667 2494 theologicam
694 2453 816 2496 aptam
842 2451 1090 2486 sacerdotibus
1117 2454 1153 2485 et
1179 2451 1274 2486 clero
1301 2451 1397 2486 illius
1422 2451 1601 2491 Ciuitatis,
1633 2450 1859 2484 exercebitur

84 2503 194 2538 etiam
219 2503 257 2537 in
284 2503 557 2545 concionibus“;
585 2506 621 2538 et
645 2504 682 2538 in
709 2504 869 2539 eiusdem
896 2505 1104 2549 provinciae
1130 2507 1147 2523 ÷÷
1163 2505 1329 2548 Cataloyo
1350 2506 1403 2539 15.
1423 2504 1638 2538 Novembris
1659 2504 1750 2538 1569
1776 2503 1858 2537 dato

85 2557 225 2598 dicitur,
253 2569 334 2591 eum
358 2557 545 2602 Herbipoli
575 2557 766 2600 „lectorem
791 2557 1015 2601 theologia&
1046 2561 1082 2592 et
1107 2559 1367 2592 confessarium
1395 2569 1474 2592 esse
1501 2560 1537 2592 et
1567 2558 1622 2601 „in
1649 2558 1752 2602 pagis
1778 2569 1858 2591 con-

84 2610 261 2651 cionari“;
289 2610 325 2644 in
353 2610 554 2654 *Cataloqo
581 2623 667 2645 vero
696 2611 751 2645 13.
770 2610 979 2646 Decembris
1000 2612 1091 2647 1570
1119 2611 1201 2646 dato
1229 2611 1273 2646 ab
1300 2612 1450 2657 ipsoque
1470 2612 1618 2645 Ve'nckio
1644 2611 1857 2656 provinciali

83 2664 218 2709 scripto
245 2663 435 2699 Kirchhoff
457 2665 571 2709 primo
596 2665 674 2699 loco
709 2665 855 2710 ponitur
889 2665 924 2698 in
959 2665 1116 2699 indiculo
1151 2676 1284 2707 eorum,
1321 2666 1382 2710 qui
1417 2668 1502 2699 sunt
1533 2665 1691 2706 ,dimissi
1717 2676 1763 2699 ex
1789 2664 1858 2699 col-

82 2717 208 2762 legij3;
244 2717 427 2752 habebant
462 2720 548 2752 vota
582 2718 771 2764 simplicia,
807 2730 827 2752 a
861 2718 992 2763 quibus
1027 2719 1170 2753 liberati
1205 2720 1310 2752 sun&
1347 2719 1406 2759 (G.
1435 2718 1472 2753 C.
1501 2719 1544 2753 67
1581 2730 1614 2752 n.
1640 2717 1691 2752 IV
1717 2718 1750 2751 V
1776 2718 1856 2762 VI).

85 2771 139 2805 14.
166 2771 257 2805 Iunii
287 2771 378 2806 1570
413 2783 458 2806 ex
493 2771 645 2816 collegio
681 2772 876 2807 coloniensi
917 2784 1001 2814 ,con
1027 2772 1144 2806 buona
1170 2772 1308 2816 gratia“
1340 2772 1448 2808 abiit:
1485 2772 1682 2806 *macrias
1708 2772 1856 2806 Hoffaeo

85 2823 188 2869 Spira
215 2825 248 2859 9.
267 2825 425 2867 Augusti
455 2825 547 2860 1570
573 2825 633 2869 (ex
660 2827 820 2869 autogr.:
850 2824 892 2860 G.
911 2825 977 2871 Ep.
997 2825 1047 2860 XI
1073 2826 1098 2860 f.
1120 2826 1232 2869 1152).

203 2877 216 2897 ²²
242 2877 367 2922 Neque
393 2878 571 2921 Canisius,
606 2891 723 2924 neque
749 2879 922 2914 Hoffaeus
950 2879 1194 2924 provincialis,
1230 2891 1347 2924 neque
1373 2879 1565 2923 Menginus
1592 2882 1711 2914 rector
1736 2891 1856 2914 mona-

84 2932 202 2966 censis
237 2931 518 2974 desideraverat,
554 2935 594 2967 ut
626 2932 896 2972 Stevordianus,
932 2933 1019 2967 urbe
1055 2932 1240 2978 Herbipoli
1273 2933 1411 2974 relicta,
1447 2933 1483 2967 in
1518 2933 1742 2979 provinciam
1770 2933 1855 2968 Ger-

81 2985 223 3019 maniae
249 2985 445 3030 superioris
470 2986 615 3020 rediret.
667 2987 818 3030 Borgias
845 2998 988 3031 quoque
1014 2987 1242 3032 praepositus
1269 2987 1449 3031 generalis
1476 2999 1567 3028 eum,
1603 2987 1634 3021 si
1670 2999 1732 3032 per
1759 2987 1855 3021 vale-

80 3038 242 3072 tudinem
277 3038 412 3080 liceret‚
449 3039 635 3084 Herbipoli
667 3051 812 3074 manere
839 3040 1005 3075 iusserat.
1057 3040 1138 3085 Ipse
1165 3052 1251 3075 vero
1278 3040 1536 3075 Stevordianus
1562 3041 1644 3075 inde
1670 3040 1855 3075 discedere

81 3092 264 3133 voluerat;
292 3104 325 3127 v.
353 3104 462 3138 supra
489 3105 521 3138 p.
542 3094 622 3128 389.
