2044 3335
166 97 251 139 136
414 96 516 131 1540.
544 95 600 130 Fr.
628 95 780 130 Ioannes
805 94 918 129 Vicus
945 93 1099 129 CanisiO.
1149 93 1294 138 Dilinga
1320 95 1387 129 sub
1416 94 1469 130 10.
1488 94 1573 129 Dec.
1595 95 1698 129 1567.

162 214 257 249 hanc
283 212 427 248 scholae
446 212 675 254 ablationem,
702 215 738 246 et
764 223 865 247 suam
892 214 1080 258 praeterea
1105 212 1142 246 in
1167 211 1234 247 hoc
1254 214 1475 258 apponerent
1493 213 1735 254 autoritatem,
1762 213 1838 248 sine
1866 224 1937 258 qua

164 279 234 302 non
260 268 432 312 putamus
457 266 515 300 hic
542 265 677 310 aliquid
705 277 784 300 esse
811 265 1104 300 immutandum.“

283 336 435 379 Borgias
462 335 606 370 Canisio
633 336 819 381 respondit
847 336 901 370 17.
930 337 965 369 et
993 335 1049 370 28.
1080 334 1200 380 (245³)
1227 336 1385 370 Ianuarii
1412 336 1515 372 1568.

163 462 317 500 1540.
440 462 550 499 ΕΒ.
594 461 895 499 IOANNES
941 461 1145 499 VICUS
1191 462 1245 499 S.
1281 462 1336 499 J.
1380 463 1582 498 rhetoricae
1623 463 1658 498 in
1700 464 1939 499 universitate

353 516 536 559 dilingana
563 516 746 561 professor
771 515 976 551 CANISIO.
1206 516 1352 560 Dilinga
1379 517 1445 551 sub
1475 516 1530 552 10.
1548 516 1756 552 Decembris
1786 518 1887 552 1567.

280 580 336 615 Ex
362 580 483 615 Pisani
511 580 668 626 epistula
694 580 931 626 autographa.
976 579 1018 614 G.
1046 580 1111 625 Ep.
1131 580 1218 614 VIII
1247 581 1273 615 f.
1294 581 1388 616 147³.

280 652 401 695 Neque
420 652 602 695 praefecto
627 652 842 695 studiorum,
870 662 978 694 neque
1004 651 1089 684 aliis
1107 652 1328 694 praepositis
1353 652 1494 695 obsequi
1519 652 1601 685 vult.

282 717 322 751 P.
359 716 564 759 Alphonsus
601 716 758 749 Pisanus
798 716 834 749 S.
864 716 899 749 J.
942 715 1134 758 theologn'ae
1175 716 1214 748 in
1258 716 1486 749 universitate
1523 716 1712 759 dilinyana
1751 716 1938 758 professor

161 770 313 812 Dilinya
351 772 404 802 10.
433 768 635 802 Decembris
663 771 755 802 1567
792 769 876 802 haec
911 769 1046 801 rettulit
1081 769 1123 801 de
1153 768 1296 802 Canisio
1329 770 1535 812 praeposito
1570 768 1790 811 provinciali
1827 773 1857 802 et
1894 769 1937 802 de

161 823 227 856 Fr.
254 824 392 856 Ioanne
417 823 511 865 Vico,
548 823 612 865 qui
645 823 693 854 ad
729 822 767 854 id
800 832 911 865 nsque
945 826 1082 864 tempus
1108 822 1145 854 in
1173 832 1212 854 ea
1237 823 1470 855 universitate
1495 822 1709 854 rhetoricam
1735 822 1937 855 tradiderat

164 877 213 917 (v.
239 886 354 919 supra
374 887 414 918 p.
435 876 498 915 12)
511 887 522 908 .·
559 876 768 919 „Decretum
804 879 862 917 est,
900 879 937 907 ut
971 875 1165 908 discedente
1200 875 1283 907 hinc
1318 875 1358 909 P.
1385 875 1428 908 R.
1450 875 1689 918 prouinciali,
1728 875 1822 918 quod
1855 885 1938 908 cras

162 930 329 971 futurum
353 933 518 972 putatur,
553 939 668 962 secum
694 929 802 961 ducat
828 928 1031 961 Johannem
1058 929 1216 970 Anylum
1242 929 1453 972 Auyustani,
1489 932 1527 961 'ut
1553 928 1604 961 ibi
1630 928 1678 960 ad
1703 932 1837 971 tempus
1861 939 1938 961 ma-

162 986 255 1025 neat,
291 987 321 1015 et
345 982 410 1015 hoc
436 982 617 1025 colieyium
643 981 814 1015 liberetur
849 992 871 1014 a
891 983 1067 1024 periculo,
1104 982 1197 1024 quod
1225 992 1295 1024 per
1321 983 1395 1014 eius
1421 982 1562 1014 modum
1587 981 1803 1024 procedendi
1826 981 1938 1024 patie—

162 1036 296 1069 bantur
313 1036 429 1078 aliqui
445 1036 592 1077 fratres.
629 1035 822 1076 Obfirmato
840 1035 1010 1077 siquidem
1031 1035 1152 1068 animo
1170 1045 1241 1068 nou
1259 1035 1338 1068 uult
1355 1046 1487 1078 parere
1499 1036 1683 1078 praefecto
1700 1035 1903 1068 studiorum
1915 1035 1937 1077 ¹,

163 1093 193 1122 et
218 1089 301 1132 aizjs
326 1089 617 1122 ordinationibus
641 1089 871 1131 superiorum
908 1090 944 1121 in
972 1088 1126 1131 collegio,
1160 1090 1337 1131 quamuis,
1370 1089 1513 1131 quando
1539 1089 1571 1120 ei
1596 1089 1795 1131 imponitur
1813 1088 1939 1130 poeni-

162 1143 284 1185 tentia,
319 1142 466 1175 libenter
492 1153 568 1175 eam
591 1142 693 1185 facit,
728 1142 788 1174 sed
815 1143 865 1174 ita
890 1146 929 1174 *ut
953 1145 1073 1184 postea
1097 1141 1274 1184 ylarietur
1296 1142 1460 1184 ⁸qenerosi
1485 1142 1600 1174 animi
1626 1152 1695 1174 esse
1721 1144 1938 1174 contemnere

157 1196 405 1239 poenitentias.
455 1195 534 1228 Hoc
567 1196 627 1228 sui
652 1195 767 1228 animi
791 1195 936 1236 firmum
957 1196 1184 1237 propositum
1214 1195 1347 1237 scripto
1368 1195 1554 1236 judic-anit
1574 1195 1680 1237 patri
1702 1194 1938 1237 prouinciali,

163 1253 194 1282 et
218 1248 332 1292 verbo,
358 1252 389 1281 et
414 1259 527 1291 opere,
553 1248 688 1281 addens
712 1258 747 1280 se
772 1248 823 1280 ita
849 1248 969 1290 facere
990 1251 1141 1290 propter
1165 1248 1292 1290 Deum,
1319 1259 1418 1291 quem
1444 1248 1558 1281 solum
1583 1248 1710 1280 habeat
1729 1247 1936 1290 Dominum,

163 1306 194 1335 et
219 1312 289 1335 non
316 1312 447 1334 curare
472 1301 629 1334 aliorum
647 1301 802 1343 judicia.
847 1301 1020 1334 Praeerat
1045 1302 1078 1334 is
1103 1301 1208 1334 classi
1233 1299 1476 1335 Rhetoricae.“

282 1371 322 1406 P.
342 1372 584 1405 Uieodoricns
604 1372 771 1405 Cauisius
797 1370 940 1414 collegii
967 1370 1143 1414 dilingani
1169 1373 1288 1405 rector
1314 1370 1348 1405 S.
1368 1371 1395 1404 F
1398 1370 1562 1405 rancisco
1581 1370 1734 1413 Borgiae
1761 1368 1938 1414 *scripsit

163 1424 310 1468 Dilinga
338 1425 391 1459 10.
409 1424 620 1458 Decembris
641 1425 750 1459 1567:
782 1424 911 1466 „Venit
937 1424 982 1458 ad
1008 1424 1075 1458 1100
1102 1423 1303 1467 Collegium
1329 1425 1492 1469 proximo
1519 1423 1627 1458 Junio
1652 1424 1811 1457 Joannes
1824 1422 1937 1457 Vicus

162 1477 305 1522 Anglus
331 1478 432 1525 iussu
458 1477 499 1513 P.
518 1477 768 1518 Prouincialis,
795 1480 985 1522 propterea
1012 1477 1105 1522 quod
1125 1477 1318 1522 Oeniponti
1344 1478 1462 1511 minus
1488 1478 1586 1511 esset
1611 1476 1767 1521 quietus,
1794 1478 1829 1511 et
1855 1487 1937 1510 011111

163 1542 229 1566 suo
254 1531 408 1566 Rectore
435 1532 626 1566 conuenire
651 1542 722 1565 non
748 1533 881 1576 posset.
934 1530 1023 1565 Cum
1049 1533 1170 1565 autem
1197 1530 1440 1565 necessariam
1469 1530 1537 1565 hoc
1562 1530 1639 1564 loco
1665 1529 1937 1574 occupationem

163 1596 234 1619 non
260 1584 422 1626 haberet,
456 1584 579 1619 iussus
613 1587 670 1618 est
696 1584 945 1629 philosophiae
972 1584 1142 1629 priuatim
1169 1595 1314 1629 operam
1341 1584 1437 1626 dare,
1472 1583 1503 1618 si
1529 1583 1623 1618 forte
1650 1583 1685 1617 in
1712 1583 1779 1617 1100
1805 1594 1939 1626 genere

164 1637 325 1682 Collegio
343 1637 450 1683 paulo
468 1639 550 1683 post
567 1638 738 1682 prodesse
755 1639 889 1682 posset.
921 1637 1057 1672 Verum
1083 1637 1259 1682 paulatim
1286 1636 1586 1682 deprehendimus
1612 1636 1714 1670 illum
1732 1635 1938 1671 Auerroiois

164 1690 418 1736 01111110111111102
442 1702 591 1736 prorsus
616 1691 810 1733 addictum,
848 1693 883 1725 et
918 1691 954 1724 in
989 1690 1035 1736 ijs
1068 1690 1319 1736 praedicandis
1345 1691 1536 1725 admodum
1563 1689 1784 1732 diligentem,
1819 1689 1871 1724 ita
1896 1692 1938 1723 vt

163 1744 406 1778 indicaremus
432 1756 503 1778 non
529 1744 733 1786 conuenire,
762 1746 801 1778 vt
827 1743 955 1778 classis
982 1743 1230 1789 philosophica
1255 1743 1319 1778 tali
1346 1744 1489 1787 ingenio
1515 1743 1674 1787 regenda
1699 1743 1933 1777 t1·aderetur.“

164 1795 314 1831 Tradita
331 1797 444 1841 igitur
461 1799 517 1831 est
535 1797 593 1831 Fr.
607 1797 788 1832 Richardo
802 1796 988 1841 Flemingo
1002 1798 1025 1831 ³.
1062 1796 1173 1831 Vicus
1191 1799 1312 1831 autem
1331 1796 1477 1831 scholae
1503 1795 1705 1830 rhetoricae
1731 1796 1938 1840 praefectus

165 1852 231 1884 est.
286 1849 432 1895 „Coepit
458 1852 580 1884 autem
607 1849 642 1884 in
668 1850 738 1885 hac
764 1850 882 1884 classe
908 1861 1017 1893 aegre
1043 1850 1138 1884 ferre
1165 1850 1258 1894 quod
1290 1849 1393 1883 iuxta
1427 1860 1560 1883 morem
1588 1849 1695 1883 huius
1721 1849 1939 1883 Academiae

163 1903 372 1947 praefectus
397 1903 596 1937 studiorum
623 1903 785 1947 exigeret
803 1903 979 1937 rationem
999 1903 1184 1937 absentiae
1211 1914 1232 1937 a
1251 1902 1449 1947 discipulis,
1477 1905 1513 1936 et
1538 1902 1574 1936 in
1593 1902 1760 1946 dyscolos
1779 1901 1937 1936 animad-

163 1958 334 1997 uerteret,
360 1955 483 1990 dicens
508 1955 577 1991 hac
601 1956 741 1991 ratione
767 1956 1061 2001 praeceptoribus
1086 1956 1164 1990 fieri
1190 1955 1369 1997 iniuriam,
1394 1967 1511 1999 neque
1528 1955 1672 2000 plenam
1689 1955 1762 1989 illis
1780 1956 1816 1989 in
1835 1954 1939 1989 disci-

164 2008 269 2053 pulos
303 2008 456 2054 relinqui
491 2009 776 2044 iurisdictionem
812 2012 881 2044 etc.
917 2013 953 2044 et
979 2009 1125 2051 addens,
1161 2021 1201 2044 se
1235 2021 1305 2043 non
1340 2019 1446 2054 posse
1477 2008 1544 2043 hoc
1575 2008 1653 2043 loco
1678 2020 1834 2050 manere,
1869 2007 1939 2042 nisi

165 2061 374 2106 praefectus
409 2062 610 2096 studiorum
646 2074 666 2096 a
701 2074 767 2097 sua
801 2062 926 2097 schola
960 2062 1152 2097 abstineat.
1204 2061 1307 2096 Hanc
1333 2073 1420 2095 vero
1455 2073 1557 2095 suam
1584 2060 1833 2102 tentationem,
1867 2072 1939 2095 non

166 2115 411 2160 superioribus
437 2115 501 2150 sed
526 2115 702 2150 fratribus
728 2116 922 2150 identidem
949 2115 1157 2157 inculcauit,
1193 2115 1343 2149 hortans
1369 2115 1478 2149 etiam
1507 2126 1616 2148 vnum
1651 2126 1697 2148 ex
1731 2116 1938 2159 praecepto-

165 2168 264 2203 ribus
289 2168 383 2214 alijs,
409 2171 451 2203 vt
476 2169 512 2202 in
538 2180 640 2203 suam
668 2169 902 2203 descenderet
920 2169 1150 2203 sententiam.
1251 2169 1404 2203 Jnterim
1424 2167 1607 2213 corporale
1626 2167 1838 2202 exercitium
1856 2169 1941 2212 post

164 2222 300 2257 multas
316 2222 530 2257 monitiones
547 2233 618 2256 non
636 2222 733 2256 fecit.
761 2221 941 2257 Scutellas
957 2233 1037 2256 cum
1052 2233 1234 2256 murmure
1250 2221 1341 2256 lauit
1351 2223 1374 2256 4.
1391 2249 1397 2256 .
1412 2249 1418 2256 .
1432 2249 1439 2256 .
1464 2221 1641 2256 Jniuriam
1658 2248 1665 2255 .
1677 2248 1684 2256 .
1698 2248 1705 2255 .
1720 2220 1789 2255 sibi
1803 2220 1938 2254 factam

288 2343 298 2362 ¹
324 2341 365 2376 P.
403 2341 452 2376 Μ.
492 2341 675 2376 Gerardus
714 2340 914 2381 Pastelius‚
958 2340 1154 2382 „Ministen
1203 2340 1417 2374 Praefectus
1455 2339 1658 2374 scholarum
1697 2341 1734 2373 et
1770 2337 1938 2373 sacelli“:

167 2395 184 2413 ’¹‘
200 2394 389 2438 Cataloyus
414 2394 621 2438 dilinganus
646 2406 693 2429 m.
719 2394 915 2428 Novembri
945 2394 1033 2428 1567
1061 2393 1230 2438 scriptus.

287 2448 300 2468 ‘-'
326 2448 380 2482 De
405 2447 463 2482 his
489 2460 525 2483 v.
550 2459 660 2493 supra
687 2459 720 2492 p.
740 2448 785 2482 60
811 2448 868 2482 67.

289 2501 300 2520 ³
331 2501 397 2543 „M.
416 2501 620 2536 Richardus
637 2500 857 2544 Flemingus,
884 2500 998 2534 lector
1020 2499 1201 2543 logices“:
1232 2499 1265 2543 (²¹³
1278 2501 1479 2543 Cataloqus,
1498 2499 1542 2533 de
1560 2510 1630 2543 quo
1648 2509 1767 2542 supra,
1787 2497 1868 2532 adn.
1890 2497 1938 2541 1).

289 2556 300 2573 ⁴
326 2553 378 2588 De
406 2555 686 2596 „exercitatione
704 2554 917 2599 corporali'‘,
944 2564 1051 2597 quam
1070 2553 1291 2587 valetudinis
1317 2553 1436 2597 gratia
1455 2552 1489 2586 S.
1508 2551 1672 2595 ignatius
1697 2551 1773 2585 fieri
1793 2551 1941 2585 volebat

170 2606 470 2649 (Constitutiones
496 2607 531 2642 S.
557 2608 590 2643 J.
618 2607 656 2642 P.
685 2608 716 2649 3,
743 2619 772 2642 c.
801 2607 832 2648 2,
858 2618 892 2641 n.
918 2607 973 2650 4),
1002 2618 1037 2641 v.
1068 2607 1155 2641 Can.
1175 2605 1207 2640 V
1227 2606 1426 2641 718-720.
1476 2605 1518 2639 In
1547 2604 1701 2647 „Ordine
1728 2604 1886 2638 culinae“
1916 2615 1939 2638 a

167 2659 207 2693 P.
226 2660 446 2703 Hieronymo
463 2661 595 2694 Nataie
621 2660 812 2695 Societatis
830 2660 1019 2694 visitatore
1046 2660 1243 2704 composito
1269 2659 1320 2694 ita
1345 2658 1584 2705 praecipitur:
1614 2657 1722 2700 „Post
1749 2657 1936 2702 prandium

168 2715 205 2746 et
230 2724 387 2754 coenam,
422 2715 608 2748 transacta
634 2714 752 2748 media
785 2713 874 2747 hora
909 2713 1039 2758 prioris
1065 2713 1207 2757 quietis,
1245 2724 1337 2746 vnus
1363 2712 1422 2746 vel
1448 2712 1517 2745 duo
1552 2710 1611 2744 vel
1646 2710 1768 2754 plures
1795 2711 1937 2752 fratres,

168 2767 274 2809 prout
307 2777 396 2810 opus
431 2766 539 2800 fuerit
575 2769 611 2800 et
644 2767 848 2810 frequentia
883 2765 1026 2810 collegii
1061 2766 1229 2811 patietur,
1266 2765 1391 2799 vestiti
1417 2764 1536 2798 saccis
1569 2775 1615 2797 ex
1640 2763 1713 2797 lino
1739 2774 1860 2798 crasso
1892 2763 1938 2797 ab

168 2818 338 2851 anteriori
364 2821 466 2863 parte
492 2831 573 2853 cum
600 2819 762 2861 manicis,
798 2820 1025 2854 destinentur
1059 2819 1103 2853 ad
1130 2818 1304 2853 scutellas
1330 2817 1527 2852 abluendas
1563 2819 1599 2850 et
1625 2816 1743 2850 discos
1779 2819 1859 2857 etc„
1885 2818 1937 2850 at-

169 2882 239 2914 que
264 2870 301 2904 hi
325 2874 510 2906 mutentur
536 2873 611 2906 suis
637 2872 774 2907 diebus.
818 2872 1178 2918 Comprehendantur
1213 2873 1333 2906 autem
1368 2870 1405 2904 in
1429 2870 1486 2904 his
1512 2881 1576 2915 per
1601 2869 1702 2904 vices
1736 2880 1831 2909 suas,
1867 2881 1936 2903 non

168 2923 284 2957 solum
310 2924 527 2965 sacerdotes,
553 2925 616 2958 sed
642 2936 766 2959 omnes
792 2926 900 2959 etiam
924 2924 1140 2970 superiores,
1167 2936 1283 2969 neque
1301 2923 1398 2958 vllus
1417 2922 1642 2963 excludatur,
1668 2921 1737 2956 nisi
1765 2922 1938 2956 011111018-

168 2976 239 3011 bile
265 2977 433 3010 damnum
460 2978 586 3011 afferet
620 2977 709 3011 illud
736 2978 960 3017 exercitium,
996 2990 1042 3012 ex
1077 2979 1301 3023 praescripto
1327 2975 1475 3016 medici;
1512 2975 1579 3010 hoc
1606 2987 1692 3009 vero
1726 2975 1861 3009 facient
1887 2975 1936 3009 di-

168 3029 279 3064 midia
303 3029 422 3064 hora.“
463 3030 635 3064 Attamen
662 3030 754 3064 idem
773 3031 918 3064 Natalis
943 3031 1090 3065 ineunte
1116 3031 1252 3065 a.1567
1279 3031 1315 3064 in
1334 3028 1485 3072 collegio
1503 3029 1713 3072 moguntino
1732 3028 1938 3063 constituit:

174 3082 308 3125 „Debet
333 3082 458 3116 haberi
483 3083 586 3124 ratio,
621 3094 665 3116 ne
692 3083 926 3127 professores,
954 3084 1015 3127 qui
1041 3094 1190 3127 grauem
1217 3085 1253 3117 et
1279 3083 1485 3117 continuam
1509 3081 1645 3116 habent
1670 3081 1939 3127 occupationem
