2044 3335
174 89 257 131 566
828 87 922 121 Mon.
950 87 1018 122 948
1044 87 1122 121 sive
1148 88 1186 122 it.
1209 87 1276 131 (1).

515 203 564 245 R.
590 202 635 245 P.
664 202 1066 258 Vicep1²ouincialj]²
1097 204 1345 257 seligerent,
1380 219 1489 258 quae
1512 207 1658 248 essent
1691 219 1930 260 congrega-

513 266 619 309 tioni
652 267 904 321 prouinciali
936 269 1227 322 proponenda,
1262 283 1373 322 quae
1404 270 1658 324 reijcienda:

575 331 782 374 Omnibus
814 333 1033 387 suffragijs
1066 336 1280 376 statutum
1313 337 1378 376 est
1412 334 1529 376 illum
1564 349 1689 389 posse
1723 335 1835 388 eligi.

892 411 950 452 6¹³1
982 409 1217 453 decretum.

573 478 754 528 Quinam
796 480 858 521 illi
900 480 982 522 duo
1024 480 1217 534 primarij
1251 481 1405 523 Patres
1438 481 1508 533 (de
1543 482 1694 535 quibus
1735 481 1931 536 proximo

515 543 689 586 decreto
721 544 841 586 facta
875 548 941 587 est
973 544 1153 598 mentio)
1186 545 1438 588 uiderentur
1470 547 1668 599 eligendi.

574 608 780 650 Omnibus
813 610 1032 663 suffragijs
1065 610 1343 652 Reuerendus
1376 611 1422 653 P.
1452 611 1498 653 P.
1529 611 1736 661 Canisius,
1771 614 1815 654 et
1847 611 1931 653 Re-

513 673 727 715 uerendus
764 674 806 716 P.
841 674 1047 716 Nicolaus
1080 675 1284 728 Lanoyus
1316 675 1443 717 electi
1477 680 1599 726 sunt,
1642 680 1685 719 et
1717 676 1760 718 in
1792 676 1930 718 locum

514 738 757 780 Reuerendi
775 739 821 781 P.
837 739 882 782 P.
899 739 1070 794 Canisij,
1094 740 1130 781 si
1153 740 1337 792 abesset,
1362 741 1413 783 D.
1434 741 1722 783 Theodoricus
1739 741 1932 784 Canisius

514 803 675 845 Rector
707 803 963 858 Dilinganus
995 805 1203 847 suffectus
1236 807 1316 848 est.

892 876 949 919 7¹²3
981 875 1216 918 decretum.

573 944 776 994 Quisnam
809 946 900 988 dies
939 946 993 987 ad
1035 946 1290 988 electionem
1324 946 1652 989 Procuratoris1
1685 948 1820 990 statui
1859 950 1932 990 de-

513 1009 656 1059 beret;
692 1010 864 1053 Tertius
897 1011 988 1053 dies
1020 1011 1074 1053 ab
1106 1011 1227 1054 initio
1252 1012 1603 1065 congregationis
1626 1015 1693 1056 est
1725 1015 1930 1065 statutus,

513 1076 558 1116 et
590 1075 802 1117 secundus
836 1075 889 1117 ad
922 1076 1272 1118 informationem
1306 1076 1582 1130 capiendamb
1615 1077 1757 1121 datus.

891 1154 948 1196 8¹¹3
982 1153 1215 1195 decretum.

571 1222 811 1265 Possentne
852 1223 1133 1265 Reuerendus
1168 1224 1214 1266 P.
1248 1224 1294 1267 P.
1329 1224 1524 1267 Canisius
1567 1227 1609 1267 et
1650 1225 1932 1268 Reuerendus

512 1288 557 1329 P.
593 1287 753 1329 Paulus
788 1289 993 1330 Hoffaeus
1026 1289 1412 1343 Viceprouincialis
1453 1290 1567 1332 inter
1599 1290 1707 1332 alios
1749 1291 1791 1332 in
1833 1305 1933 1345 pro-

513 1355 757 1394 curatorem
791 1354 905 1407 eligi.

571 1417 771 1459 Pluribus
803 1419 1022 1473 suffragijs
1055 1421 1269 1461 statutum
1303 1422 1370 1462 est
1401 1434 1528 1474 posse
1561 1420 1661 1473 eligi
1675 1421 1704 1464 2.

183 1480 320 1534 Tertij
355 1481 438 1523 diei
576 1482 724 1525 Tertio
756 1482 842 1525 iam
876 1484 943 1526 die
976 1484 1029 1525 ab
1061 1484 1261 1538 incoepta
1302 1485 1661 1538 congregatione,
1704 1488 1933 1539 praesente

214 1545 328 1588 actio
366 1549 409 1589 1²}
514 1547 771 1590 Reuerendo
796 1549 842 1591 P.
866 1549 912 1592 P.
938 1549 1119 1600 Canisio,
1155 1553 1199 1592 et
1222 1550 1476 1591 Reuerendo
1501 1551 1546 1592 P.
1570 1550 1753 1592 Alfonso
1777 1550 1933 1592 Pisano

513 1611 604 1666 (qui
635 1613 758 1655 initio
792 1614 1144 1668 congregationis
1181 1614 1306 1656 iustis
1339 1615 1391 1656 de
1424 1615 1565 1657 causis
1605 1615 1815 1657 interesse
1847 1629 1931 1657 non

512 1677 764 1732 potuerant)
798 1693 893 1720 cum
926 1679 1206 1721 Reuerendus
1229 1680 1360 1722 Pater
1382 1679 1542 1721 Paulus
1574 1680 1782 1722 Hoffaeus
1805 1680 1932 1722 Vice-

512 1743 788 1797 prouincialis
836 1743 1136 1786 Reuerendum
1184 1745 1230 1787 P.
1271 1745 1315 1787 P.
1356 1744 1569 1786 Canisium
1618 1745 1931 1787 Prouincialem

512 1811 726 1861 rogasset,
769 1811 942 1851 essetne
976 1809 1136 1863 aliquid
1170 1809 1222 1851 de
1258 1809 1398 1851 officio
1431 1810 1509 1852 sibi
1544 1813 1784 1865 exceptum,
1820 1811 1932 1863 quod

511 1873 700 1915 fortasse
745 1873 1053 1928 impedimento
1099 1877 1238 1925 esset,
1284 1888 1366 1927 quo
1411 1875 1551 1916 minus
1591 1875 1786 1928 legitima
1831 1890 1932 1917 con-

513 1939 712 1990 gregatio
746 1941 1019 1981 censeretur:

571 2002 691 2044 Nihil
723 2004 894 2046 omnino
923 2018 1018 2046 esse
1043 2004 1323 2046 Reuerendus
1347 2005 1392 2048 P.
1418 2004 1698 2047 Prouincialis
1731 2005 1930 2048 asseruit.

889 2077 947 2118 9¹11
980 2075 1213 2117 decretum.

573 2144 710 2198 Capta
742 2145 827 2186 iam
860 2145 1166 2188 informatione
1199 2146 1251 2187 de
1289 2149 1570 2200 procuratore
1611 2147 1932 2200 substitutoque

513 2209 725 2262 eligendo,
759 2211 956 2263 sequenti
991 2210 1058 2252 die
1090 2225 1167 2264 per
1208 2211 1462 2253 scrutinium
1504 2211 1688 2266 primum
1722 2212 1777 2254 ad
1809 2212 1932 2267 plura

513 2273 748 2317 medietate
788 2275 996 2328 suffragia
1038 2275 1317 2317 Reuerendus
1351 2276 1395 2319 P.
1430 2276 1476 2318 P.
1511 2276 1707 2318 Canisius
1750 2277 1793 2318 in
1829 2277 1932 2319 Pro—

514 2341 759 2381 curatorem
792 2342 858 2381 est
891 2340 1070 2384 electus.

894 2418 946 2459 10
981 2417 1216 2459 decretum.

574 2486 677 2528 Cum
701 2486 981 2528 Reuerendus
1004 2487 1049 2530 P.
1074 2487 1120 2530 P.
1146 2487 1341 2529 Canisius
1374 2488 1537 2530 electus
1565 2488 1827 2531 Procurator
1859 2488 1934 2530 de-

514 2550 783 2592 liberandum
816 2552 1112 2606 proposuisset
1154 2552 1493 2605 congregationi,
1528 2566 1583 2594 an
1615 2552 1826 2595 iudicaret
1858 2567 1933 2594 ne-

291 2630 318 2659 a)
343 2632 419 2660 Quae
439 2632 485 2655 hic
504 2634 530 2655 et
549 2632 631 2662 infra
654 2633 736 2656 uncis
755 2632 910 2663 quadratis
925 2633 1035 2657 inclusa
1050 2637 1127 2664 sunt,
1147 2641 1182 2658 et
1196 2634 1222 2659 B
1235 2635 1369 2665 suppleta
1384 2636 1468 2663 sn›zt;
1489 2641 1524 2658 ea·
1540 2635 1563 2657 A
1579 2633 1653 2657 enim
1667 2634 1730 2664 fere
1744 2636 1933 2658 ecanzcerunt.

172 2668 203 2700 b)
224 2672 283 2695 Hoc
304 2679 326 2696 v.
349 2672 376 2696 in
399 2673 529 2704 margine
550 2673 684 2698 additam
706 2677 755 2699 est.

175 2786 407 2829 contionibus,
443 2789 557 2824 altera
583 2790 638 2824 25.
658 2791 793 2836 Aprilis
819 2791 1002 2835 Herbipoli
1028 2792 1064 2825 in
1091 2791 1243 2825 ecclesia
1270 2791 1479 2834 cathedrali,
1516 2791 1631 2825 altera
1658 2791 1764 2836 paulo
1791 2794 1873 2836 post
1898 2791 1933 2825 in

175 2850 267 2883 pago
294 2841 445 2883 quodam
472 2842 603 2884 habita,
630 2844 873 2885 refutaverat;
900 2856 934 2878 v.
961 2856 1068 2889 supra
1096 2857 1128 2889 p.
1150 2845 1226 2879 184.

297 2894 306 2912 ¹
332 2893 384 2927 De
410 2894 475 2928 hoc
501 2906 648 2930 munere
674 2909 708 2931 v.
736 2909 845 2941 supra
871 2910 903 2942 p.
926 2898 1002 2932 164.

295 2945 307 2964 ²
332 2946 438 2980 Haud
464 2951 570 2990 recte,
596 2949 724 2984 saltem
743 2951 835 2994 quod
863 2951 906 2984 ad
926 2950 1107 2985 Canisium
1125 2952 1266 2991 attinet,
1293 2950 1342 2984 ita
1368 2952 1544 2984 statutum
1572 2962 1650 2984 esse
1669 2949 1933 2984 S.F1·anciscus

176 2996 326 3040 Borgias
352 3000 575 3043 praepositus
610 3003 790 3044 generalis
822 3003 968 3047 eiusque
1004 3004 1216 3038 assistentes
1251 3003 1508 3043 definiverunt;
1546 3015 1580 3037 v.
1607 3015 1715 3048 supra
1742 3015 1774 3048 p.
1805 3003 1871 3037 193
1898 3006 1935 3037 et

176 3050 280 3091 infra,
307 3062 399 3085 mon.
426 3052 464 3086 it.
493 3052 558 3096 (4).
