2044 3335
157 76 241 117 248
383 73 482 108 1609.
512 72 676 107 Canisius
703 71 736 106 S.
757 72 946 106 Francisco
973 70 1137 115 Borgiae.
1189 70 1391 117 Oeniponte
1417 72 1473 107 29.
1492 72 1567 106 Ian.
1588 72 1689 106 1569.

155 190 384 244 Augustae
427 192 471 232 et
510 189 635 230 simul
669 188 940 229 Prouinciam
975 187 1317 231 administrandi.
1380 186 1493 229 Nam
1527 187 1609 229 etsi
1641 187 1919 230 uehementer

158 259 354 310 optarem
388 255 439 296 D.
474 254 668 303 Paulum,
712 253 776 295 uti
817 252 1033 295 foeliciter
1065 253 1220 308 coepit,
1262 252 1324 295 ita
1356 252 1557 306 progredi
1589 252 1632 294 in
1665 253 1918 294 Prouinciae

155 321 281 362 huius
323 317 713 368 administratione,
755 320 902 360 tamen
946 317 1162 360 difficilius
1202 318 1264 360 illi
1305 317 1385 359 hoc
1416 317 1608 359 futurum
1641 317 1780 368 uideo,
1823 332 1918 359 cum

158 385 273 428 absit
295 399 320 426 a
344 383 529 426 caeteris
552 383 754 437 Collegijs
777 383 962 436 longius,
997 386 1041 425 et
1064 398 1147 424 non
1181 383 1317 425 solum
1350 383 1393 424 in
1417 382 1647 433 Cathedra,
1680 382 1755 424 sed
1788 382 1918 425 etiam

155 451 223 492 hic
256 449 369 491 domi
402 449 562 490 habeat
595 448 764 489 abunde
797 448 911 500 quod
943 451 1049 501 agat
1080 448 1122 489 in
1156 449 1236 490 hoc
1269 447 1449 500 collegio
1474 447 1581 489 bene
1604 447 1918 491 constituendo.

157 516 296 567 Cogor
327 514 461 567 igitur
493 513 675 566 quanuis
707 513 883 560 inuitus,
919 513 973 554 ἃᾶ
1000 513 1222 565 antiquum
1255 513 1397 554 redire
1425 526 1592 562 munus,
1627 513 1702 554 sed
1724 515 1773 555 ut
1794 526 1919 566 spero

158 583 201 622 et
224 582 338 634 opto,
371 593 456 620 non
486 578 646 620 diutius
669 591 797 630 quam
822 578 876 620 ad
900 578 1061 631 pascha
1083 592 1230 631 usque.
1270 577 1428 619 Postea
1452 577 1577 627 enim,
1601 577 1637 618 si
1658 577 1919 620 Paternitati

157 645 274 686 Tuae
307 643 507 698 placebit,
542 645 586 685 et
617 643 722 684 mihi
755 643 808 684 ad
842 642 1135 684 centuriarum
1168 643 1375 692 laborem,
1410 645 1453 684 et
1487 643 1536 685 D.
1571 642 1705 684 Paulo
1738 642 1791 684 ad
1815 642 1920 684 Pro-

156 709 324 751 uinciae
355 707 777 751 administrationem
809 707 950 749 redire
983 707 1141 757 licebit,
1176 707 1307 749 misso
1339 707 1538 748 nimirum
1572 707 1680 748 huca
1712 707 1757 750 P.
1785 706 1920 748 Wen-

157 773 324 816 delinob
339 775 353 801 1
375 774 445 815 uel
468 773 565 823 alio,
591 773 663 826 qui
686 773 916 815 Rectorem
939 775 1045 825 agat
1068 772 1312 826 Oeniponti,
1342 771 1384 813 si
1408 772 1640 813 dominus
1664 771 1920 814 uoluerit²

157 842 202 881 et
243 838 445 881 annuerit
486 837 734 880 Paternitas
776 838 869 879 Tua
911 837 1029 879 cuius
1071 837 1270 891 precibus
1311 851 1389 878 nos
1433 838 1477 878 et
1516 839 1690 878 nostros
1734 837 1920 878 maxime

157 904 507 946 commendamus
551 903 602 944 in
648 902 871 945 Christo
916 903 1072 945 JESv
1118 901 1334 944 domino
1377 902 1614 944 nostross.
1692 901 1921 955 Oeniponti

159 971 228 1012 29⁸
262 970 459 1022 JanUaNJ
498 969 625 1011 1569'
1044 1002 1204 1044 Seruus
1236 1002 1279 1043 in
1312 1001 1480 1044 Christo
1514 1002 1559 1044 P.
1594 1001 1801 1044 Canisius.

277 1097 519 1139 Admodum
573 1096 827 1138 Reuerendo
880 1095 924 1137 in
976 1095 1147 1138 Christo
1195 1095 1317 1138 Patri
1366 1093 1640 1150 [Fra]ncisco
1689 1109 1714 1137 a
1761 1093 1923 1147 Borgia

159 1161 458 1217 [Praepos]ito
493 1161 694 1203 Generali
728 1160 960 1204 Societatis
992 1161 1135 1203 JESv.
1258 1161 1435 1203 Romae.

276 1255 378 1289 Misit
396 1254 561 1289 Canisius
579 1254 734 1298 Borgiae
760 1265 832 1288 una
859 1265 938 1288 cum
964 1253 1021 1287 his
1048 1253 1191 1295 litteris,
1217 1255 1258 1287 ut
1283 1264 1328 1287 ex
1354 1253 1443 1298 ipsis
1468 1252 1703 1296 intellegitur,
1731 1251 1923 1297 epistulam

157 1309 324 1352 Augusta
352 1308 406 1342 12.
434 1308 590 1341 Ianuarii
619 1308 709 1342 1569
745 1319 765 1342 a
791 1307 923 1341 Ioanne
950 1307 1116 1350 Fuggero
1146 1306 1202 1350 (ut
1227 1306 1385 1349 videtur)
1424 1307 1596 1351 scriptam
1632 1307 1668 1340 et
1700 1308 1776 1339 tum
1811 1304 1924 1349 ipsius

158 1364 235 1396 tum
255 1361 409 1395 Ursulae
426 1361 614 1404 Fuggerae
640 1372 749 1394 manu
776 1360 1028 1405 subscriptam,
1055 1361 1089 1394 in
1117 1371 1188 1404 qua
1214 1371 1294 1394 cum
1322 1359 1453 1403 Borgia
1478 1359 1567 1393 haec
1594 1359 1920 1393 communicantur:

162 1415 325 1457 ,Literas
351 1414 582 1459 paternitatis
607 1416 751 1448 uestrae
778 1413 864 1447 XIII
883 1413 1061 1458 Septemb.
1090 1413 1225 1447 Romae
1251 1413 1296 1447 ad
1322 1424 1377 1446 me
1393 1412 1564 1446 Vrsulam
1589 1412 1791 1456 Fuggeram
1820 1411 1924 1445 datas

158 1480 239 1502 cuni
266 1468 424 1502 eiusdem
451 1467 642 1502 uberiorib.
669 1467 848 1501 mandatis
877 1467 915 1501 Ρ.
935 1466 1112 1510 Georgius
1133 1466 1361 1501 Schorichius
1388 1466 1431 1500 ad
1457 1477 1522 1500 nos
1547 1465 1706 1510 pertulit.
1733 1465 1924 1508 omniaque

158 1521 227 1556 sibi
253 1520 445 1556 commissa
480 1532 620 1555 summa
655 1521 724 1555 fide
761 1523 797 1555 et
822 1519 1010 1563 diligentia
1036 1520 1213 1565 exposuit.
1265 1519 1401 1561 Quibus
1434 1519 1590 1562 cognitis
1616 1529 1819 1562 quanquam
1854 1516 1924 1561 ipsi

159 1586 239 1609 cum
274 1576 351 1608 tota
385 1573 524 1608 familia
559 1576 595 1608 et
628 1575 770 1608 nomine
806 1574 1053 1618 Fuggerorum
1088 1584 1264 1607 summam
1291 1573 1331 1606 P.
1357 1572 1401 1607 V.
1438 1571 1664 1615 gratificandi
1699 1570 1921 1605 voluntatem

162 1627 369 1668 habeamus,
404 1630 525 1661 tamen
560 1627 766 1662 faciendum
799 1639 869 1661 non
905 1627 1111 1672 putauimus
1137 1628 1176 1660 ut
1202 1626 1295 1660 hanc
1321 1626 1360 1659 P.
1379 1625 1423 1660 V.
1451 1626 1664 1670 peticionem
1690 1624 1838 1668 reliquis
1864 1635 1922 1656 ne-

161 1680 330 1726 cessarijs
356 1681 489 1715 nostris
514 1681 580 1715 hoc
607 1684 767 1726 tempore
802 1681 1052 1720 indicaremus,
1088 1692 1131 1714 ne
1167 1679 1259 1713 forte
1295 1680 1499 1713 institutum
1532 1678 1619 1712 illud
1646 1678 1793 1722 grauius
1819 1677 1858 1711 P.
1877 1677 1920 1711 V.

159 1746 228 1768 non
254 1734 417 1777 ignotum
443 1734 526 1768 hinc
551 1734 687 1778 aliquid
714 1734 960 1779 impedimenti
986 1734 1176 1778 acciperet,
1212 1735 1275 1767 aut
1301 1732 1332 1766 ei
1359 1732 1540 1777 quidpiam
1566 1732 1635 1766 hac
1661 1730 1922 1765 contributione

160 1787 420 1822 detraheretur.
468 1788 601 1832 Jtaque
636 1787 729 1821 inter
762 1800 827 1822 nos
854 1787 1048 1822 collacione
1076 1787 1172 1820 facta-
1198 1786 1351 1820 florenos
1377 1785 1475 1819 mille
1501 1785 1713 1828 collegimus
1747 1784 1790 1818 ad
1817 1795 1922 1817 usum

159 1853 180 1875 a
206 1841 244 1875 P.
265 1841 307 1875 V.
335 1840 533 1875 indicatum
559 1841 828 1881 conuertendoe,
863 1852 994 1884 eosque
1021 1840 1221 1883 cuicunque
1247 1839 1308 1873 illa
1335 1838 1490 1873 uoluerit
1515 1838 1573 1872 uel
1599 1838 1667 1879 hic,
1704 1837 1762 1871 uel
1789 1837 1922 1871 Romae

160 1894 387 1929 annumerari
413 1894 650 1929 curabimus.“
685 1895 779 1929 Huic
806 1894 982 1939 epistulae
998 1893 1164 1928 Canisius
1191 1893 1356 1927 adiunxit
1380 1892 1522 1926 litteras
1539 1892 1764 1935 germanicas
1791 1901 1923 1934 easque

160 1959 267 1982 manu
294 1948 408 1992 ipsius
435 1948 591 1982 Ursulae
617 1948 805 1991 Fuggerae
835 1948 887 1982 12.
916 1947 1072 1982 Ianuarii
1102 1947 1191 1981 1569
1219 1947 1263 1980 ad
1291 1945 1458 1989 Borgiam
1486 1946 1598 1986 datas,
1639 1944 1769 1989 quibus
1795 1943 1857 1977 illa
1882 1954 1921 1977 se

161 2002 314 2044 Borgiae
350 2003 385 2035 et
420 2001 610 2035 Societatis
650 2001 781 2043 „filiam
808 2000 1075 2035 oboedientem“
1105 2000 1341 2044 profitebatur
1375 2002 1412 2033 et
1446 2010 1485 2033 se
1520 1998 1758 2032 libentissime
1792 1997 1920 2041 stipem

160 2055 257 2089 illam
285 2055 429 2089 mittere
455 2055 665 2088 asserebat⁴
695 2054 755 2097 (ex
782 2053 1034 2099 autographis;
1064 2053 1105 2087 G.
1133 2053 1197 2097 Ep.
1226 2053 1258 2086 X
1292 2053 1317 2087 f.
1345 2052 1389 2087 90
1415 2052 1490 2095 92).
1541 2052 1644 2085 Anno
1672 2049 1762 2085 1568
1789 2050 1923 2083 Romae

160 2108 367 2142 Alexander
393 2107 586 2141 cardinalis
612 2107 806 2141 Farnesius
843 2107 884 2141 ad
921 2107 1064 2141 domum
1095 2106 1295 2151 professam
1323 2105 1514 2139 Societatis
1541 2104 1731 2138 aedificare
1759 2105 1924 2147 coeperat

159 2161 335 2206 templum
360 2160 581 2195 sanctissimi
607 2161 770 2194 Nominis
796 2161 898 2201 Iesu;
934 2160 1044 2194 situm
1078 2160 1152 2204 ipse
1189 2161 1325 2192 emerat
1352 2159 1503 2202 Borgias
1537 2169 1667 2201 magno
1703 2168 1795 2196 aere,
1830 2156 1922 2199 quod

161 2226 225 2259 per
250 2214 393 2248 litteras
419 2214 494 2247 fere
522 2214 771 2248 emendicabat
798 2226 842 2248 ex
869 2213 994 2247 amicis
1022 2213 1246 2256 (Sacchinus,
1275 2211 1370 2246 Hist.
1387 2212 1421 2246 S.
1437 2211 1470 2246 J.
1489 2211 1550 2252 III,
1577 2211 1599 2244 l.
1618 2211 1650 2252 4,
1677 2222 1711 2244 n.
1733 2210 1795 2243 141
1827 2209 1923 2251 142).

279 2267 421 2308 Dubito,
458 2278 543 2301 num
580 2266 745 2301 Canisius
779 2266 912 2301 litteris
948 2267 1022 2301 suis
1057 2265 1264 2299 adiunxerit
1299 2265 1408 2299 etiam
1434 2263 1651 2309 *epistulam
1689 2273 1923 2301 communem,

161 2332 268 2364 quam
308 2321 492 2364 Georqffls,
521 2322 680 2363 Marcus,
707 2322 857 2354 Ioannes
884 2320 1042 2363 Fuyyeri
1076 2320 1242 2362 Augusta
1282 2318 1334 2352 19.
1361 2317 1517 2351 Ianuarii
1546 2317 1635 2350 1569
1673 2315 1717 2349 ἃᾶ
1756 2315 1923 2358 Borgiam

161 2374 336 2408 dederunt
359 2376 394 2407 et
421 2385 486 2407 sua
513 2373 665 2417 quisque
691 2385 798 2407 manu
825 2373 1127 2417 subscripserunt.
1179 2371 1359 2415 Quidquid
1385 2371 1444 2411 sit,
1481 2369 1657 2414 epistulae
1692 2370 1830 2413 partem
1865 2367 1926 2401 hic

160 2439 262 2471 pono,
297 2426 381 2471 quia
417 2427 460 2460 ad
488 2426 621 2461 Canisii
656 2426 799 2460 litteras
825 2425 1059 2460 illustrandas
1085 2425 1190 2458 valde
1217 2424 1317 2458 utilis
1345 2426 1418 2457 est:
1460 2423 1559 2464 „Wir
1584 2422 1723 2463 sezen“,
1759 2421 1925 2464 inquiunt

281 2502 309 2532 a)
337 2504 397 2528 Hoc
425 2511 446 2527 ι).
468 2503 503 2527 ab
524 2503 587 2534 ipso
608 2505 636 2528 (Γ.
656 2511 750 2534 supra
772 2510 887 2527 versum
912 2502 1053 2532 scriptum
1081 2505 1131 2525 esf.
1241 2499 1270 2531 b)
1297 2501 1362 2525 Duo
1388 2507 1430 2524 vv.
1450 2507 1508 2530 sqq.
1529 2507 1546 2523 a
1568 2499 1596 2523 C.
1618 2498 1680 2529 ipso
1698 2505 1789 2528 supra
1810 2504 1925 2521 versum

161 2545 273 2575 scripta
293 2547 369 2569 sunt.

286 2639 294 2658 ¹
320 2638 449 2672 Volck.
595 2639 608 2659 2
634 2640 693 2673 Iac
718 2640 751 2679 4,
782 2639 834 2672 15.
888 2639 904 2672 1
935 2638 1002 2672 Gor
1028 2638 1060 2679 4,
1089 2637 1151 2677 19;
1189 2636 1236 2670 cf.
1262 2635 1360 2670 Eccli
1387 2635 1442 2676 39,
1469 2635 1502 2669 8.

284 2693 295 2711 ³
322 2692 409 2725 Rom
438 2693 471 2732 6,
499 2692 555 2726 23.
607 2693 622 2726 1
654 2692 722 2726 Cor
750 2693 804 2733 15,
832 2693 887 2726 31.

283 2747 294 2764 ⁴
321 2746 494 2787 Hoffaeus·
519 2746 686 2788 Augusta
715 2746 769 2779 15.
797 2744 955 2778 Ianuarii
984 2744 1074 2778 1569
1111 2743 1263 2785 Borgiae
1290 2741 1484 2785 ''scripsitz
1526 2739 1627 2782 „Fuit
1661 2739 1719 2773 hic
1751 2739 1791 2773 P.
1818 2738 1923 2773 Scho-

163 2797 277 2838 ritius,
304 2797 502 2831 subsidium
530 2798 726 2832 Romanum
758 2799 859 2839 vrsit,
886 2798 962 2832 sola
988 2796 1141 2831 Domina
1159 2795 1293 2829 Vrsula
1319 2796 1355 2828 et
1380 2794 1422 2828 D.
1442 2794 1600 2827 Joannes
1618 2792 1762 2835 Fugger
1789 2791 1926 2835 (noster

164 2852 247 2884 ante
273 2850 554 2891 inimicissimus,
592 2863 686 2885 nunc
713 2852 833 2885 factus
860 2851 903 2885 ob
931 2849 1151 2884 exorcismos
1176 2850 1273 2882 totus
1300 2850 1336 2881 et
1360 2847 1501 2889 integer
1527 2845 1675 2889 [noster]
1703 2845 1746 2879 ad
1774 2845 1923 2878 admira-

162 2903 295 2936 tionem
323 2904 451 2946 vsque)
492 2904 583 2938 1000
620 2905 774 2938 florenos
813 2904 857 2937 ad
896 2903 1160 2937 extructionem
1198 2901 1324 2945 templi
1362 2899 1513 2933 Romani
1552 2898 1724 2932 offerunt:
1763 2898 1926 2932 scribunt

163 2956 267 2990 ambo
303 2967 344 2989 ea
379 2956 422 2989 de
456 2968 493 2989 re
520 2956 563 2990 ad
591 2956 629 2990 P.
650 2957 692 2991 V.
736 2956 935 2991 Schoritius
971 2956 1098 2990 literas
1124 2954 1243 2988 habet.
1296 2953 1399 2987 Jdem
1435 2963 1499 2986 nos
1536 2951 1613 2985 sine
1641 2950 1816 2985 Schoritio
1845 2962 1923 2984 cum

164 3009 297 3043 maiore
323 3008 570 3042 aedificatione
597 3010 740 3043 efficere
766 3012 991 3054 poteramus:
1018 3020 1104 3042 sane
1124 3007 1324 3041 Schoritius
1350 3005 1497 3049 reliquit
1522 3005 1579 3038 hic
1606 3004 1740 3048 aliquid
1767 3003 1924 3045 foetoris,

165 3061 207 3096 V.
234 3062 274 3096 P.
302 3060 329 3095 s'
344 3061 485 3095 informi
513 3062 557 3095 ab
583 3061 807 3104 Augustanis
833 3062 985 3096 nostris“
1019 3061 1079 3103 (ex
1105 3063 1264 3103 autogr.;
1293 3059 1334 3093 G.
1362 3058 1426 3103 Ep.
1453 3058 1484 3091 X
1511 3058 1536 3092 f.
1565 3056 1655 3100 88¹³).
