2044 3335
637 107 771 141 Diebus
799 107 852 141 14.
873 109 908 141 et
935 107 989 141 1-5.
1010 105 1217 140 Decembris
1246 105 1347 139 1567.

115 227 221 266 erat.
270 223 365 276 Ego
390 224 542 274 clamo,
571 227 615 266 et
636 227 742 266 nutu
765 223 934 277 signum
959 224 1011 265 do

118 291 163 330 ut
185 287 356 330 ueniat:
391 288 536 339 Venit,
563 289 730 330 accedit
752 289 806 330 ad
828 291 1011 342 patrem,

115 353 266 407 pedem
315 353 352 394 ei
399 359 447 394 e⁸
489 353 670 407 stapede
712 353 926 403 extrahit,
970 355 1014 394 et

116 433 201 459 vna
224 432 320 459 cum
344 432 453 470 equo
478 418 595 460 ducit
612 421 781 472 patrem
800 418 853 459 ad
872 419 1011 472 prata.

115 483 236 524 Tunc
270 496 350 535 ego
384 497 552 535 quoque
586 483 666 524 adb
700 483 850 524 eadem
882 485 1014 537 prata

115 548 288 597 accedo,
313 548 526 589 descendo
551 562 605 589 ex
628 562 751 600 equo,
776 548 1016 601 amplector

116 614 161 656 P.
186 612 415 663 Canisium,
445 615 488 654 et
510 612 570 654 illi
596 613 703 662 dico,
729 613 862 654 Pater
883 612 1015 654 habe-

115 679 215 720 bam
249 678 590 731 compassionem
625 692 719 719 cum
754 678 845 719 RV.
871 677 1015 731 cupie-

115 744 213 785 bam
233 757 328 785 eam
347 742 567 793 adiuuare,
587 743 662 784 sed
681 743 782 795 quia
796 757 880 784 non
896 742 1014 784 uide-

115 809 214 851 bam
230 808 416 858 modum,
436 808 733 850 commendaui
749 808 866 849 illam
884 807 1013 849 DEO.

116 873 356 927 Respondit
378 872 480 914 mihi
504 873 585 914 ita:
611 873 744 915 Pater
768 873 861 914 dico
880 872 1014 922 uobis,

117 940 229 992 quod
262 953 347 980 non
380 938 441 979 fui
473 952 661 991 unquam
684 939 748 979 ita
772 940 1015 987 contentus,

116 1004 229 1046 sicut
254 1007 378 1046 tunc:
415 1006 459 1045 et
482 1003 674 1045 dicebam
689 1010 711 1053 ⁵,
747 1003 879 1057 Cupio
913 1003 1016 1044 dis—

115 1069 282 1119 solui,
329 1072 383 1111 et
425 1082 547 1110 esse
593 1082 706 1110 cum
750 1068 1015 1110 Christ01.

116 1134 292 1176 Homini
334 1137 477 1176 autem
522 1133 584 1175 illi
617 1133 671 1187 (si
710 1136 858 1176 tamen
890 1134 1017 1174 homo

117 1202 230 1252 erat)
276 1200 347 1252 qui
396 1213 491 1241 eum
538 1213 592 1241 ex
638 1199 760 1252 aquis
806 1198 1017 1248 extraxit,

119 1265 228 1307 dixit
260 1265 469 1315 Canisius,
504 1265 561 1306 ι111
602 1264 790 1318 hospitio
832 1264 1019 1318 prande-

117 1330 256 1372 bimus
278 1330 418 1379 simul,
444 1333 488 1372 et
510 1333 664 1384 postea
683 1330 879 1371 dabimus
897 1329 1018 1370 uobis

122 1395 396 1438 honorarium
413 1402 437 1440 θ.
493 1395 735 1449 Respondit
768 1394 866 1437 illes
894 1394 1018 1436 hilari

118 1461 240 1504 uultu
287 1461 430 1503 nescio
480 1461 602 1514 quid,
652 1465 860 1514 tanquam
909 1460 1018 1501 bene

117 1526 328 1568 haberent
350 1526 493 1569 omnia
511 1540 622 1580 quae
645 1527 777 1568 Pater
799 1525 861 1567 illi
885 1525 1018 1566 dixis-

116 1594 196 1642 set,
232 1595 276 1634 et
308 1592 525 1646 repositog
557 1592 673 1634 eoin
696 1591 891 1644 equumh,
928 1605 1019 1632 om-

117 1672 193 1699 nes
225 1657 412 1711 ingressi
444 1672 591 1699 sumus
624 1658 763 1699 denuo
796 1657 839 1698 in
868 1670 1017 1709 aquas,

118 1726 162 1765 et
206 1724 456 1777 praedictus
500 1723 627 1765 homo
673 1723 745 1776 qui
789 1722 1020 1764 uidebatur

118 1788 320 1840 rusticus,
364 1803 441 1843 per
483 1789 657 1841 aliquod
694 1791 868 1841 tempus
900 1787 1019 1829 uisus

117 1853 201 1896 fuit
233 1869 258 1896 a
289 1855 426 1905 nobis,
466 1855 578 1908 quod
612 1868 689 1895 nos
722 1854 1018 1908 praecederet,

119 1919 195 1961 sed
228 1933 323 1961 cum
358 1934 551 1962 essemus
584 1919 676 1961 fere
708 1919 751 1961 in
778 1920 861 1961 fine
884 1933 1020 1972 aqua-

122 1999 230 2036 rum,
276 1988 321 2028 et
352 2000 488 2040 prope
521 1984 791 2039 liospitium²,
834 2000 919 2027 non
953 1987 1021 2027 est

119 2051 238 2092 uisus
271 2051 469 2105 amplius,
505 2054 549 2093 et
583 2065 663 2104 ego
698 2050 889 2104 cogitaui
917 2052 1021 2092 tunc

119 2119 163 2158 et
195 2119 361 2169 postea,
396 2131 492 2158 eum
526 2116 637 2158 fuise
668 2117 884 2170 angelum,
918 2116 1020 2158 mis-

119 2196 214 2224 sum
247 2196 273 2223 a
295 2182 411 2224 DEO
446 2183 499 2223 ad
527 2182 797 2224 liberandum
821 2184 1021 2224 sanctum

119 2247 238 2288 illum
280 2247 497 2298 Patremk,
541 2250 589 2289 ut
630 2247 851 2290 laboraret
883 2248 1023 2289 adhuc

121 2313 287 2366 aliquot
328 2327 464 2355 annos
506 2313 549 2354 in
590 2313 718 2354 uinea
765 2313 937 2355 Domini
979 2316 1023 2355 et

121 2378 350 2421 adiuuaret
383 2378 423 2421 S.
453 2378 697 2420 Ecclesiam
729 2378 772 2419 in
804 2378 890 2420 illis
922 2393 1022 2432 par-

120 2444 236 2486 tibus
270 2444 542 2494 Germaniae,
586 2443 700 2486 sicut
731 2446 886 2498 postea
918 2444 1022 2487 fecit

121 2512 188 2551 tot
221 2524 371 2559 annos,
407 2513 450 2552 et
484 2509 760 2552 concionibus
784 2512 827 2552 et
850 2510 1022 2564 scriptis

121 2575 254 2625 libris,
299 2578 343 2617 et
384 2576 497 2617 bona
537 2589 616 2617 sua
658 2575 1021 2618 conuersatione¹.

122 2640 330 2683 Rationes
372 2655 483 2694 quae
526 2655 593 2682 me
626 2641 795 2682 faciunt
828 2640 1022 2693 cogitare

121 2721 206 2748 non
249 2707 466 2748 hominem
510 2706 645 2748 fuisse
687 2706 762 2748 sed
805 2706 1021 2759 angelum,

245 2788 272 2820 a)
293 2789 327 2813 In
348 2790 374 2813 A
395 2796 469 2813 corr.
491 2796 527 2813 ex
547 2795 594 2814 eX.

717 2787 747 2819 b)
768 2789 829 2813 Hoc
851 2795 873 2812 v.
894 2795 987 2818 supra
1014 2795 1129 2811 versum
1149 2786 1292 2817 scriptum
1313 2788 1362 2810 est.

1793 103 1875 143 729

1049 222 1163 261 simul
1205 222 1253 259 ad
1294 223 1409 270 prata
1452 217 1694 257 continentia
1736 216 1877 262 educit,

1049 307 1123 342 quo
1159 306 1249 330 mox
1280 295 1318 328 et
1348 303 1419 339 ego
1449 289 1648 340 peruenio,
1685 287 1879 325 descendo

1050 376 1099 401 ex
1129 376 1238 411 equo,
1271 361 1469 399 Canisium
1490 360 1717 409 amplector,
1747 358 1877 403 Pater,

1051 436 1124 481 aio,
1164 435 1333 472 Vestrae
1364 432 1623 471 Reuerentiae
1652 430 1878 475 miserebar,

1051 518 1165 554 quam
1190 517 1275 541 cum
1292 504 1477 541 adiuuare
1494 501 1706 551 nequirem,
1727 500 1882 538 modum

1051 574 1251 623 ignorans,
1283 574 1365 610 Deo
1396 571 1674 610 commendaui.
1709 570 1882 618 Respon-

1053 644 1108 681 dit
1127 643 1204 690 ille,
1228 657 1269 681 se
1290 643 1329 680 in
1350 641 1571 679 huiusmodi
1592 639 1812 678 discrimine
1828 637 1881 675 in-

1053 714 1209 753 solitam
1221 713 1444 763 percepisse
1453 711 1748 755 iucunditatem,
1762 722 1882 758 eaque

1053 786 1211 835 saepius
1232 786 1352 822 uerba
1373 783 1501 821 animo
1516 781 1746 826 reuofflisse,
1770 779 1882 829 cupio

1054 859 1294 904 dissolui,
1317 862 1362 896 et
1382 871 1496 895 esse
1518 869 1622 894 cum
1645 855 1882 893 Christo&

1053 930 1203 968 Deinde
1244 942 1383 967 uersus
1427 927 1474 965 ad
1515 925 1731 970 hominem,
1774 923 1883 961 cuius

1054 1001 1242 1039 beneficio
1259 1014 1307 1037 ex
1323 999 1434 1048 aquis
1451 1001 1652 1036 extractus
1668 999 1740 1042 est,
1757 994 1884 1040 hodie,

1053 1072 1190 1121 inquit,
1213 1071 1326 1109 simul
1346 1071 1386 1107 in
1400 1068 1579 1118 hospicio
1593 1065 1884 1117 prandebimus,

1055 1150 1094 1184 et
1129 1145 1382 1183 honorarium
1426 1142 1625 1187 dabimus3
1665 1140 1782 1178 hilari
1820 1139 1885 1176 ille

1055 1217 1165 1255 uultu
1194 1216 1327 1254 nescio
1358 1215 1473 1264 quidd
1503 1212 1716 1258 subiunxit,
1748 1211 1886 1249 similis

1055 1287 1290 1338 approbanti
1348 1286 1491 1323 dictum
1548 1284 1679 1321 Patris
1728 1281 1888 1330 Canisij.

1055 1359 1207 1396 Exinde
1237 1358 1356 1395 Patre
1397 1357 1522 1393 denuo
1552 1355 1661 1404 Equo
1690 1352 1886 1402 imposito,

1054 1430 1196 1468 iterum
1234 1442 1356 1478 aquas
1394 1427 1651 1475 ingredimur,
1691 1428 1731 1462 et
1768 1423 1888 1461 homi-

1055 1514 1144 1538 nem
1173 1500 1408 1550 praefatum,
1440 1498 1504 1547 (1111
1529 1496 1720 1535 rusticum
1735 1507 1889 1545 praese-

1056 1573 1222 1616 ferebat,
1252 1570 1380 1619 aliquo
1410 1567 1598 1617 temporis
1628 1566 1756 1616 spatio
1780 1577 1889 1615 prae-

1057 1646 1213 1680 euntem
1235 1641 1352 1679 etiam
1368 1641 1566 1685 uidemus3
1589 1638 1655 1676 sed
1676 1651 1762 1675 cum
1778 1635 1888 1685 aquis

1056 1727 1156 1764 pene
1188 1713 1377 1759 traiectis,
1417 1713 1495 1750 iam
1524 1723 1645 1761 prope
1674 1708 1888 1758 hospitium

1057 1799 1245 1830 essemus,
1266 1784 1413 1822 nostris
1436 1783 1650 1820 subductus
1672 1783 1733 1818 est
1754 1779 1889 1817 oculis.

1057 1859 1174 1896 Hunc
1213 1870 1285 1906 ego
1322 1868 1475 1904 semper
1505 1853 1701 1902 Angelum
1729 1851 1891 1889 missum

1058 1929 1223 1967 coelitus
1250 1927 1399 1977 putaui,
1431 1927 1479 1964 ad
1498 1923 1743 1963 liberandum
1763 1922 1889 1959 virum

1058 2000 1205 2050 pietate
1245 1998 1453 2046 insignem,
1497 1999 1540 2033 ut
1570 1995 1695 2032 adhuc
1725 2007 1795 2043 per
1824 1992 1890 2030 ali-

1059 2073 1152 2120 quot
1173 2083 1298 2107 annos
1319 2069 1358 2106 in
1373 2068 1488 2106 vinea
1504 2065 1664 2104 Domini
1678 2065 1889 2108 laboraret,

1060 2146 1099 2180 et
1136 2141 1177 2178 in
1206 2139 1466 2178 Alemanniae
1504 2137 1647 2175 finibus
1686 2135 1801 2172 fidem
1831 2146 1890 2171 ca-

1059 2212 1247 2250 tholicam
1276 2211 1528 2260 propagaret,
1560 2207 1660 2256 quod
1692 2218 1787 2243 sane
1810 2205 1892 2242 eius

1060 2286 1119 2322 tot
1160 2294 1350 2320 annorum
1394 2280 1560 2317 decursu
1601 2280 1692 2327 post
1732 2275 1891 2313 habitae

1062 2355 1285 2400 conciones,
1318 2356 1357 2391 et
1386 2351 1620 2400 scriptorum
1641 2349 1893 2386 monumenta

1061 2425 1291 2476 peregregie
1339 2426 1488 2462 testata
1530 2425 1632 2460 sunt.
1689 2419 1892 2463 Rationes,

1061 2497 1201 2547 quibus
1231 2495 1413 2540 adducor,
1445 2497 1488 2531 ut
1509 2492 1677 2538 credam,
1698 2490 1893 2528 hominem

1060 2569 1169 2606 illum
1198 2580 1277 2605 non
1307 2566 1442 2611 fuisse,
1482 2564 1551 2602 sed
1580 2562 1789 2611 Angelum,
1819 2561 1893 2598 hae

1062 2643 1173 2678 sunt:
1216 2639 1367 2684 Prima,
1411 2637 1501 2687 quia
1543 2634 1699 2673 nonnisi
1741 2634 1782 2671 in
1818 2632 1891 2670 dis-

1062 2711 1222 2748 crimine
1243 2709 1363 2747 uisus.
1395 2709 1445 2753 2²²,
1468 2707 1558 2757 quia
1580 2720 1664 2744 cum
1686 2711 1797 2743 nonm
1818 2717 1894 2742 am-

1485 2784 1511 2815 c)
1533 2781 1653 2808 dicebat
1671 2783 1716 2813 A;
1735 2782 1785 2806 sed
1806 2781 1897 2806 corri-

119 2831 245 2862 ⁴(lendum
272 2838 331 2855 esse
358 2828 493 2854 dicebam
522 2830 702 2861 intellegitur
728 2833 788 2854 tum
814 2837 850 2854 ρκ’
878 2829 971 2854 verbis
993 2829 1129 2860 proxime
1149 2827 1394 2857 antecedentibus,
1420 2829 1481 2850 tum
1501 2833 1537 2850 esc
1555 2826 1582 2850 B
1603 2827 1627 2849 et
1648 2825 1670 2852 C'
1689 2823 1776 2855 (quod
1795 2823 1896 2848 habet:

123 2872 252 2901 dicevo).
345 2870 375 2902 d)
396 2872 432 2896 In.
451 2872 478 2896 B
498 2873 632 2903 sequitur
651 2878 732 2904 resp,
752 2872 842 2895 oblitt.

121 2915 152 2946 g)
174 2915 312 2945 Sequitur
337 2919 415 2944 eum,
440 2914 529 2938 oblite.

121 2956 153 2983 k>
174 2963 191 2981 a
210 2954 343 2980 liberare
363 2954 383 2980 il
403 2954 435 2980 P.
452 2954 571 2981 Canisio
593 2956 621 2981 C.

119 2999 262 3030 scriptum
282 3000 332 3022 est.

245 3106 254 3125 1
281 3104 373 3139 Phil.
403 3105 432 3146 1,
459 3105 514 3139 23.

935 2870 962 2900 e)
983 2869 1012 2895 la
1032 2868 1149 2894 mancia
1170 2870 1198 2894 C.

627 2912 657 2945 11)
678 2912 893 2939 rimettendoci
920 2919 937 2937 a
957 2910 1071 2937 cavallo
1093 2912 1121 2936 C.

708 2954 728 2987 l)
753 2956 830 2986 Quae
850 2957 1023 2986 sequuntur,
1046 2961 1101 2978 non
1121 2955 1189 2978 sunt
1211 2952 1240 2976 in
1262 2952 1290 2976 G.

1284 2867 1307 2899 f)
1329 2869 1498 2899 Sequuntur
1520 2875 1560 2892 vr.
1581 2865 1682 2891 nescio
1705 2863 1787 2898 quid,
1806 2865 1896 2890 omitt.

1220 2909 1240 2942 i)
1261 2916 1322 2934 non
1349 2908 1459 2942 troppo
1486 2907 1611 2933 lontano
1633 2906 1701 2932 dall'
1722 2906 1845 2937 albei-go
1867 2907 1895 2931 C.

1376 2951 1422 2981 m)
1445 2952 1505 2976 Hoc
1524 2958 1548 2975 v.
1569 2950 1601 2975 *in
1621 2950 1647 2974 B
1666 2957 1760 2981 supra
1781 2956 1897 2974 versum
