2044 3335
185 90 280 124 Mon.
306 90 377 124 914
401 90 479 124 sive
505 101 588 134 aug.
610 90 708 134 (a4).
751 90 783 125 A
809 102 855 126 m.
874 90 976 127 Febr.
1003 91 1048 126 ad
1074 91 1159 136 Apr.
1189 92 1291 127 1569.
1333 91 1402 126 915
1428 91 1505 127 sive
1531 102 1614 135 aug.
1636 91 1672 133 (a
1687 92 1736 136 5).
1779 94 1863 136 513

98 204 316 251 apographis
351 205 462 240 eiusd.
498 207 626 251 temp.;
665 206 785 241 Germ.
812 207 856 241 67
884 207 908 241 f.
937 207 1014 249 178,
1048 206 1167 241 Germ.
1196 206 1240 241 70
1266 207 1291 241 f.
1319 207 1414 250 74¹³).
1463 206 1521 242 Fr.
1547 208 1716 241 Andreas
1742 208 1866 242 Scottis

99 258 133 293 S.
154 258 187 292 J.
213 258 250 292 in
282 257 453 292 *Litteris
491 259 619 293 annuis
658 259 783 294 domus
818 261 1062 304 augustanae,
1102 260 1155 294 17.
1183 258 1403 304 Septembris
1432 260 1522 295 1570
1557 260 1651 295 datis
1685 260 1864 296 affirmat:

101 311 330 355 „Resignatis
364 311 459 352 licet,
495 323 586 356 quos
620 314 702 346 ante
736 312 1025 357 possidebamus,
1060 311 1278 353 redditibus,
1313 312 1578 358 eleemosynam
1612 313 1862 355 sufficientem,

97 376 175 399 eam
202 376 270 398 non
297 367 513 408 quaerentes
539 365 755 410 accipimus*
788 366 850 409 (ex
875 366 1092 410 archetypo;
1120 365 1162 399 G.
1189 365 1253 410 Ep.
1281 365 1331 399 XI
1356 366 1380 401 f.
1402 366 1514 410 180³).

97 486 196 523 914
221 488 300 522 sive
327 497 450 532 aug.
471 487 527 533 (a
538 486 613 533 4).
688 488 717 524 Α
735 497 781 523 ιιι.
800 485 1003 524 Februario
1029 486 1075 523 ad
1101 486 1267 534 Aprilem
1292 487 1386 523 1569.

214 547 271 582 Ex
297 547 504 592 archetypo.
541 547 584 583 G.
610 547 674 593 Ep.
701 548 735 582 X
760 548 784 582 f.
807 549 879 583 86³.

214 607 285 640 Per
313 608 630 649 Qiiadrayesimam
661 609 806 642 Canisio
841 611 985 641 auctore
1014 608 1208 651 „colloquia
1233 605 1466 650 spiritualia“
1493 608 1677 642 habentur.

100 703 102 708 .
214 667 264 710 Ρ.
298 667 571 709 Wenolelinus
609 669 732 711 Vo'lclc
764 670 807 711 S.
841 669 884 710 J.
919 670 962 710 in
996 668 1172 710 Litteris
1213 669 1372 709 annuis
1412 668 1558 709 domus
1598 674 1862 724 anynstanae

93 734 289 787 Auqusta
331 734 400 774 31.
440 733 624 787 Anyasti
665 735 780 775 1569
824 734 936 775 datis
976 733 1090 787 haec,
1130 737 1303 787 praeter
1344 734 1446 785 alia,
1489 732 1644 786 refert:
1686 734 1860 787 Septem

92 810 271 839 numero
304 811 465 847 sumus
499 797 571 850 qui
603 798 646 839 in
679 798 760 839 hac
783 798 1043 851 Augustana
1065 811 1220 846 messe,
1256 797 1489 840 Societatis
1522 797 1602 839 hoc
1626 811 1738 840 anno
1761 813 1861 851 ges—

93 862 226 903 simus
258 876 437 904 nomen:
470 865 562 904 tres
585 863 858 913 Sacerdotes
893 862 1048 916 reliqui
1081 862 1368 905 coadiutores.
1419 861 1599 904 Soholas
1622 876 1741 904 more
1763 863 1860 905 Col-

91 927 304 981 legiorum
338 941 421 969 non
454 927 685 969 habemus:
728 928 782 969 ad
815 928 1057 970 uisitandos
1090 941 1164 970 eos
1197 927 1267 981 qui
1302 927 1345 969 in
1378 926 1562 969 uinculis
1595 927 1858 979 detinentur,

90 1006 168 1046 per
196 992 425 1034 inferiores
447 991 566 1034 urbis
588 993 888 1046 magistratus,
922 1007 1056 1047 penes
1077 1007 1186 1046 quos
1209 992 1301 1034 eius
1324 993 1386 1034 rei
1409 992 1638 1046 peculiaris
1661 996 1859 1047 potestas

91 1060 171 1107 est,
206 1071 291 1099 non
313 1057 597 1100 admittimur.
624 1092 632 1101 .
654 1091 663 1101 .
687 1092 694 1100 .
731 1058 917 1100 Student
940 1072 1089 1100 omnes
1111 1058 1292 1111 Regulis
1315 1062 1359 1100 et
1390 1058 1604 1100 institutis
1626 1057 1859 1101 Societatis

88 1136 167 1176 pro
190 1136 269 1164 sua
291 1123 472 1175 quisque
495 1122 610 1164 uirili
641 1123 787 1165 faeere
814 1123 944 1165 satis:
979 1123 1033 1166 ad
1057 1137 1185 1176 quam
1209 1137 1299 1164 rem
1322 1123 1437 1165 haud
1460 1123 1734 1165 mediocriter
1757 1137 1858 1166 con-

88 1187 297 1238 tulerunt,
332 1189 377 1230 et
411 1187 460 1231 R.
484 1187 531 1230 P.
556 1188 842 1230 Prouincialis
875 1188 1218 1240 exhortationes,
1252 1191 1297 1230 et
1325 1202 1351 1230 a
1373 1189 1423 1231 R.
1452 1189 1494 1231 P.
1520 1189 1650 1231 Petro
1673 1188 1857 1240 Canisio,

87 1255 373 1307 posteaquam
414 1253 452 1294 is
493 1266 549 1294 ex
581 1254 687 1295 urbe
719 1254 774 1296 ad
816 1268 893 1296 nos
926 1254 1190 1308 redijt,.per
1232 1253 1612 1308 quadragesimam
1653 1253 1857 1297 instituta

87 1317 333 1372 spiritualia
365 1318 592 1371 colloquia.

209 1387 384 1433 Tempore
410 1399 536 1422 sacrae
562 1387 877 1432 Quadmgesimae,
905 1400 996 1433 quae
1023 1401 1063 1423 eo
1090 1400 1183 1423 anno
1208 1400 1229 1423 a
1256 1389 1287 1423 d.
1315 1389 1370 1423 23.
1390 1389 1574 1423 Februarii
1599 1389 1644 1423 ad
1670 1390 1702 1424 9.
1721 1388 1857 1434 Aprilis

87 1443 182 1483 erat,
221 1440 386 1476 Canisius
424 1443 613 1485 Augustae
651 1442 785 1486 degens
822 1443 1043 1487 provinciam
1071 1442 1284 1477 Germaniae
1319 1442 1514 1487 superioris
1549 1454 1629 1476 cum
1661 1442 1857 1488 praepositi

85 1494 318 1539 provincialis
343 1496 524 1540 potestate
550 1495 716 1539 regebat3
753 1507 823 1540 quo
864 1495 899 1530 in
926 1496 1044 1530 officio
1070 1495 1256 1540 aliquanto
1290 1500 1372 1541 post
1396 1496 1436 1530 P.
1464 1496 1599 1530 Paulus
1626 1496 1797 1530 Hoffaeus
1824 1496 1856 1530 ei

83 1549 262 1583 suecessit
290 1548 340 1592 (v.
367 1560 476 1593 supra
511 1560 544 1594 p.
573 1549 670 1592 293).
721 1549 774 1583 De
816 1550 1085 1594 „spiritualibus
1123 1549 1329 1594 eolloqufis‘
1359 1561 1393 1583 v.
1423 1551 1511 1584 Can.
1539 1549 1570 1582 V
1596 1550 1783 1584 778—779
1819 1551 1856 1583 et

85 1602 269 1636 Stoeckius
293 1602 316 1636 l.
344 1613 373 1636 c.
402 1602 434 1635 ΙΙ
461 1603 518 1636 65.
569 1602 621 1636 De
649 1603 771 1637 iisdem
800 1603 839 1637 P.
860 1605 1083 1637 Laurentius
1109 1605 1253 1647 Mayius
1278 1603 1510 1648 provincialis
1528 1603 1697 1637 Austriae
1723 1603 1854 1637 Vindo-

84 1654 175 1689 bona
194 1656 226 1690 9.
245 1655 431 1689 Februarii
454 1656 542 1690 1569
562 1656 714 1700 Borgiae
742 1656 933 1701 *scripsitz
963 1656 1078 1699 ,Nelli
1097 1656 1240 1702 collegij
1268 1657 1302 1690 di
1321 1663 1449 1701 questa
1475 1656 1660 1701 prouincia
1686 1656 1720 1691 si>
1743 1657 1853 1691 fanno

83 1710 180 1742 certe
219 1708 401 1743 collationi
439 1708 619 1753 spirituali
656 1713 711 1744 tre
746 1710 844 1744 uolte
887 1710 922 1744 la
956 1710 1152 1744 settimana
1187 1710 1243 1744 nel
1279 1713 1397 1755 tempo
1433 1710 1466 1744 di
1502 1711 1715 1744 ricreatione
1754 1722 1854 1744 come

82 1761 204 1795 ordino
232 1761 256 1796 il
282 1762 392 1807 padre
414 1762 554 1803 Natale,
581 1765 617 1797 et
642 1775 712 1797 non
739 1766 757 1797 e
783 1775 891 1797 senza
917 1763 1031 1797 alcuu’
1056 1764 1168 1797 frutto
1188 1791 1195 1798 .
1214 1763 1359 1797 intendo
1386 1763 1451 1797 ohe
1477 1766 1568 1798 costi
1592 1775 1661 1798 non
1688 1764 1718 1798 si
1745 1764 1855 1798 fanno

81 1814 143 1860 piil
159 1842 166 1850 .
181 1815 346 1850 desidero
369 1827 494 1861 sapere
513 1816 641 1861 quello,
669 1817 735 1851 ohe
761 1817 835 1862 par’
849 1816 981 1860 meglio
1007 1815 1186 1858 si‘faocia,
1212 1818 1270 1862 poi
1289 1817 1355 1851 che
1380 1817 1498 1852 alcuni
1516 1817 1676 1861 sogliono
1702 1817 1853 1852 sentirui

81 1868 277 1903 difficolt&
308 1869 370 1913 (ex
396 1870 640 1915 autographo;
677 1870 721 1905 G.
747 1871 811 1916 Ep.
840 1870 872 1904 X
897 1871 922 1905 f.
950 1871 1039 1914 28¹³).
1090 1871 1146 1904 Ad
1181 1870 1270 1905 haec
1297 1872 1475 1905 Polancns
1500 1872 1673 1905 mandatu
1700 1872 1853 1915 Borgiae

80 1921 195 1956 Roma
223 1923 276 1957 12.
295 1923 417 1957 Martii
445 1924 534 1958 1569
560 1924 836 1969 *respondit:„
844 1923 891 1958 Le
918 1924 1098 1958 collationi
1124 1923 1304 1969 spirituali
1332 1924 1397 1959 che
1423 1924 1454 1959 si
1479 1925 1587 1959 fanno
1614 1928 1668 1959 tre
1694 1925 1791 1960 uolte
1816 1926 1852 1960 la

79 1976 274 2011 settimana
300 1977 331 2011 si
356 1979 531 2022 potranno
556 1980 754 2012 trattenere
781 1989 881 2011 come
899 1990 920 2012 a
938 1977 980 2012 V.
1001 1977 1042 2012 R.
1070 1990 1208 2023 parera,
1235 1978 1414 2020 conuenir,
1441 1981 1478 2012 et
1496 1979 1587 2013 diaci
1614 1979 1724 2021 aluiso,
1751 1991 1851 2014 come

79 2029 251 2071 riescono‚
286 2033 322 2065 et
348 2030 390 2064 de
426 2030 511 2075 qual
536 2031 687 2065 materia
721 2033 882 2065 trattano
917 2034 953 2065 et
988 2032 1024 2065 in
1059 2032 1145 2076 qual
1179 2032 1302 2066 modo²
1337 2034 1397 2075 (ex
1423 2044 1546 2077 apogr.
1582 2032 1694 2101 eiusd.
1720 2029 1850 2079 te1rip.;

79 2082 199 2117 Germ.
226 2084 270 2118 67
297 2084 323 2118 f.
349 2082 463 2128 227b).

79 2205 174 2243 915
194 2207 272 2242 sive
291 2216 415 2252 aug.
435 2207 493 2253 (a
504 2207 578 2253 5).
629 2208 780 2244 Aestate
799 2207 938 2244 a.l569.
965 2207 1020 2244 23.
1032 2208 1145 2254 (25.9)
1158 2208 1388 2256 Septembris
1407 2210 1444 2245 et
1463 2208 1510 2245 16.
1529 2209 1737 2246 Decembris
1752 2208 1846 2246 1569.

195 2267 252 2302 Ex
277 2268 437 2302 fontibus
463 2268 557 2302 infra
578 2268 793 2303 indicandis.

81 2362 82 2368 ,
200 2329 369 2362 Canisius
394 2329 435 2361 de
461 2329 641 2372 aliquibus
664 2330 844 2372 fratribus
868 2329 1084 2368 scholasticis
1119 2331 1167 2363 ad
1190 2331 1445 2373 professionem
1472 2334 1502 2364 et
1537 2331 1585 2363 ad
1608 2332 1846 2365 sacerdotium

73 2382 324 2426 promovendis
356 2383 563 2427 sententiam
588 2383 684 2416 dicit.
737 2383 872 2427 Septem
896 2383 1106 2425 scholastici,
1139 2388 1177 2417 ut
1199 2384 1396 2417 sacerdotio
1423 2385 1569 2417 initiari
1593 2385 1738 2428 possint,
1757 2384 1847 2428 pro-

76 2436 241 2469 vincialis
265 2436 366 2469 iussu
391 2437 573 2478 Augustae
598 2447 718 2469 coram
748 2437 893 2470 Canisio
914 2438 1171 2480 professionem
1198 2438 1368 2470 emittunt.
1846 2479 1849 2483 ,

199 2494 285 2528 Cam
306 2495 499 2537 provincia
528 2496 745 2529 Germaniae
768 2497 968 2538 superioris
991 2496 1234 2529 sacerdotibus
1258 2497 1442 2539 indiyeret,
1469 2499 1499 2528 et
1524 2507 1567 2529 ea*
1592 2496 1652 2529 Pii
1678 2497 1715 2530 V.
1736 2509 1846 2540 prae-

76 2552 171 2591 cepto
196 2548 225 2580 ii
249 2549 328 2591 soli,
354 2550 416 2591 qui
427 2549 684 2594 professionem
703 2549 903 2582 sollemnem
921 2550 1123 2592 emisissent,
1149 2551 1347 2583 sacerdotio
1372 2551 1518 2583 initiari
1530 2555 1671 2592 possent
1689 2552 1737 2591 (v.
1756 2551 1847 2593 Can,

75 2602 108 2634 V
127 2603 228 2645 487),
256 2602 293 2635 S.
313 2602 532 2635 Franciscus
558 2603 711 2646 Boryias
734 2604 959 2646 praepositus
981 2604 1160 2646 yeneralis
1177 2604 1291 2636 Roma
1309 2605 1366 2636 24.
1388 2603 1481 2635 Maii
1498 2603 1504 2621 ¹
1524 2605 1616 2636 1569
1641 2604 1683 2636 de
1699 2604 1844 2639 Fratri-

75 2655 138 2688 bus
155 2655 310 2688 Matthia
336 2655 495 2699 Lali-ner,
523 2657 680 2690 Antonio
705 2657 891 2700 Baldaini,
921 2656 1175 2699 Christophoro
1203 2657 1340 2700 Zieyler
1364 2656 1404 2689 P.
1424 2657 1538 2689 Panlo
1565 2657 1716 2699 Hoffaeo
1736 2670 1843 2701 prae-

66 2709 185 2752 posito
197 2709 419 2751 provinciali
435 2710 599 2752 scripsit:
623 2708 688 2743 Del
705 2709 764 2743 far
781 2710 934 2754 professi
953 2708 1063 2753 quelli
1081 2713 1135 2743 tre
1153 2709 1319 2749 Matthia,
1348 2710 1503 2747 Antonio
1520 2711 1557 2743 et
1575 2709 1843 2756 Christophoro,

73 2761 118 2795 da
150 2761 279 2806 poterii
305 2768 493 2806 promouer
518 2761 553 2796 al
578 2762 778 2797 sacerdotio
804 2764 1018 2808 presuposta
1043 2762 1078 2796 la
1095 2763 1274 2805 necessita
1300 2762 1336 2796 di
1370 2761 1444 2797 loro
1471 2763 1701 2807 promotione,
1726 2765 1781 2799 sia
1807 2765 1842 2800 in

72 2814 143 2848 bon
167 2814 266 2855 hora,
292 2815 448 2860 parendo
467 2815 540 2850 cosi
563 2815 676 2856 anche
694 2815 729 2850 al
747 2816 785 2850 P.
805 2816 959 2857 canisio,
986 2827 1192 2850 oonueneua
1207 2827 1305 2861 vpure
1332 2815 1396 2850 dar
1418 2816 1518 2850 auiso
1545 2815 1623 2850 dele
1648 2818 1742 2862 parti
1767 2818 1843 2853 loro

71 2878 110 2901 se
136 2867 172 2901 di
198 2869 269 2911 qua
294 2867 325 2902 si
350 2867 541 2911 haueuaa
565 2870 735 2905 mandare
761 2869 891 2903 alcuna
913 2869 1122 2903 risolutione
1150 2871 1361 2913 (eramo-qr:
1380 2870 1488 2910 einsd.
1508 2874 1630 2914 temp.,·
1658 2872 1776 2907 Germ.
1796 2875 1845 2907 67.-

68 2922 98 2962 f.
121 2923 241 2962 264⁰).
284 2922 459 2964 Hoffaeus
484 2928 599 2956 autem
617 2924 773 2966 Boi-gaiae
792 2925 954 2966 Augusta
971 2925 1003 2956 2.
1024 2923 1113 2956 Iulii
1140 2925 1231 2957 1569
1255 2924 1420 2967 scripsit-.-
1445 2922 1608 2957 Nondum
1637 2925 1723 2961 mihi
1742 2928 1843 2965 >satis

76 3061 77 3064 ,
193 3028 204 3050 ¹
227 3028 334 3068 Hune
360 3028 452 3063 diem
479 3029 680 3074 ponendum
706 3040 786 3063 esse
811 3040 875 3074 pro
902 3029 958 3063 24.
985 3028 1133 3074 Aprilis,
1168 3041 1274 3074 quem
1300 3030 1452 3074 Borgiae
1487 3031 1839 3075 registrum-habet,

69 3093 114 3115 ex
140 3080 218 3126 ipso
244 3081 304 3116 illo
330 3082 484 3126 registro
511 3082 744 3125 intellegitur.
1068 3120 1070 3122 ,
1114 3116 1132 3125 ,,
1277 3122 1278 3125 ¹
1329 3105 1343 3125 4
1478 3119 1480 3125 ,

140 3145 451 3179 Braunsberger,
472 3146 543 3172 Cani
536 3146 583 3173 isii
602 3146 657 3180 Epi
650 3146 758 3173 istulae
779 3147 811 3173 et
829 3147 874 3173 Ae
877 3147 917 3174 ta.
945 3147 996 3175 VI.
1507 3144 1550 3179 33
