2044 3335
141 83 227 125 534
746 80 839 114 Μοῃ.
867 79 934 114 929
961 80 1039 115 sive
1066 80 1126 115 dil.
1148 80 1214 124 (2).

139 197 287 242 reliquis
312 208 404 231 unus
430 197 567 241 partem
594 195 790 229 secundam
815 195 983 239 Magistri
1010 194 1275 229 Sententiarum
1306 195 1420 239 (Petri
1446 196 1664 240 Lombardi),
1691 195 1782 230 alter
1800 197 1903 231 Pauli

140 250 184 285 ad
211 249 412 285 Corinthios
448 248 637 293 epistulam
674 248 826 282 alteram
861 248 1159 293 interpretatur¹3
1200 247 1255 282 his
1291 249 1471 283 auditores
1506 251 1592 283 sunt
1617 250 1691 283 fere
1718 249 1773 285 26.
1801 249 1905 285 Cate-

139 303 297 337 chismus
324 302 524 346 explicatus
551 302 607 334 est
632 301 668 334 in
693 300 825 335 scholis
843 301 1086 346 superioribus
1112 301 1232 342 latine,
1258 301 1294 335 in
1320 301 1548 336 inferioribus
1567 302 1781 345 germanice.
1814 303 1903 337 Con-

140 357 295 390 victores
322 355 451 389 adsunt
476 355 550 388 fere
577 354 632 394 90,
665 366 729 396 „ex
755 354 811 388 his
837 354 1022 399 plaerique
1046 354 1228 395 nobiles“;
1256 354 1313 388 his
1339 356 1515 390 accedunt
1539 356 1613 397 „36,
1641 355 1701 399 qui
1727 367 1903 401 pauperes

140 409 267 444 Clerici
307 407 340 442 S.
377 407 585 452 Hieronymi
623 407 885 452 appellantur“,
932 407 1134 452 „plaerique
1172 409 1364 452 prouectas
1402 409 1576 449 aetatis“;
1618 408 1673 443 his
1711 409 1902 444 cardinalis

138 461 337 495 Truchsess
362 460 492 506 stipem
527 460 684 504 praebet,
720 463 760 494 nt
786 460 988 504 aliquando,
1023 460 1054 494 si
1079 460 1203 502 velint,
1240 461 1428 505 parochias
1463 462 1645 506 suscipere
1680 461 1819 507 possint
1844 463 1903 496 ad-

138 514 404 548 ministrandas.
455 514 494 548 P.
521 513 653 547 Rector
678 513 721 548 ob
748 514 924 548 infirmam
952 513 1195 548 valetudinem
1220 515 1243 548 4
1269 525 1411 549 menses
1438 514 1587 558 collegio
1613 514 1739 549 abfuit.
1792 515 1903 550 Vaca-

137 567 273 601 tionum
299 569 458 612 tempore
477 567 496 600 7
516 578 561 600 ex
587 566 760 601 fratribus
786 568 963 601 vacarunt
987 567 1101 601 sacris
1127 566 1321 601 exercitiis.
1364 567 1563 602 Cardinalis
1589 568 1626 601 in
1650 568 1733 602 novi
1761 567 1904 612 collegii

138 620 419 654 exstructionem
449 620 561 662 „9000
587 620 735 654 aureos“
765 619 950 664 expendit;
979 620 1072 664 quod
1099 620 1143 654 60
1170 620 1291 655 Socios
1327 632 1454 665 capere
1480 621 1630 665 poterit3
1667 620 1808 663 „addita
1833 633 1903 656 non

138 673 310 708 cubiculis
336 674 454 708 minus
480 685 587 717 quam
622 673 869 707 communibus
904 673 940 707 in
974 673 1063 707 locis
1098 674 1215 707 ferrea
1250 673 1508 719 hypocausta“.
1564 673 1785 716 „Cardinalis
1810 686 1904 709 nunc

137 727 173 760 in
200 738 240 760 eo
267 728 330 768 est,
366 728 407 760 vt
432 726 604 761 sacellum
640 726 885 767 domesticum,
922 727 1015 770 quod
1049 727 1143 760 intra
1171 726 1370 769 Collegium
1404 727 1493 761 illud
1528 730 1602 769 est,
1637 727 1806 762 maximis
1840 728 1902 762 im-

137 779 258 824 pensis
284 782 443 820 exornet,
469 779 512 813 ad
540 779 632 823 quod
659 781 696 813 et
721 779 894 823 reliquias
928 779 1060 823 integri
1086 780 1244 824 corporis
1281 791 1326 814 ex
1352 779 1531 814 Societate
1557 780 1729 814 Vndecim
1765 780 1903 815 milium

136 833 328 876 virginum,
354 832 542 876 Moguntia
567 831 749 876 Dilingam
783 844 896 877 nuper
931 832 996 866 sub
1031 832 1293 876 antiquissimis
1328 833 1513 867 literarum
1550 832 1763 878 testimonijs
1795 835 1903 877 atque

136 885 287 928 sigillis,
322 897 343 920 a
368 885 680 920 Reuerendissimo
715 885 953 928 Moguntin02
977 887 1251 927 transmissum,
1290 886 1392 921 nobis
1431 886 1520 921 dono
1558 886 1686 921 dedit.“
1744 886 1830 929 „Est
1867 889 1903 921 et

137 938 394 974 Vniuersitatis
429 940 464 973 in
499 938 600 980 aula,
639 939 765 981 ingens
804 941 841 973 et
878 939 1072 973 artificiosa
1106 951 1187 973 cum
1225 939 1350 974 multis
1388 940 1502 984 signis
1540 941 1648 984 atque
1686 939 1902 983 imaginibus

136 992 302 1026 machina
328 994 456 1034 erecta,
484 993 528 1026 ad
555 992 657 1026 cuius
683 992 798 1027 altare
825 992 1026 1027 Cardinalis
1052 992 1128 1038 ipse
1154 992 1420 1037 pontificalibus
1446 993 1610 1032 amictus,
1646 1005 1902 1038 saepenumero

136 1045 250 1080 sacris
276 1048 452 1091 operatur,
480 1048 515 1080 et
542 1046 584 1080 de
610 1057 717 1080 manu
743 1057 809 1080 sua
835 1045 1190 1087 communicantibus,
1217 1045 1398 1091 plenarias
1423 1046 1668 1090 indulgentias
1694 1046 1902 1092 Apostolica

135 1099 350 1133 auctoritate
377 1100 421 1133 ad
447 1100 482 1133 id
509 1098 577 1144 sibj
605 1110 775 1134 concessa
801 1098 1008 1142 elargitur.“

141 1225 246 1262 929
273 1226 351 1261 sive
377 1224 472 1261 dil.
493 1224 593 1271 (2).
667 1225 836 1261 Exeunte
862 1235 909 1261 m.
928 1225 1094 1272 Augusto
1120 1225 1212 1262 1567.

254 1286 309 1320 Ex
333 1285 417 1320 Vita
444 1285 478 1320 S.
498 1285 669 1320 Stanislai
695 1286 856 1320 Kostkae
883 1285 917 1320 S.
938 1286 970 1320 J.
998 1298 1018 1320 a
1038 1286 1077 1321 P.
1096 1287 1238 1321 Urbano
1263 1287 1437 1321 Ubaldino
1455 1286 1489 1321 S.
1508 1287 1541 1321 J.
1563 1286 1598 1329 (†
1619 1287 1725 1330 1664)
1754 1286 1900 1331 scripta,

136 1351 227 1384 quae
253 1351 273 1373 a
300 1339 339 1374 P.
367 1341 568 1382 Auqzcstino
595 1341 715 1374 Arndt
741 1339 776 1374 S.
795 1340 827 1374 J.
855 1339 1006 1382 vulgata
1031 1342 1087 1374 est
1120 1340 1155 1374 in
1187 1341 1386 1382 „Analectis
1420 1339 1685 1374 Bollandianis“
1716 1339 1901 1374 lX—XVI

138 1393 203 1434 (Xl
229 1393 446 1436 442—443)‚
482 1395 518 1426 et
549 1405 595 1426 ex
624 1392 730 1435 „Vita
755 1392 795 1427 B.
825 1392 994 1427 Stanislai
1021 1393 1181 1427 Kostkae
1216 1393 1340 1427 Poloni
1376 1405 1394 1427 e
1430 1393 1607 1428 Societate
1643 1393 1743 1435 Iesu,
1778 1395 1901 1427 autore

136 1448 332 1480 Franciseo
360 1447 545 1491 Sacehino,
572 1446 762 1480 Societatis
789 1446 948 1481 eiusdem
975 1446 1200 1489 Sacerdote“‚
1227 1446 1441 1490 Ingolstadii
1470 1447 1570 1488 1609,
1597 1447 1654 1481 24.

256 1506 424 1540 canisius
452 1507 623 1540 Sanctum
650 1507 874 1540 Stanislaum
898 1507 1072 1540 Kostkam
1099 1507 1305 1540 Vindobona
1333 1507 1533 1550 profuyum
1559 1507 1727 1550 Dilinyae
1762 1507 1901 1549 exeipit,

136 1560 318 1593 Societatis
343 1561 474 1593 Romae
507 1560 752 1603 impetrandae
785 1571 844 1603 spe
879 1561 1075 1605 confirmat,
1110 1561 1254 1593 interim
1288 1561 1327 1593 in
1363 1561 1589 1594 contubernio
1624 1560 1661 1594 S.
1688 1560 1902 1602 He'eronymi

132 1614 311 1655 famulum
337 1624 439 1656 ayere
464 1613 567 1646 iubet.

254 1674 491 1716 Ubaldinus
533 1675 754 1728 epistulam
794 1675 932 1729 ponit,
977 1688 1102 1729 quam
1135 1688 1161 1715 α
1194 1674 1238 1716 S.
1274 1674 1490 1716 Stanislao
1523 1673 1688 1715 Kostka
1720 1673 1901 1726 Dilinya

136 1739 427 1781 Vindobonam
459 1739 520 1780 ad
544 1739 825 1791 „Ernestmffl
861 1754 914 1781 m.
939 1740 1128 1793 Auqusto
1161 1740 1221 1780 vel
1255 1739 1484 1793 Septembri
1516 1753 1555 1780 α.
1581 1739 1698 1780 1567
1730 1739 1901 1779 missam

137 1818 223 1845 esse
254 1805 474 1860 siyizifieat.
529 1804 583 1846 In
617 1819 664 1846 ea
687 1805 932 1846 Staiiislaus
958 1805 1262 1859 „perillustrem
1297 1818 1346 1845 ae
1377 1804 1646 1858 maynifieum
1668 1804 1901 1845 Dominum

137 1883 186 1910 ae
227 1870 408 1910 amicum
449 1869 904 1912 observandissimumf‘
950 1870 1069 1912 illum
1103 1870 1316 1911 certiorem
1355 1869 1484 1922 facit,
1528 1869 1688 1910 seiam
1725 1881 1901 1920 „sanum

135 1934 320 1975 medium
352 1935 432 1976 iter
463 1933 731 1987 confecisse“.
795 1934 989 1976 Tandem
1021 1933 1239 1988 superatis
1271 1935 1338 1975 tot
1370 1933 1516 1983 malis,
1552 1932 1770 1985 Dilingam
1803 1946 1902 1985 per-

135 1998 258 2049 veni,
306 1998 378 2040 ubi
425 2013 451 2040 a
494 1999 692 2053 patribus
740 1999 971 2042 Societatis
1015 1998 1313 2041 amantissime
1360 2001 1609 2052 susceptus,
1658 1997 1901 2050 ibidemque

136 2063 187 2106 R.
211 2063 257 2106 P.
282 2063 543 2106 Provinciali
564 2066 883 2118 praesentatus,
918 2078 943 2106 a
966 2078 1049 2117 quo
1072 2069 1217 2117 opem³
1241 2061 1301 2118 [Ρ]
1327 2063 1600 2106 desideratae
1630 2061 1902 2104 admissionis

137 2128 316 2172 obtinui.
379 2129 439 2171 Mi
470 2129 680 2179 Erneste,
723 2129 758 2171 si
800 2129 933 2172 scires
975 2129 1148 2183 quantis
1189 2128 1360 2182 gaudiis
1404 2128 1536 2170 animi
1579 2127 1743 2181 gestio!
1788 2126 1902 2169 inter

136 2194 319 2236 cacabos
352 2196 396 2237 et
417 2208 573 2248 scopas
595 2195 761 2236 caelum
784 2194 887 2236 mihi
909 2196 989 2237 est.
1033 2194 1155 2247 Rogo
1178 2196 1235 2245 te,
1269 2193 1340 2235 ubi
1363 2195 1638 2248 praesentem
1672 2191 1902 2247 epistulam

136 2259 380 2313 acceperis,
427 2273 526 2310 ora,
571 2262 620 2302 ut
663 2273 732 2301 me
772 2259 966 2313 pluribus
1009 2258 1338 2311 afflictionibus,
1384 2258 1580 2300 crucibus
1620 2257 1741 2299 Iesus
1782 2269 1902 2297 meus

138 2323 341 2377 dignetur
381 2338 527 2366 amare
570 2327 614 2366 et
653 2324 769 2367 inter
809 2326 983 2366 sanctos
1028 2338 1128 2365 suos
1170 2337 1320 2365 servos
1360 2325 1636 2378 peccatorem
1681 2321 1902 2363 servulum

136 2388 309 2432 habere.
353 2389 412 2432 Et
442 2391 491 2431 tu
520 2389 578 2431 mi
603 2389 802 2440 Erneste,
836 2389 895 2430 sis
919 2392 1122 2432 constans
1154 2389 1196 2430 in
1228 2392 1305 2432 tua
1337 2391 1491 2431 sancta
1521 2387 1764 2430 vocatione.
1808 2386 1901 2438 Ego

137 2454 191 2495 ad
222 2453 371 2496 limina
404 2454 699 2508 apostolorum
730 2468 816 2496 non
849 2453 1079 2497 obliviscar
1110 2454 1187 2496 tui.

255 2523 454 2558 Ubaldinus
491 2523 550 2567 (de
584 2536 653 2568 quo
689 2536 798 2569 supra
832 2536 866 2569 p.
893 2524 929 2566 5)
958 2523 1050 2558 hanc
1085 2523 1275 2568 epistulam
1310 2523 1453 2557 videtur
1485 2523 1613 2557 ducere
1639 2532 1773 2556 veram.
1824 2518 1902 2553 Fal-

137 2587 214 2610 sam
249 2577 308 2611 vel
342 2577 448 2612 valde
483 2577 625 2611 dubiam
661 2589 739 2612 eam
776 2589 855 2612 esse
890 2577 1030 2611 censuit
1055 2577 1095 2611 P.
1121 2578 1252 2621 Pouyet
1277 2576 1312 2611 S.
1332 2576 1364 2611 J.
1394 2576 1476 2620 (Vie
1512 2576 1554 2610 de
1590 2574 1692 2609 Saint
1726 2572 1902 2608 Stanislas

138 2630 287 2671 Kostka‚
315 2630 490 2664 Toulouse
512 2631 612 2672 1855,
640 2631 728 2674 81¹),
756 2633 874 2665 motus
900 2642 969 2664 non
995 2633 1069 2664 tam
1088 2630 1262 2664 sermonis
1289 2641 1431 2673 genere,
1458 2640 1526 2673 quo
1550 2628 1685 2672 scripta
1703 2629 1769 2667 est,
1796 2636 1901 2670 quam

138 2684 307 2727 tempore,
334 2684 426 2728 quod
454 2685 484 2718 ei
512 2684 649 2717 invenit
675 2684 890 2729 ascriptum;
919 2683 1012 2728 quod
1038 2685 1180 2728 tempus
1207 2685 1331 2717 contra
1355 2682 1527 2716 historiae
1559 2681 1666 2715 fidem
1692 2691 1770 2714 esse
1796 2678 1902 2712 facile

257 2747 284 2777 a]
307 2748 369 2777 Sic;
388 2748 627 2779 corriyendumne
650 2747 757 2780 spem?

262 2853 271 2872 ¹
296 2853 335 2888 P.
367 2854 603 2888 Theodoricns
631 2855 799 2888 Canisius
832 2856 950 2888 rector
975 2854 1032 2888 21.
1058 2853 1272 2887 Novembris
1309 2852 1399 2886 1567
1427 2851 1579 2894 Borgiae
1612 2849 1803 2895 *sc1·ipsit:
1839 2848 1902 2883 Bis

140 2904 292 2947 singulis
327 2905 556 2940 hebdomadis
591 2918 611 2940 a
638 2907 677 2941 P.
706 2907 836 2941 Pisano
872 2906 1025 2951 priorem
1062 2906 1105 2940 ad
1142 2905 1344 2940 Corinthios
1379 2905 1592 2949 epistulam,
1626 2915 1647 2938 a
1672 2903 1712 2937 P.
1740 2902 1902 2937 Haivodo

141 2968 246 2991 casus
272 2958 520 2999 conscientiae,
547 2962 674 3003 quater
701 2960 854 3003 singulis
884 2959 1118 2994 hebdomadis
1144 2971 1165 2993 a
1191 2959 1231 2993 P.
1259 2958 1361 2993 Gallo
1396 2957 1615 3001 theologiam
1649 2955 1903 2991 scholasticam

141 3010 324 3055 explicari.
374 3011 590 3045 Universum
618 3013 819 3046 auditorum
846 3013 1128 3055 academicorum
1154 3023 1341 3045 numerum
1367 3011 1411 3045 ad
1438 3011 1506 3045 300
1531 3022 1601 3044 non
1626 3009 1813 3055 pervenire
1842 3011 1904 3051 (ex

141 3062 379 3107 autographo;
407 3063 447 3097 G.
476 3064 539 3108 Ep.
559 3064 643 3098 Vlll
670 3065 694 3100 f.
716 3066 812 3108 145).
959 3065 972 3086 2
998 3065 1144 3100 Daniele
1170 3064 1334 3099 Brendel.
