2044 3335
159 98 241 139 130
420 93 522 128 1538.
551 92 716 127 canisius
742 91 923 126 Friderico
949 102 970 125 a
988 90 1191 133 Wirsberg.
1240 88 1386 133 Dilinga
1411 89 1443 124 9.
1463 88 1547 123 Dec.
1568 89 1670 123 1567.

275 214 504 256 Caeterum
548 211 661 264 quod
696 211 750 253 ad
784 210 893 252 alios
925 224 951 251 a
985 209 1111 251 dictis
1144 207 1430 261 Confessarijs
1462 221 1546 249 non
1580 206 1809 257 malitiose,
1851 207 1928 249 sed

156 279 412 333 ignoranter
445 277 670 319 absolutos
696 275 869 325 attinet,
905 277 973 316 est
998 274 1150 315 horum
1175 286 1345 326 quoque
1368 271 1653 326 Conscientijs
1676 285 1702 314 a
1722 271 1927 314 Praelato

157 343 481 392 consulendum,
524 343 574 383 vt
616 355 724 394 quos
767 342 940 382 constat
983 339 1037 381 ab
1071 338 1519 380 excommunicatione
1552 341 1597 379 et
1627 336 1819 391 peccatis
1852 337 1927 378 ab·

158 410 325 451 solutos
358 421 443 449 non
475 406 625 456 fuisse,
659 405 773 448 sicut
804 405 916 447 falso
949 404 992 446 id
1025 403 1106 445 sibi
1139 406 1463 457 persuaserunt.
1512 402 1596 443 Vbi
1629 402 1708 444 hoc
1741 401 1927 443 medium

157 477 201 516 et
233 472 468 514 remedium
493 471 699 513 Praelato
732 484 960 524 superesse
992 469 1179 518 videtur,
1213 469 1263 510 vt
1294 468 1331 509 is
1363 468 1567 509 absentes
1598 466 1695 508 illos
1717 466 1802 509 iam
1826 469 1929 509 ante

156 553 182 580 a
214 538 304 579 suis
345 536 571 590 illegitime
613 535 838 578 absolutos
881 538 925 577 et
965 533 1137 584 inscios,
1181 534 1234 575 ab
1278 531 1724 574 excommunicatione
1764 531 1928 573 maiore

154 603 324 653 liberet,
357 602 605 654 liberosque
636 599 906 654 pronunciet.

275 673 400 715 Vnde
432 671 674 715 intentione
707 671 839 713 animi
872 671 935 712 sui
971 670 1025 712 ad
1059 683 1207 711 omnes
1238 668 1336 710 illos
1369 667 1648 721 quantumuis
1680 667 1828 721 procul
1852 667 1928 709 ab·

156 741 304 781 sentes
347 751 559 780 conuersa
600 737 730 779 dicat.
794 737 898 786 Vos,
942 735 1014 789 qui
1047 749 1074 777 a
1105 733 1213 775 meis
1247 733 1534 787 Confessarijs
1566 733 1609 774 in
1641 733 1723 774 hac
1758 731 1929 774 Diocesi

156 804 209 846 ob
243 817 391 846 casum
435 802 631 844 haeresis
672 802 788 843 intra
830 803 995 843 certum
1037 801 1105 842 tot
1146 813 1357 841 annorum
1390 798 1580 852 spatium
1613 796 1927 840 absolutionem

155 868 391 911 inualidam
433 867 676 921 accepistis,
721 866 900 908 absoluo
943 878 1091 906 omnes
1133 867 1177 907 et
1217 863 1412 916 singulos
1445 877 1470 905 a
1502 862 1721 905 sententia
1753 861 1929 904 maioris

156 932 630 982 excommunicationis,
674 931 717 972 in
755 945 884 984 quam
918 933 1097 984 propter
1128 929 1343 971 haeresim
1376 927 1600 978 incidistis,
1643 927 1685 968 in
1719 932 1926 980 quantum

154 1013 333 1053 possum
366 1000 410 1040 et
442 997 583 1047 valeo,
616 997 673 1038 Jn
705 996 878 1038 nomine
912 995 1056 1038 Patris
1089 997 1133 1036 et
1161 993 1256 1048 Filij
1291 996 1335 1035 et
1358 992 1544 1047 Spiritus
1577 993 1730 1035 sancti.
1774 992 1926 1037 Amen.

276 1069 487 1119 Quoniam
519 1081 624 1109 vero
657 1067 767 1109 satis
798 1081 883 1108 non
918 1069 998 1116 est,
1031 1065 1280 1120 praedictos
1313 1065 1516 1106 absentes
1548 1064 1602 1106 ab
1633 1063 1928 1106 excommuni-

158 1134 343 1183 catione,
385 1134 428 1176 in
471 1147 574 1175 casu
615 1131 810 1174 haeresis
851 1131 1041 1181 liberari,
1085 1130 1166 1172 nisi
1208 1132 1462 1184 praesentes
1504 1129 1635 1171 etiam
1678 1143 1704 1171 a
1736 1129 1927 1183 peccatis

155 1199 334 1253 reliquis
377 1199 685 1241 absoluantur:
738 1199 862 1239 curet
905 1196 1019 1238 idem
1061 1195 1313 1245 Praelatus,
1363 1197 1412 1236 vt
1455 1193 1717 1248 Confessarij
1763 1208 1925 1245 omnes,

156 1264 412 1318 praesertim
432 1262 631 1313 Parochi,
649 1276 744 1304 cum
762 1262 946 1316 primum
966 1263 1184 1315 poterunt,
1204 1263 1249 1302 et
1266 1259 1454 1301 maxime
1472 1263 1669 1313 tempore
1684 1259 1924 1309 Paschatis,

155 1329 369 1372 rationem
388 1329 650 1383 peculiarem
668 1327 854 1376 illorum,
874 1341 981 1380 quos
1004 1329 1134 1368 antea
1156 1339 1386 1380 perperam
1409 1324 1704 1375 absoluerunt,
1722 1324 1925 1373 habeant,

157 1409 317 1448 eosque
348 1396 613 1448 praeparent
646 1393 775 1435 etiam
811 1406 861 1434 ac
895 1395 1194 1446 promoueant‚
1228 1391 1283 1432 ad
1316 1389 1631 1432 absolut-ionem
1664 1389 1715 1431 de
1737 1388 1927 1443 peccatis

157 1460 246 1502 suis
288 1460 484 1502 omnibus
528 1458 761 1513 petendam
777 1459 804 1500 1.
868 1457 1012 1498 Aliam
1054 1459 1173 1498 certe
1215 1455 1521 1510 simpliciorem
1565 1455 1695 1505 viam,
1741 1468 1787 1496 re
1831 1468 1926 1496 cum

156 1525 435 1579 Sapientibus
474 1524 648 1574 collata,
690 1537 774 1564 non
807 1521 989 1577 reperio,
1033 1524 1077 1564 et
1109 1535 1235 1575 spero
1268 1521 1380 1562 hanc
1411 1520 1549 1574 ipsam
1583 1520 1786 1561 Praelato
1819 1519 1927 1562 bene

158 1590 333 1632 conanti
365 1604 450 1631 non
483 1603 662 1644 prorsus
695 1587 914 1629 difficilem
948 1587 1042 1629 fore
1065 1586 1249 1628 Domino
1272 1584 1527 1635 auxiliante,
1562 1585 1633 1638 qui
1659 1599 1781 1626 suam
1804 1584 1927 1626 nobis

156 1656 347 1710 gratiam
380 1668 550 1709 semper
583 1667 745 1706 augere
775 1653 991 1706 dignetur,
1026 1654 1233 1704 tuamque
1256 1650 1580 1693 celsitudinem³
1612 1649 1682 1691 diu
1705 1649 1927 1692 Ecclesiae

157 1723 338 1763 sanctae
371 1721 616 1763 conseruet.

276 1790 468 1844 Adjunxi
490 1791 724 1832 Decretum
747 1788 861 1831 sacri
884 1787 1059 1841 Concilij
1083 1787 1338 1837 Tridentini,
1364 1787 1478 1840 quod
1500 1786 1625 1840 cupio
1647 1785 1928 1828 vehementer

156 1856 201 1898 in
243 1856 440 1898 Ecclesia
482 1854 785 1909 Herbipolensi
828 1867 965 1907 aeque
1006 1867 1056 1894 ac
1099 1852 1368 1906 Augustensi
1409 1852 1566 1904 vbique
1610 1851 1833 1905 publicari,
1878 1853 1927 1893 vt

158 1921 366 1975 Coniugia
399 1920 681 1970 clandestina,
717 1933 828 1972 quae
861 1922 929 1961 tot
960 1918 1137 1972 pariunt
1168 1919 1210 1959 in
1244 1918 1375 1970 vulgo
1408 1916 1700 1970 turpitudines
1732 1919 1776 1958 et
1802 1930 1927 1958 scan-

158 1986 296 2036 dalab,
339 2000 516 2040 prorsus
550 2000 572 2027 e
604 1984 744 2027 medio
778 1984 1004 2033 tollantur,
1039 1986 1083 2026 et
1115 1983 1276 2025 Sancto
1308 1981 1588 2024 Matrimonio
1621 1996 1724 2023 suus
1757 1981 1926 2023 demum

157 2052 293 2094 honos
325 2051 626 2094 restituatur2.
691 2049 893 2102 Dilingae
927 2051 965 2092 9.
1000 2048 1201 2091 Decemb.
1235 2047 1361 2089 Anno
1399 2049 1524 2089 1567.

266 2151 294 2176 a)
316 2149 517 2174 cesitudinem
537 2158 584 2180 (Ψ.
659 2148 689 2180 b)
711 2148 837 2173 sandala
857 2156 904 2179 ap.

282 2281 291 2301 ¹
318 2280 373 2314 Ex
398 2279 455 2314 his
480 2279 612 2313 litteris
639 2278 878 2321 cognoscitur,
907 2276 1090 2310 Canisium
1117 2274 1368 2318 rigorosiorem
1394 2273 1492 2308 illam
1520 2273 1735 2308 sententiam
1761 2274 1925 2306 secutum

157 2345 247 2376 esse,
285 2345 378 2378 quae
404 2333 455 2367 ita
481 2332 654 2367 habebat:
691 2331 744 2365 Ne
770 2331 851 2365 illos
877 2330 1018 2374 quidem
1046 2328 1247 2363 haereticos
1281 2339 1345 2372 per
1371 2327 1517 2371 quosvis
1543 2326 1749 2360 sacerdotes
1784 2325 1828 2359 ab
1854 2325 1927 2370 epi-

159 2398 265 2431 scopo
292 2387 477 2430 delegatos
504 2385 642 2420 absolvi
670 2395 791 2429 posse,
818 2384 879 2427 qui
905 2385 1078 2428 perpetuo
1104 2381 1359 2426 impedimento
1387 2381 1443 2423 (ut
1468 2379 1557 2413 nihil
1584 2380 1699 2413 dicam
1726 2379 1767 2412 de
1794 2379 1838 2412 iis
1864 2379 1925 2423 qui

159 2440 204 2473 ad
230 2443 372 2484 tempus
397 2439 699 2484 impediebantur)
728 2437 1011 2482 prohiberentur,
1038 2447 1081 2469 ne
1100 2446 1278 2469 summum
1298 2433 1501 2478 pontificem
1527 2433 1596 2477 ipsi
1614 2432 1772 2472 adirent;
1800 2432 1835 2465 in
1855 2443 1925 2476 qua

159 2493 364 2526 condicione
399 2495 496 2526 certe
532 2490 743 2525 miserrimis
778 2490 851 2524 illis
886 2489 1106 2534 temporibus
1141 2488 1286 2533 plurimi
1321 2499 1366 2521 ex
1392 2486 1585 2521 haereticis
1611 2485 1784 2519 dioecesis
1809 2485 1924 2519 herbi-

160 2545 317 2589 polensis
344 2548 456 2579 erant.
506 2545 603 2578 Idem
632 2544 740 2578 etiam
766 2543 911 2577 ineunte
936 2542 1080 2577 saeculo
1108 2541 1220 2575 XVII.
1248 2540 1405 2582 theologi
1432 2539 1542 2583 aliqui
1568 2539 1663 2582 iique
1689 2549 1820 2581 graves
1846 2549 1924 2572 sen-

160 2599 306 2639 tiebant,
335 2601 374 2632 ut
397 2599 549 2632 Thomas
576 2598 736 2631 Sanchez
761 2596 843 2631 S.J.
864 2596 900 2639 (†
918 2596 1037 2638 1610),
1065 2593 1165 2639 Opus
1193 2593 1326 2627 morale
1358 2594 1393 2626 in
1426 2594 1619 2637 praecepta
1645 2591 1815 2634 Decalogi
1842 2591 1865 2624 1.
1893 2591 1922 2632 2,

159 2663 188 2685 c.
220 2652 272 2692 13,
300 2663 332 2685 n.
360 2652 402 2685 37
433 2651 532 2693 (tom.
560 2651 586 2691 Ι,
614 2650 777 2693 Lugduni
807 2650 907 2690 1615,
937 2650 1033 2692 132),
1061 2652 1096 2682 et
1122 2649 1306 2682 Martinus
1332 2648 1519 2680 Bonaclna
1548 2645 1583 2688 (†
1613 2644 1731 2687 1631),
1758 2643 1810 2677 De
1838 2644 1923 2679 Cen—

159 2704 254 2738 suris
282 2705 317 2737 in
343 2704 519 2737 communi
547 2704 636 2747 disp.
659 2705 687 2744 l,
714 2715 748 2746 q.
777 2703 808 2743 3,
834 2705 956 2748 punct.
986 2702 1018 2743 2,
1044 2714 1078 2736 11.
1097 2702 1120 2735 4
1148 2701 1283 2746 (Opera
1309 2701 1427 2733 omnia
1450 2699 1476 2738 I,
1503 2697 1668 2740 Lugduni
1690 2697 1789 2738 1678,
1816 2697 1923 2739 352);

162 2757 221 2790 alii
248 2757 312 2790 hoe
341 2756 468 2790 saltem
497 2756 748 2790 affirmabant:
775 2755 960 2789 Eiusmodi
987 2754 1248 2789 absolutionem
1274 2764 1343 2786 non
1371 2763 1450 2786 esse
1475 2753 1611 2790 tutam3
1637 2751 1688 2784 ita
1714 2752 1924 2784 Dominicus

160 2821 180 2843 (1
210 2811 292 2843 Soto
319 2809 360 2843 O.
380 2810 437 2842 Pr.
468 2810 502 2851 (†
521 2810 639 2852 1560),
667 2809 922 2843 Commentarii
955 2808 990 2842 in
1018 2807 1193 2849 Quartum
1221 2805 1486 2855 §ententiarum
1521 2804 1602 2837 dist.
1623 2803 1678 2844 22,
1705 2815 1738 2847 q.
1758 2804 1789 2845 2,
1816 2806 1882 2838 art.
1902 2804 1921 2837 3

161 2864 261 2907 (tom.
281 2862 306 2903 Ι,
326 2862 487 2895 Venetiis
509 2863 608 2903 1570,
635 2862 659 2895 f.
687 2861 803 2905 40512).
842 2862 1031 2896 Caeterum
1059 2861 1104 2895 cf.
1132 2871 1240 2904 supra
1267 2871 1298 2904 p.
1328 2859 1399 2893 78⁵.
1442 2858 1518 2900 Ego
1547 2856 1681 2891 Canisii
1706 2857 1922 2890 sententiam

132 2913 137 2918 ’
161 2928 264 2961 pono,
292 2926 358 2949 nec
384 2918 506 2948 tamen
532 2915 605 2949 ulla
632 2915 770 2949 ratione
796 2915 924 2949 iudico.

279 2975 292 2995 2
319 2974 510 3007 Decretum
536 2974 624 3007 illud
656 2974 855 3015 „Tametsi“
889 2974 995 3017 (sess.
1021 2973 1077 3014 24,
1104 2973 1147 3007 de
1173 2972 1239 3006 ref.
1265 2973 1369 3005 matr.
1396 2970 1488 3004 decr.
1520 2970 1553 3012 1)
1582 2969 1679 3010 dicit,
1705 2980 1774 3012 quo
1800 2969 1922 3002 matri-

160 3028 288 3069 monia,
315 3039 407 3071 quae
433 3027 539 3060 aliter
566 3038 672 3070 quam
700 3039 817 3060 coram
845 3027 999 3071 parocho
1026 3029 1061 3060 et
1088 3025 1225 3060 duobus
1251 3024 1413 3059 tribusve
1431 3022 1586 3057 testibus
1610 3022 1795 3063 inirentur,
1821 3021 1922 3055 irrita

159 3093 239 3115 esse
266 3080 488 3114 iubebantur.
