2044 3335
572 82 738 125 Augusta
765 80 1033 115 Vindelicorum
1065 79 1117 113 13.
1138 77 1220 112 Iulii
1249 77 1350 112 1569.
1760 77 1842 117 351

75 201 171 244 istis
211 199 450 254 permittat,
494 197 565 251 qui
607 198 740 240 uerbo
774 198 851 240 Dei
895 197 1145 251 petulanter
1185 197 1228 237 et
1271 209 1365 236 cum
1408 193 1544 237 totius
1588 191 1847 235 Germaniae

78 264 265 320 pernicie
298 263 437 316 magis
469 276 520 304 ac
552 263 693 316 magis
726 263 978 305 abutuntur.

196 329 315 379 Quod
357 328 393 369 si
434 329 664 381 praeterea
705 327 912 369 iudicabit
954 325 1169 381 sapientia
1210 327 1288 367 tua
1329 338 1414 365 non
1455 323 1607 365 inutile
1648 322 1755 371 fore,
1798 322 1848 361 vt

78 394 280 436 mittatur
312 393 367 435 ad
399 392 516 434 illam
551 392 712 445 aliquid
735 393 851 434 lectu
875 392 1050 444 dignum
1076 390 1128 432 de
1151 389 1390 442 Religione,
1426 403 1510 430 non
1534 388 1611 429 abs
1633 400 1680 428 re
1702 385 1848 434 fuerit,

80 458 194 501 mitti
227 457 543 500 Catechismum
566 457 809 499 Romanum
832 457 1034 509 Dilingae
1067 469 1286 503 excusum,
1323 457 1367 496 et
1390 453 1639 495 Centuriam
1671 450 1849 493 tertiam

80 523 188 566 Nasi
230 523 281 564 de
325 521 539 575 corruptis
571 522 751 564 Lutheri
793 521 948 575 biblijs,
992 523 1037 563 et
1069 519 1251 562 Joannis
1284 518 1412 560 Fabri
1446 518 1602 559 librum
1636 531 1721 558 von
1755 516 1849 556 dem

79 588 259 630 rechten
281 601 378 640 weg
393 588 420 629 1.
464 587 556 628 Hos
590 586 782 639 aliosque
815 586 908 641 pios
932 586 1101 627 codices
1126 598 1205 637 ego
1227 583 1290 625 illi
1312 583 1510 625 vtiliores
1533 582 1625 624 fore
1648 580 1850 629 arbitror,

82 667 210 706 quam
244 652 560 706 disputationes
594 651 822 704 quaslibet,
866 651 978 692 unde
1010 650 1276 692 insolescunt
1308 647 1564 697 istiusmodi,
1600 646 1753 699 quibus
1785 644 1851 686 fa—

80 717 260 760 miliaris
303 720 370 759 est
411 716 589 770 spiritus
631 716 697 769 (ut
739 716 912 769 quidam
960 714 1139 767 uocant)
1189 712 1556 756 contradictionis.
1630 711 1722 752 Nec
1771 709 1853 751 erit

82 783 269 833 difficile,
303 782 339 824 si
361 782 549 824 voluerit
581 781 721 835 pietas
743 783 832 832 tua,
868 784 917 823 vt
940 779 1263 822 commemorati
1297 777 1395 819 libri
1418 776 1673 819 Germanice
1706 774 1853 817 excusi

83 851 128 890 et
152 851 382 900 utcumque
406 846 599 899 colligati
622 849 822 888 emantur
845 845 1084 899 Augustae,
1115 847 1159 886 et
1181 844 1279 885 hinc
1302 843 1527 885 Brixinam
1549 842 1852 895 importentur.

82 914 107 955 J
115 913 227 966 dque
268 911 397 954 facile
435 911 653 953 curauerit
685 911 742 952 M.
767 911 1111 965 Christopherus,
1156 922 1281 962 quem
1314 908 1483 960 gaudeo
1516 906 1644 949 isthic
1676 905 1720 946 in
1753 918 1854 946 con-

85 977 279 1020 tionandi
310 990 487 1018 munere
521 975 701 1026 uersari,
746 978 790 1017 et
822 975 890 1017 cui
923 976 1109 1018 salutem
1145 977 1245 1028 opto
1280 987 1334 1015 ex
1367 987 1434 1014 me
1468 971 1551 1014 dici
1583 970 1811 1025 plurimam
1825 969 1854 1010 2.

86 1043 208 1084 Haec
240 1045 354 1092 sunt,
398 1055 509 1094 quae
541 1041 804 1095 respondere
836 1041 975 1082 uisum
1010 1042 1077 1082 est
1109 1038 1344 1082 humaniss.
1388 1037 1527 1080 literis
1560 1033 1857 1090 amplitudinis

86 1110 209 1150 tuae:
256 1121 330 1148 oro
377 1109 523 1149 autem
567 1105 773 1147 maiorem
818 1106 858 1146 in
906 1106 1093 1155 modum,
1139 1107 1187 1146 ut
1231 1104 1331 1145 boni
1376 1103 1658 1145 consulantur
1699 1099 1855 1142 onmia.

86 1172 279 1215 Remitto
311 1171 474 1226 scripta
505 1185 582 1225 per
613 1185 805 1225 puerum,
841 1185 951 1224 quae
974 1169 1133 1224 accepi,
1166 1183 1321 1222 meque
1349 1168 1551 1222 dignitati
1573 1170 1688 1217 tuae,
1722 1164 1860 1207 ueluti

87 1236 296 1290 singulari
329 1237 550 1279 societatis
583 1238 761 1278 nostrae
793 1236 998 1287 Patrone,
1033 1236 1237 1278 accurate
1271 1233 1534 1276 commendo.
1590 1232 1860 1274 Reuerenter

89 1302 219 1345 etiam
262 1302 501 1344 salutatum
544 1315 599 1343 ex
640 1316 707 1343 me
751 1301 874 1354 cupio
916 1301 968 1343 R.
1003 1301 1054 1343 D.
1090 1301 1420 1352 Suffraganeum
1435 1299 1463 1341 3.
1528 1297 1723 1339 Christus
1757 1296 1858 1349 Opt.

89 1367 206 1411 Max.
226 1367 482 1421 dignitatem
506 1369 625 1409 tuam
642 1366 863 1408 Ecclesiae
887 1366 957 1407 diu
976 1367 1183 1420 sospitem
1208 1368 1252 1407 et
1270 1364 1420 1406 utilem
1438 1366 1596 1405 seruet.
1633 1361 1860 1415 Augustae

96 1435 148 1475 13
182 1433 284 1487 Julij
322 1434 448 1476 1569·
976 1467 1137 1509 Seruus
1168 1466 1213 1508 in
1246 1465 1416 1508 Christo
1450 1465 1496 1507 P.
1533 1462 1741 1506 CaniSiUS·

211 1563 365 1605 Posset
396 1562 597 1605 fortassis
630 1562 794 1604 moneri
827 1575 963 1611 soror,
996 1562 1045 1603 ut
1068 1560 1314 1614 aliquando,
1349 1563 1393 1602 et
1427 1573 1521 1601 cum
1556 1558 1739 1612 primum
1770 1554 1862 1597 fieri

93 1630 253 1682 posset,
297 1628 351 1669 ad
384 1627 650 1670 Catholicum
690 1628 829 1669 locum
864 1627 1104 1676 accederet,
1149 1629 1193 1668 et
1224 1625 1268 1666 in
1301 1639 1351 1667 eo
1386 1624 1645 1678 colloquium
1680 1623 1731 1663 de
1763 1620 1863 1662 reli-

219 1747 228 1764 1
256 1744 488 1787 Significatur
514 1756 534 1778 a
550 1744 711 1779 Oanisio:
741 1744 771 1778 1.
788 1743 1005 1778 Catechismi
1024 1743 1175 1777 Romani
1195 1742 1313 1776 versio
1337 1741 1553 1785 germanica,
1581 1751 1672 1784 quae
1700 1739 1866 1772 accurate

96 1798 320 1832 describetur
355 1798 458 1839 infra,
495 1810 587 1832 mon.
615 1797 684 1832 litt.
714 1797 805 1841 (12).
857 1797 888 1830 2.
916 1796 1059 1831 loannis
1084 1795 1171 1830 Nasi
1203 1795 1470 1839 (1534—1590)
1500 1793 1624 1834 franci,
1652 1804 1683 1827 a.
1705 1791 1795 1826 1552
1822 1802 1867 1824 ex

96 1851 355 1885 lutheranismo
391 1852 434 1885 ad
461 1851 651 1885 ecclesiam
688 1851 902 1885 catholicam
929 1850 1079 1891 reducti,
1115 1848 1280 1894 polemici
1307 1848 1481 1889 acerrimi,
1518 1847 1579 1892 qui
1614 1846 1681 1880 hoc
1707 1849 1866 1889 tempore

98 1904 309 1947 Ingolstadii
344 1904 563 1948 gum-dianus
599 1905 919 1939 Franciscanorum
956 1904 999 1937 de
1035 1903 1265 1937 observantia
1300 1902 1413 1936 fuisse
1439 1901 1584 1935 videtur
1613 1899 1732 1944 (plura
1759 1899 1801 1932 de
1828 1909 1867 1930 eo

98 1958 220 2001 infra),
265 1957 407 2000 „Tertia
434 1958 605 1992 Centuria
631 1957 704 1992 Das
730 1958 788 1998 ist,
816 1957 889 1991 Das
916 1957 1024 1991 dritte
1052 1957 1227 1997 Hundert,
1264 1956 1325 1989 der
1352 1954 1591 2000 gedoppelten
1618 1951 1867 1995 Euangelosen

99 2011 261 2052 ivai-hait,
289 2011 514 2046 betreffendt.
551 2011 592 2045 D.
613 2011 767 2045 Lutliers
794 2010 872 2044 leln-
898 2011 971 2044 vnd
998 2009 1273 2052 dolmetschung
1299 2009 1361 2043 der
1387 2008 1500 2049 Bibel,
1527 2019 1611 2042 auss
1638 2004 1868 2040 ernstlichem

99 2064 281 2098 ansuchen
308 2065 379 2098 vnd
406 2065 561 2108 begeren
588 2065 629 2099 D.
645 2064 785 2098 Andres
804 2064 1043 2098 Schmidleins
1069 2064 1105 2097 in
1131 2063 1238 2097 truck
1265 2063 1391 2105 geben.
1425 2062 1508 2095 Wie
1526 2060 1693 2095 Salomon
1720 2057 1869 2104 spricht.

100 2118 179 2151 Pro.
200 2117 256 2152 26.
284 2119 449 2152 Antwort
475 2118 554 2152 dem
582 2118 722 2152 Thoren
749 2117 841 2151 nach
868 2117 986 2151 seiner
1012 2116 1184 2157 nai-rhait‚
1213 2117 1289 2150 auff
1311 2117 1376 2150 das
1403 2127 1440 2149 er
1467 2114 1545 2149 sich
1572 2113 1672 2147 nicht
1698 2113 1756 2146 fiir
1781 2111 1870 2154 klug

100 2171 188 2205 halt.
238 2171 360 2205 Durch
387 2171 424 2205 F.
453 2172 574 2205 Ioann.
602 2171 740 2211 Nass“;
776 2171 812 2204 in
839 2171 910 2204 fine
936 2170 1037 2205 libri:
1079 2170 1279 2213 „Getruckt
1314 2182 1356 2203 zu
1384 2168 1589 2213 lngolstatt,
1626 2166 1738 2200 durch
1765 2165 1869 2199 Alex.

101 2224 403 2261 Weissenhorn“:
440 2225 516 2259 sine
549 2236 640 2258 anno
670 2225 747 2268 (8⁰2
776 2224 812 2259 ff.
839 2224 944 2268 267);
981 2224 1071 2258 liber
1098 2224 1212 2258 denuo
1240 2223 1357 2257 editus
1384 2226 1440 2257 est
1466 2234 1498 2256 a.
1519 2221 1620 2262 1568,
1650 2220 1752 2260 1569,
1781 2218 1870 2252 1570

105 2278 202 2321 (Joh,
230 2279 335 2321 Bapt.
364 2279 500 2321 Scho'pf
523 2278 564 2313 O.
587 2278 686 2319 Min„
715 2277 899 2312 Johannes
926 2277 1056 2320 Nasus,
1093 2278 1209 2312 Bozen
1240 2277 1340 2316 1860,
1369 2277 1432 2317 73;
1467 2276 1549 2310 libri
1576 2275 1697 2309 brevis
1731 2283 1872 2307 summa

102 2333 157 2366 est
183 2331 314 2365 ibidem
343 2332 500 2372 18-19;
528 2332 572 2366 cf.
600 2331 708 2365 etiam
736 2333 889 2365 Janssen
918 2331 941 2365 l.
961 2331 1038 2365 c.V
1057 2331 1151 2352 ¹⁵-¹⁶
1175 2330 1394 2374 401—415).
1435 2330 1466 2364 3.
1496 2328 1636 2363 Ioannis
1662 2326 1769 2361 Fabri
1795 2325 1872 2359 sive

103 2384 265 2419 Schmidt
291 2384 332 2419 Ο.
360 2385 416 2419 Pr.
446 2385 716 2428 (1504—15583
759 2385 802 2418 de
834 2396 903 2429 quo
935 2386 1020 2419 Cau.
1049 2385 1062 2418 Ι
1091 2384 1189 2428 7112)
1224 2384 1315 2426 „Der
1348 2383 1450 2417 recht
1468 2382 1573 2426 Weg.
1617 2380 1768 2414 Welche
1794 2390 1874 2422 weg

103 2439 188 2472 oder
214 2440 330 2472 strass
357 2438 419 2472 der
445 2438 595 2482 glaubig
621 2438 786 2472 wandeln
813 2438 897 2472 oder
923 2438 1017 2481 gehn
1045 2438 1123 2478 soll,
1161 2438 1224 2471 das
1252 2450 1288 2471 er
1314 2437 1456 2471 komme
1484 2448 1526 2469 zu
1554 2436 1616 2469 der
1642 2434 1781 2477 ewigen
1806 2443 1873 2475 rug

104 2491 175 2525 und
202 2491 361 2526 frieden:
397 2491 480 2525 ΑΗΕ
508 2492 575 2526 den
594 2491 746 2525 NVorten
782 2491 845 2525 des
873 2491 1076 2536 Propheten
1105 2491 1304 2525 Hieremie:
1341 2490 1470 2525 Standt
1506 2489 1580 2523 auff
1612 2488 1667 2521 die
1695 2486 1874 2527 Strassen,

105 2555 181 2589 cap.
209 2545 239 2585 6,
267 2545 488 2590 geprediget.
532 2545 652 2579 Durch
679 2545 720 2579 D.
749 2544 891 2578 Johann
918 2545 1025 2579 Fabri
1051 2557 1121 2578 von
1148 2544 1326 2578 Hailbrun
1355 2571 1387 2577 ..
1410 2571 1416 2577 .
1446 2542 1653 2577 MDLHP‘.
1696 2540 1874 2583 Dilingae,

106 2598 198 2643 apud
225 2598 417 2633 Sebaldum
436 2599 580 2644 Mayer:
609 2599 672 2637 4⁰;
701 2598 736 2632 ff.
758 2599 843 2635 1472
872 2597 962 2632 liber
988 2598 1103 2632 denuo
1131 2609 1287 2632 excusus
1314 2599 1369 2631 est
1396 2596 1562 2639 Dilingae
1590 2607 1620 2629 a.
1643 2595 1744 2635 1554,
1774 2594 1874 2633 1556,

109 2652 209 2693 1557,
239 2652 329 2687 1566
355 2656 392 2686 et
418 2652 584 2686 Coloniae
614 2652 693 2697 (per
719 2651 949 2685 Tilmannum
976 2651 1211 2686 Bredenbach
1236 2650 1347 2684 latine
1374 2650 1517 2691 versus)
1547 2661 1578 2684 a.
1600 2649 1690 2684 1563
1711 2648 1875 2691 (Paulus,

108 2705 288 2739 Deutsche
314 2705 572 2740 Dominikaner
598 2705 816 2749 251—253).

228 2759 241 2779 ‘²
267 2759 545 2804 Christophorus
564 2759 784 2804 Rastperger
805 2758 1039 2802 (Rasberger)
1060 2757 1279 2792 brixinensis
1308 2758 1366 2799 (ex
1394 2757 1434 2791 St
1453 2756 1598 2791 Andrae
1624 2767 1733 2801 prope
1761 2755 1876 2788 Brixi-

109 2824 189 2846 nam
217 2812 345 2856 ortus),
372 2813 553 2847 Sociorum
580 2812 917 2856 ingolstadiensium
936 2811 1143 2856 discipulus,
1171 2823 1202 2845 a.
1221 2812 1307 2846 1561
1331 2810 1464 2845 Canisii
1491 2821 1598 2855 opera
1625 2810 1661 2843 in
1687 2809 1875 2853 collegium

110 2866 353 2910 germanicum
380 2866 561 2901 admissus
591 2868 697 2908 (Can.
724 2866 775 2899 III
800 2867 845 2900 48
873 2865 917 2899 62
947 2865 1059 2909 192⁵),
1091 2877 1122 2899 a.
1145 2865 1234 2899 1564
1261 2865 1472 2899 matriculae
1488 2859 1748 2898 'universitatis
1776 2862 1877 2896 dilin-

113 2931 228 2964 ganae
263 2919 458 2964 inscriptus
486 2920 640 2964 (Speclzt,
673 2920 779 2954 Matr.
807 2920 822 2953 I
848 2920 924 2959 47),
961 2919 995 2953 in
1031 2918 1231 2953 cathedrali
1267 2918 1419 2953 ecclesia
1455 2917 1745 2957 contionabatur;
1785 2917 1878 2961 quod

112 2974 269 3007 officium
294 2985 408 3017 usque
434 2974 479 3008 ad
505 2977 655 3008 mortem
686 2975 720 3017 (†
748 2974 800 3007 14.
826 2973 913 3007 Maii
942 2974 1048 3016 1571)
1076 2972 1194 3006 tenuit
1222 2972 1442 3016 (Sz'imacher
1468 2972 1490 3006 l.
1518 2983 1546 3006 c.
1566 2971 1634 3005 VH
1661 2971 1878 3015 580—581).

234 3028 245 3046 3
270 3027 430 3061 Blasium
457 3027 730 3072 Aliprandinum
767 3026 828 3070 (G.
861 3027 1098 3070 Tinkhauser,
1130 3025 1879 3071 Topographisch-historisch-statistischc

113 3079 383 3123 Beschreibung
409 3080 471 3114 der
497 3080 646 3115 Diocese
674 3080 806 3114 Brixen
832 3080 858 3121 I,
886 3079 1019 3113 Brixen
1049 3080 1150 3121 1855,
1178 3079 1253 3123 32).
