<?xml version="1.0" encoding="UTF-8"?>
<!DOCTYPE html PUBLIC "-//W3C//DTD XHTML 1.0 Transitional//EN"
    "http://www.w3.org/TR/xhtml1/DTD/xhtml1-transitional.dtd">
<html xmlns="http://www.w3.org/1999/xhtml" xml:lang="en" lang="en">
 <head>
  <title>
</title>
<meta http-equiv="Content-Type" content="text/html;charset=utf-8" />
  <meta name='ocr-system' content='tesseract 3.04.00' />
  <meta name='ocr-capabilities' content='ocr_page ocr_carea ocr_par ocr_line ocrx_word'/>
</head>
<body>
  <div class='ocr_page' id='page_1' title='image "beatipetricanisi06cani_0052.png"; bbox 0 0 2044 3335; ppageno 0'>
   <div class='ocr_carea' id='block_1_1' title="bbox 227 135 316 159">
    <p class='ocr_par' dir='ltr' id='par_1_1' title="bbox 227 135 316 159">
     <span class='ocr_line' id='line_1_1' title="bbox 227 135 316 159; baseline 0 0"><span class='ocrx_word' id='word_1_1' title='bbox 227 135 316 159; x_wconf 86' lang='lat' dir='ltr'>XLVI</span> 
     </span>
    </p>
   </div>
   <div class='ocr_carea' id='block_1_2' title="bbox 275 241 364 276">
    <p class='ocr_par' dir='ltr' id='par_1_2' title="bbox 275 241 364 276">
     <span class='ocr_line' id='line_1_2' title="bbox 275 241 364 276; baseline 0 0"><span class='ocrx_word' id='word_1_2' title='bbox 275 241 364 276; x_wconf 88' lang='lat'>1571</span> 
     </span>
    </p>
   </div>
   <div class='ocr_carea' id='block_1_3' title="bbox 275 348 363 383">
    <p class='ocr_par' dir='ltr' id='par_1_3' title="bbox 275 348 363 383">
     <span class='ocr_line' id='line_1_3' title="bbox 275 348 363 383; baseline -0.011 0"><span class='ocrx_word' id='word_1_3' title='bbox 275 348 363 383; x_wconf 89' lang='lat'>1571</span> 
     </span>
    </p>
   </div>
   <div class='ocr_carea' id='block_1_4' title="bbox 275 508 363 542">
    <p class='ocr_par' dir='ltr' id='par_1_4' title="bbox 275 508 363 542">
     <span class='ocr_line' id='line_1_4' title="bbox 275 508 363 542; baseline 0 0"><span class='ocrx_word' id='word_1_4' title='bbox 275 508 363 542; x_wconf 93' lang='lat'>1571</span> 
     </span>
    </p>
   </div>
   <div class='ocr_carea' id='block_1_5' title="bbox 275 666 363 760">
    <p class='ocr_par' dir='ltr' id='par_1_5' title="bbox 275 666 363 760">
     <span class='ocr_line' id='line_1_5' title="bbox 275 666 363 700; baseline 0 0"><span class='ocrx_word' id='word_1_5' title='bbox 275 666 363 700; x_wconf 88' lang='lat'>1571</span> 
     </span>
     <span class='ocr_line' id='line_1_6' title="bbox 275 725 363 760; baseline -0.023 0"><span class='ocrx_word' id='word_1_6' title='bbox 275 725 363 760; x_wconf 88' lang='grc'><strong>1571</strong></span> 
     </span>
    </p>
   </div>
   <div class='ocr_carea' id='block_1_6' title="bbox 274 886 362 920">
    <p class='ocr_par' dir='ltr' id='par_1_6' title="bbox 274 886 362 920">
     <span class='ocr_line' id='line_1_7' title="bbox 274 886 362 920; baseline 0 0"><span class='ocrx_word' id='word_1_7' title='bbox 274 886 362 920; x_wconf 88' lang='grc'><strong>1571</strong></span> 
     </span>
    </p>
   </div>
   <div class='ocr_carea' id='block_1_7' title="bbox 274 1046 362 1080">
    <p class='ocr_par' dir='ltr' id='par_1_7' title="bbox 274 1046 362 1080">
     <span class='ocr_line' id='line_1_8' title="bbox 274 1046 362 1080; baseline -0.011 0"><span class='ocrx_word' id='word_1_8' title='bbox 274 1046 362 1080; x_wconf 88' lang='grc'><strong>1571</strong></span> 
     </span>
    </p>
   </div>
   <div class='ocr_carea' id='block_1_8' title="bbox 276 1204 364 1238">
    <p class='ocr_par' dir='ltr' id='par_1_8' title="bbox 276 1204 364 1238">
     <span class='ocr_line' id='line_1_9' title="bbox 276 1204 364 1238; baseline 0 0"><span class='ocrx_word' id='word_1_9' title='bbox 276 1204 364 1238; x_wconf 88' lang='grc'><strong>1571</strong></span> 
     </span>
    </p>
   </div>
   <div class='ocr_carea' id='block_1_9' title="bbox 278 1417 368 1452">
    <p class='ocr_par' dir='ltr' id='par_1_9' title="bbox 278 1417 368 1452">
     <span class='ocr_line' id='line_1_10' title="bbox 278 1417 368 1452; baseline 0 -1"><span class='ocrx_word' id='word_1_10' title='bbox 278 1417 368 1452; x_wconf 86' lang='grc'><strong>1571</strong></span> 
     </span>
    </p>
   </div>
   <div class='ocr_carea' id='block_1_10' title="bbox 278 1525 367 1560">
    <p class='ocr_par' dir='ltr' id='par_1_10' title="bbox 278 1525 367 1560">
     <span class='ocr_line' id='line_1_11' title="bbox 278 1525 367 1560; baseline 0 -1"><span class='ocrx_word' id='word_1_11' title='bbox 278 1525 367 1560; x_wconf 89' lang='grc'><strong>1571</strong></span> 
     </span>
    </p>
   </div>
   <div class='ocr_carea' id='block_1_11' title="bbox 279 1633 367 1667">
    <p class='ocr_par' dir='ltr' id='par_1_11' title="bbox 279 1633 367 1667">
     <span class='ocr_line' id='line_1_12' title="bbox 279 1633 367 1667; baseline 0.011 -1"><span class='ocrx_word' id='word_1_12' title='bbox 279 1633 367 1667; x_wconf 87' lang='grc'><strong>1571</strong></span> 
     </span>
    </p>
   </div>
   <div class='ocr_carea' id='block_1_12' title="bbox 280 1793 367 1886">
    <p class='ocr_par' dir='ltr' id='par_1_12' title="bbox 280 1793 367 1886">
     <span class='ocr_line' id='line_1_13' title="bbox 280 1793 367 1827; baseline 0 0"><span class='ocrx_word' id='word_1_13' title='bbox 280 1793 367 1827; x_wconf 87' lang='lat'>1571</span> 
     </span>
     <span class='ocr_line' id='line_1_14' title="bbox 280 1853 367 1886; baseline 0 0"><span class='ocrx_word' id='word_1_14' title='bbox 280 1853 367 1886; x_wconf 87' lang='lat'>1571</span> 
     </span>
    </p>
   </div>
   <div class='ocr_carea' id='block_1_13' title="bbox 276 2013 364 2107">
    <p class='ocr_par' dir='ltr' id='par_1_13' title="bbox 276 2013 364 2107">
     <span class='ocr_line' id='line_1_15' title="bbox 277 2013 364 2047; baseline 0.011 -1"><span class='ocrx_word' id='word_1_15' title='bbox 277 2013 364 2047; x_wconf 90' lang='lat'>1571</span> 
     </span>
     <span class='ocr_line' id='line_1_16' title="bbox 276 2072 362 2107; baseline 0.012 -1"><span class='ocrx_word' id='word_1_16' title='bbox 276 2072 362 2107; x_wconf 85' lang='grc'><strong>1571</strong></span> 
     </span>
    </p>
   </div>
   <div class='ocr_carea' id='block_1_14' title="bbox 259 2140 368 2181">
    <p class='ocr_par' dir='ltr' id='par_1_14' title="bbox 259 2140 368 2181">
     <span class='ocr_line' id='line_1_17' title="bbox 259 2140 368 2181; baseline 0.018 -2"><span class='ocrx_word' id='word_1_17' title='bbox 259 2140 368 2181; x_wconf 85' lang='grc'><strong>1571</strong></span> 
     </span>
    </p>
   </div>
   <div class='ocr_carea' id='block_1_15' title="bbox 276 2477 361 2511">
    <p class='ocr_par' dir='ltr' id='par_1_15' title="bbox 276 2477 361 2511">
     <span class='ocr_line' id='line_1_18' title="bbox 276 2477 361 2511; baseline 0.012 -2"><span class='ocrx_word' id='word_1_18' title='bbox 276 2477 361 2511; x_wconf 88' lang='grc'><strong>1571</strong></span> 
     </span>
    </p>
   </div>
   <div class='ocr_carea' id='block_1_16' title="bbox 274 2583 363 2618">
    <p class='ocr_par' dir='ltr' id='par_1_16' title="bbox 274 2583 363 2618">
     <span class='ocr_line' id='line_1_19' title="bbox 274 2583 363 2618; baseline 0.011 -1"><span class='ocrx_word' id='word_1_19' title='bbox 274 2583 363 2618; x_wconf 84' lang='grc'><strong>1571</strong></span> 
     </span>
    </p>
   </div>
   <div class='ocr_carea' id='block_1_17' title="bbox 275 2743 361 2778">
    <p class='ocr_par' dir='ltr' id='par_1_17' title="bbox 275 2743 361 2778">
     <span class='ocr_line' id='line_1_20' title="bbox 275 2743 361 2778; baseline 0.023 -2"><span class='ocrx_word' id='word_1_20' title='bbox 275 2743 361 2778; x_wconf 90' lang='lat'>1571</span> 
     </span>
    </p>
   </div>
   <div class='ocr_carea' id='block_1_18' title="bbox 273 2849 360 2943">
    <p class='ocr_par' dir='ltr' id='par_1_18' title="bbox 273 2849 360 2943">
     <span class='ocr_line' id='line_1_21' title="bbox 273 2849 360 2885; baseline 0.023 -2"><span class='ocrx_word' id='word_1_21' title='bbox 273 2849 360 2885; x_wconf 88' lang='lat'>1571</span> 
     </span>
     <span class='ocr_line' id='line_1_22' title="bbox 273 2909 360 2943; baseline 0.011 -1"><span class='ocrx_word' id='word_1_22' title='bbox 273 2909 360 2943; x_wconf 89' lang='lat'>1571</span> 
     </span>
    </p>
   </div>
   <div class='ocr_carea' id='block_1_19' title="bbox 273 3021 361 3056">
    <p class='ocr_par' dir='ltr' id='par_1_19' title="bbox 273 3021 361 3056">
     <span class='ocr_line' id='line_1_23' title="bbox 273 3021 361 3056; baseline 0.011 -1"><span class='ocrx_word' id='word_1_23' title='bbox 273 3021 361 3056; x_wconf 89' lang='lat'>1571</span> 
     </span>
    </p>
   </div>
   <div class='ocr_carea' id='block_1_20' title="bbox 408 1111 417 3169">
    <p class='ocr_par' dir='ltr' id='par_1_20' title="bbox 408 1111 417 3169">
     <span class='ocr_line' id='line_1_24' title="bbox 408 1111 417 3169; baseline 0 0"><span class='ocrx_word' id='word_1_24' title='bbox 408 1111 417 3169; x_wconf 95' lang='lat' dir='ltr'> </span> 
     </span>
    </p>
   </div>
   <div class='ocr_carea' id='block_1_21' title="bbox 698 124 1538 168">
    <p class='ocr_par' dir='ltr' id='par_1_21' title="bbox 698 124 1538 168">
     <span class='ocr_line' id='line_1_25' title="bbox 698 124 1538 168; baseline 0.002 -10"><span class='ocrx_word' id='word_1_25' title='bbox 698 124 759 158; x_wconf 88' lang='grc' dir='ltr'><strong>ΙΙΙ.</strong></span> <span class='ocrx_word' id='word_1_26' title='bbox 787 124 946 159; x_wconf 86' lang='lat' dir='ltr'>Tabulae</span> <span class='ocrx_word' id='word_1_27' title='bbox 971 124 1243 168; x_wconf 82' lang='lat' dir='ltr'>chronologicae</span> <span class='ocrx_word' id='word_1_28' title='bbox 1269 125 1366 160; x_wconf 82' lang='lat' dir='ltr'>vitae</span> <span class='ocrx_word' id='word_1_29' title='bbox 1392 125 1538 162; x_wconf 80' lang='lat' dir='ltr'>Canisii.</span> 
     </span>
    </p>
   </div>
   <div class='ocr_carea' id='block_1_22' title="bbox 485 238 1998 394">
    <p class='ocr_par' dir='ltr' id='par_1_22' title="bbox 485 238 1998 394">
     <span class='ocr_line' id='line_1_26' title="bbox 485 238 1996 288; baseline 0.003 -14"><span class='ocrx_word' id='word_1_30' title='bbox 485 240 551 275; x_wconf 89' lang='lat' dir='ltr'>sub</span> <span class='ocrx_word' id='word_1_31' title='bbox 578 240 635 274; x_wconf 87' lang='grc'>26.</span> <span class='ocrx_word' id='word_1_32' title='bbox 654 240 730 274; x_wconf 90' lang='lat' dir='ltr'>Iun.</span> <span class='ocrx_word' id='word_1_33' title='bbox 823 238 1060 286; x_wconf 78' lang='lat' dir='ltr'>Oenipontem</span> <span class='ocrx_word' id='word_1_34' title='bbox 1079 241 1236 283; x_wconf 86' lang='lat' dir='ltr'>advenit,</span> <span class='ocrx_word' id='word_1_35' title='bbox 1263 241 1335 275; x_wconf 89' lang='lat' dir='ltr'>levi</span> <span class='ocrx_word' id='word_1_36' title='bbox 1353 242 1476 276; x_wconf 88' lang='lat' dir='ltr'>morbo</span> <span class='ocrx_word' id='word_1_37' title='bbox 1494 254 1557 288; x_wconf 88' lang='lat' dir='ltr'>per</span> <span class='ocrx_word' id='word_1_38' title='bbox 1574 243 1712 277; x_wconf 80' lang='lat' dir='ltr'>itineris</span> <span class='ocrx_word' id='word_1_39' title='bbox 1730 243 1996 278; x_wconf 84' lang='lat' dir='ltr'>festinationem</span> 
     </span>
     <span class='ocr_line' id='line_1_27' title="bbox 882 294 1222 338; baseline 0.003 -11"><span class='ocrx_word' id='word_1_40' title='bbox 882 294 1078 338; x_wconf 87' lang='lat' dir='ltr'>implicitus</span> <span class='ocrx_word' id='word_1_41' title='bbox 1109 294 1222 337; x_wconf 85' lang='grc'><strong>(623).</strong></span> 
     </span>
     <span class='ocr_line' id='line_1_28' title="bbox 548 345 1998 394; baseline 0.002 -14"><span class='ocrx_word' id='word_1_42' title='bbox 548 345 613 381; x_wconf 92' lang='lat' dir='ltr'>Iul.</span> <span class='ocrx_word' id='word_1_43' title='bbox 635 347 665 382; x_wconf 93' lang='lat'>1.</span> <span class='ocrx_word' id='word_1_44' title='bbox 824 347 1058 381; x_wconf 64' lang='lat' dir='ltr'>Ferdinandt</span> <span class='ocrx_word' id='word_1_45' title='bbox 1082 349 1133 382; x_wconf 87' lang='lat' dir='ltr'>II.</span> <span class='ocrx_word' id='word_1_46' title='bbox 1161 349 1336 381; x_wconf 76' lang='lat' dir='ltr'>mandatu</span> <span class='ocrx_word' id='word_1_47' title='bbox 1362 349 1559 382; x_wconf 75' lang='lat' dir='ltr'>Balthasar</span> <span class='ocrx_word' id='word_1_48' title='bbox 1585 350 1741 383; x_wconf 75' lang='lat' dir='ltr'>Arnoldt</span> <span class='ocrx_word' id='word_1_49' title='bbox 1769 350 1805 383; x_wconf 88' lang='lat' dir='ltr'>C.</span> <span class='ocrx_word' id='word_1_50' title='bbox 1833 351 1998 394; x_wconf 62' lang='lat' dir='ltr'>adiungi-</span> 
     </span>
    </p>
   </div>
   <div class='ocr_carea' id='block_1_23' title="bbox 882 402 1996 496">
    <p class='ocr_par' dir='ltr' id='par_1_23' title="bbox 882 402 1996 496">
     <span class='ocr_line' id='line_1_29' title="bbox 883 402 1996 445; baseline 0.003 -12"><span class='ocrx_word' id='word_1_51' title='bbox 883 405 945 434; x_wconf 80' lang='lat' dir='ltr'>tur</span> <span class='ocrx_word' id='word_1_52' title='bbox 978 402 1134 444; x_wconf 73' lang='lat' dir='ltr'>scriptor</span> <span class='ocrx_word' id='word_1_53' title='bbox 1158 402 1333 444; x_wconf 70' lang='lat' dir='ltr'>stipendio</span> <span class='ocrx_word' id='word_1_54' title='bbox 1361 412 1482 435; x_wconf 77' lang='lat' dir='ltr'>annuo</span> <span class='ocrx_word' id='word_1_55' title='bbox 1501 413 1571 445; x_wconf 74' lang='lat' dir='ltr'>per</span> <span class='ocrx_word' id='word_1_56' title='bbox 1597 413 1772 436; x_wconf 73' lang='lat' dir='ltr'>cameram</span> <span class='ocrx_word' id='word_1_57' title='bbox 1797 403 1996 437; x_wconf 76' lang='lat' dir='ltr'>tirolensem</span> 
     </span>
     <span class='ocr_line' id='line_1_30' title="bbox 882 454 1190 496; baseline 0.006 -10"><span class='ocrx_word' id='word_1_58' title='bbox 882 455 1045 487; x_wconf 75' lang='lat' dir='ltr'>solvendo</span> <span class='ocrx_word' id='word_1_59' title='bbox 1074 454 1190 496; x_wconf 95' lang='grc'><strong>(625).</strong></span> 
     </span>
    </p>
   </div>
   <div class='ocr_carea' id='block_1_24' title="bbox 445 488 1998 771">
    <p class='ocr_par' dir='ltr' id='par_1_24' title="bbox 445 488 1998 771">
     <span class='ocr_line' id='line_1_31' title="bbox 536 488 1996 552; baseline 0.002 -12"><span class='ocrx_word' id='word_1_60' title='bbox 536 506 603 540; x_wconf 91' lang='lat' dir='ltr'>Iul.</span> <span class='ocrx_word' id='word_1_61' title='bbox 623 507 679 541; x_wconf 84' lang='lat'>20.</span> <span class='ocrx_word' id='word_1_62' title='bbox 803 488 863 540; x_wconf 48' lang='grc' dir='ltr'>ἶΡ.</span> <span class='ocrx_word' id='word_1_63' title='bbox 891 507 1134 552; x_wconf 81' lang='lat' dir='ltr'>Hieronymus</span> <span class='ocrx_word' id='word_1_64' title='bbox 1165 507 1307 541; x_wconf 85' lang='lat' dir='ltr'>Natalis</span> <span class='ocrx_word' id='word_1_65' title='bbox 1343 508 1500 542; x_wconf 87' lang='lat' dir='ltr'>vicarius</span> <span class='ocrx_word' id='word_1_66' title='bbox 1535 508 1717 552; x_wconf 84' lang='lat' dir='ltr'>generalis</span> <span class='ocrx_word' id='word_1_67' title='bbox 1743 507 1933 543; x_wconf 86' lang='lat' dir='ltr'>Societatis</span> <span class='ocrx_word' id='word_1_68' title='bbox 1959 508 1996 543; x_wconf 87' lang='lat' dir='ltr'>C.</span> 
     </span>
     <span class='ocr_line' id='line_1_32' title="bbox 802 560 1998 605; baseline 0.003 -12"><span class='ocrx_word' id='word_1_69' title='bbox 802 561 804 573; x_wconf 77' lang='lat'><strong><em>⁴</em></strong></span> <span class='ocrx_word' id='word_1_70' title='bbox 883 572 902 593; x_wconf 85' lang='lat' dir='ltr'>a</span> <span class='ocrx_word' id='word_1_71' title='bbox 928 564 1106 594; x_wconf 88' lang='lat' dir='ltr'>rectorum</span> <span class='ocrx_word' id='word_1_72' title='bbox 1135 560 1363 605; x_wconf 87' lang='lat' dir='ltr'>oenipontani</span> <span class='ocrx_word' id='word_1_73' title='bbox 1390 563 1426 595; x_wconf 87' lang='lat' dir='ltr'>et</span> <span class='ocrx_word' id='word_1_74' title='bbox 1452 561 1612 595; x_wconf 87' lang='lat' dir='ltr'>halensis</span> <span class='ocrx_word' id='word_1_75' title='bbox 1630 561 1853 596; x_wconf 75' lang='lat' dir='ltr'>oboedientia</span> <span class='ocrx_word' id='word_1_76' title='bbox 1872 562 1998 596; x_wconf 87' lang='lat' dir='ltr'>eximit</span> 
     </span>
     <span class='ocr_line' id='line_1_33' title="bbox 927 614 946 639; baseline 0 0"><span class='ocrx_word' id='word_1_77' title='bbox 927 614 946 639; x_wconf 49' lang='lat'>(⁷)</span> 
     </span>
     <span class='ocr_line' id='line_1_34' title="bbox 445 613 1998 712; baseline 0.001 -12"><span class='ocrx_word' id='word_1_78' title='bbox 445 665 512 700; x_wconf 85' lang='lat' dir='ltr'>sub</span> <span class='ocrx_word' id='word_1_79' title='bbox 531 666 669 699; x_wconf 84' lang='lat' dir='ltr'>exitum</span> <span class='ocrx_word' id='word_1_80' title='bbox 688 664 769 699; x_wconf 85' lang='lat' dir='ltr'>Iulii</span> <span class='ocrx_word' id='word_1_81' title='bbox 825 666 862 700; x_wconf 87' lang='lat' dir='ltr'>C.</span> <span class='ocrx_word' id='word_1_82' title='bbox 880 613 1000 701; x_wconf 46' lang='lat' dir='ltr'>{12ng</span> <span class='ocrx_word' id='word_1_83' title='bbox 1021 667 1274 710; x_wconf 83' lang='lat' dir='ltr'>Magdalenam</span> <span class='ocrx_word' id='word_1_84' title='bbox 1302 670 1338 701; x_wconf 85' lang='lat' dir='ltr'>et</span> <span class='ocrx_word' id='word_1_85' title='bbox 1363 667 1537 701; x_wconf 79' lang='lat' dir='ltr'>Helenam</span> <span class='ocrx_word' id='word_1_86' title='bbox 1564 668 1708 711; x_wconf 86' lang='lat' dir='ltr'>reginas</span> <span class='ocrx_word' id='word_1_87' title='bbox 1733 667 1858 702; x_wconf 87' lang='lat' dir='ltr'>invisit</span> <span class='ocrx_word' id='word_1_88' title='bbox 1883 668 1998 712; x_wconf 85' lang='lat'>(459).</span> 
     </span>
     <span class='ocr_line' id='line_1_35' title="bbox 533 723 1997 771; baseline 0.001 -12"><span class='ocrx_word' id='word_1_89' title='bbox 533 727 628 768; x_wconf 83' lang='lat' dir='ltr'>Aug.</span> <span class='ocrx_word' id='word_1_90' title='bbox 648 725 680 759; x_wconf 89' lang='lat'>5.</span> <span class='ocrx_word' id='word_1_91' title='bbox 803 726 804 735; x_wconf 68' lang='lat'><em>³</em></span> <span class='ocrx_word' id='word_1_92' title='bbox 823 724 924 760; x_wconf 86' lang='lat' dir='ltr'>Dom.</span> <span class='ocrx_word' id='word_1_93' title='bbox 944 725 1005 760; x_wconf 80' lang='lat' dir='ltr'>IX.</span> <span class='ocrx_word' id='word_1_94' title='bbox 1025 728 1106 770; x_wconf 89' lang='lat' dir='ltr'>post</span> <span class='ocrx_word' id='word_1_95' title='bbox 1124 726 1227 760; x_wconf 88' lang='lat' dir='ltr'>Pent.</span> <span class='ocrx_word' id='word_1_96' title='bbox 1247 723 1448 771; x_wconf 76' lang='lat' dir='ltr'>Oeniponte</span> <span class='ocrx_word' id='word_1_97' title='bbox 1473 726 1624 771; x_wconf 83' lang='lat' dir='ltr'>primam</span> <span class='ocrx_word' id='word_1_98' title='bbox 1652 727 1851 760; x_wconf 89' lang='lat' dir='ltr'>contionem</span> <span class='ocrx_word' id='word_1_99' title='bbox 1878 738 1997 761; x_wconf 89' lang='lat' dir='ltr'>coram</span> 
     </span>
    </p>
   </div>
   <div class='ocr_carea' id='block_1_25' title="bbox 523 778 1998 1302">
    <p class='ocr_par' dir='ltr' id='par_1_25' title="bbox 885 778 1998 823">
     <span class='ocr_line' id='line_1_36' title="bbox 885 778 1998 823; baseline 0.003 -12"><span class='ocrx_word' id='word_1_100' title='bbox 885 778 1111 812; x_wconf 84' lang='lat' dir='ltr'>Ferdinando</span> <span class='ocrx_word' id='word_1_101' title='bbox 1136 779 1178 812; x_wconf 92' lang='lat' dir='ltr'>ll.</span> <span class='ocrx_word' id='word_1_102' title='bbox 1207 779 1397 813; x_wconf 83' lang='lat' dir='ltr'>archiduce</span> <span class='ocrx_word' id='word_1_103' title='bbox 1423 779 1559 814; x_wconf 87' lang='lat' dir='ltr'>habens</span> <span class='ocrx_word' id='word_1_104' title='bbox 1586 781 1748 823; x_wconf 86' lang='lat' dir='ltr'>graviter</span> <span class='ocrx_word' id='word_1_105' title='bbox 1772 791 1851 814; x_wconf 88' lang='lat' dir='ltr'>eum</span> <span class='ocrx_word' id='word_1_106' title='bbox 1879 779 1998 814; x_wconf 84' lang='lat' dir='ltr'>horta-</span> 
     </span>
    </p>

    <p class='ocr_par' dir='ltr' id='par_1_26' title="bbox 803 832 1875 881">
     <span class='ocr_line' id='line_1_37' title="bbox 803 832 1875 881; baseline 0.003 -16"><span class='ocrx_word' id='word_1_107' title='bbox 803 869 804 881; x_wconf 23' lang='lat'><em>*</em></span> <span class='ocrx_word' id='word_1_108' title='bbox 885 835 954 873; x_wconf 84' lang='lat' dir='ltr'>tur,</span> <span class='ocrx_word' id='word_1_109' title='bbox 982 835 1022 866; x_wconf 87' lang='lat' dir='ltr'>ut</span> <span class='ocrx_word' id='word_1_110' title='bbox 1048 832 1250 866; x_wconf 85' lang='lat' dir='ltr'>haereticos</span> <span class='ocrx_word' id='word_1_111' title='bbox 1276 833 1384 866; x_wconf 85' lang='lat' dir='ltr'>etiam</span> <span class='ocrx_word' id='word_1_112' title='bbox 1410 834 1445 866; x_wconf 92' lang='lat' dir='ltr'>vi</span> <span class='ocrx_word' id='word_1_113' title='bbox 1473 836 1638 867; x_wconf 86' lang='lat' dir='ltr'>coerceat</span> <span class='ocrx_word' id='word_1_114' title='bbox 1666 833 1749 877; x_wconf 91' lang='grc'><strong>(627</strong></span> <span class='ocrx_word' id='word_1_115' title='bbox 1777 834 1875 877; x_wconf 84' lang='grc'><strong>633).</strong></span> 
     </span>
    </p>

    <p class='ocr_par' dir='ltr' id='par_1_27' title="bbox 524 884 1998 928">
     <span class='ocr_line' id='line_1_38' title="bbox 524 884 1998 928; baseline 0.001 -9"><span class='ocrx_word' id='word_1_116' title='bbox 524 886 618 928; x_wconf 85' lang='lat' dir='ltr'>Aug.</span> <span class='ocrx_word' id='word_1_117' title='bbox 637 884 688 919; x_wconf 89' lang='lat'>10.</span> <span class='ocrx_word' id='word_1_118' title='bbox 824 885 890 919; x_wconf 93' lang='lat' dir='ltr'>Die</span> <span class='ocrx_word' id='word_1_119' title='bbox 917 884 951 918; x_wconf 82' lang='lat' dir='ltr'>S.</span> <span class='ocrx_word' id='word_1_120' title='bbox 972 885 1156 919; x_wconf 86' lang='lat' dir='ltr'>Laurentii</span> <span class='ocrx_word' id='word_1_121' title='bbox 1184 887 1218 920; x_wconf 91' lang='lat' dir='ltr'>in</span> <span class='ocrx_word' id='word_1_122' title='bbox 1246 886 1328 920; x_wconf 83' lang='lat' dir='ltr'>aula</span> <span class='ocrx_word' id='word_1_123' title='bbox 1355 887 1600 927; x_wconf 85' lang='lat' dir='ltr'>eontionatur;</span> <span class='ocrx_word' id='word_1_124' title='bbox 1628 887 1703 921; x_wconf 87' lang='lat' dir='ltr'>dies</span> <span class='ocrx_word' id='word_1_125' title='bbox 1721 888 1834 921; x_wconf 88' lang='lat' dir='ltr'>festos</span> <span class='ocrx_word' id='word_1_126' title='bbox 1852 887 1998 921; x_wconf 86' lang='lat' dir='ltr'>Sancto-</span> 
     </span>
    </p>

    <p class='ocr_par' dir='ltr' id='par_1_28' title="bbox 884 939 1998 983">
     <span class='ocr_line' id='line_1_39' title="bbox 884 939 1998 983; baseline 0.002 -11"><span class='ocrx_word' id='word_1_127' title='bbox 884 950 964 972; x_wconf 86' lang='lat' dir='ltr'>rum</span> <span class='ocrx_word' id='word_1_128' title='bbox 1003 939 1164 973; x_wconf 84' lang='lat' dir='ltr'>defendit</span> <span class='ocrx_word' id='word_1_129' title='bbox 1176 953 1183 981; x_wconf 85' lang='lat'>;</span> <span class='ocrx_word' id='word_1_130' title='bbox 1222 939 1407 973; x_wconf 88' lang='lat' dir='ltr'>Laurentii</span> <span class='ocrx_word' id='word_1_131' title='bbox 1446 940 1560 974; x_wconf 89' lang='lat' dir='ltr'>vitam</span> <span class='ocrx_word' id='word_1_132' title='bbox 1595 942 1631 974; x_wconf 86' lang='lat' dir='ltr'>et</span> <span class='ocrx_word' id='word_1_133' title='bbox 1665 940 1734 974; x_wconf 89' lang='lat' dir='ltr'>diei</span> <span class='ocrx_word' id='word_1_134' title='bbox 1769 940 1998 983; x_wconf 83' lang='lat' dir='ltr'>evangelium</span> 
     </span>
    </p>

    <p class='ocr_par' dir='ltr' id='par_1_29' title="bbox 803 992 1186 1043">
     <span class='ocr_line' id='line_1_40' title="bbox 803 992 1186 1043; baseline 0.008 -19"><span class='ocrx_word' id='word_1_135' title='bbox 803 1025 804 1043; x_wconf 25' lang='grc' dir='ltr'>ἰ</span> <span class='ocrx_word' id='word_1_136' title='bbox 884 992 1043 1036; x_wconf 77' lang='lat' dir='ltr'>explicat</span> <span class='ocrx_word' id='word_1_137' title='bbox 1072 993 1186 1036; x_wconf 89' lang='grc'><strong>(628).</strong></span> 
     </span>
    </p>

    <p class='ocr_par' dir='ltr' id='par_1_30' title="bbox 523 1044 1998 1145">
     <span class='ocr_line' id='line_1_41' title="bbox 523 1044 1998 1092; baseline 0.001 -14"><span class='ocrx_word' id='word_1_138' title='bbox 523 1044 616 1088; x_wconf 85' lang='lat' dir='ltr'>Aug.</span> <span class='ocrx_word' id='word_1_139' title='bbox 635 1045 688 1079; x_wconf 89' lang='grc'>12.</span> <span class='ocrx_word' id='word_1_140' title='bbox 802 1044 926 1085; x_wconf 69' lang='lat' dir='ltr'>{Dom.</span> <span class='ocrx_word' id='word_1_141' title='bbox 954 1045 997 1079; x_wconf 91' lang='lat' dir='ltr'>X.</span> <span class='ocrx_word' id='word_1_142' title='bbox 1025 1047 1106 1090; x_wconf 88' lang='lat' dir='ltr'>post</span> <span class='ocrx_word' id='word_1_143' title='bbox 1132 1045 1234 1080; x_wconf 87' lang='lat' dir='ltr'>Pent.</span> <span class='ocrx_word' id='word_1_144' title='bbox 1262 1045 1490 1089; x_wconf 82' lang='lat' dir='ltr'>evangelium</span> <span class='ocrx_word' id='word_1_145' title='bbox 1527 1046 1596 1080; x_wconf 90' lang='lat' dir='ltr'>diei</span> <span class='ocrx_word' id='word_1_146' title='bbox 1631 1046 1667 1080; x_wconf 90' lang='lat' dir='ltr'>in</span> <span class='ocrx_word' id='word_1_147' title='bbox 1699 1045 1781 1080; x_wconf 85' lang='lat' dir='ltr'>aula</span> <span class='ocrx_word' id='word_1_148' title='bbox 1813 1046 1998 1092; x_wconf 82' lang='lat' dir='ltr'>explicans</span> 
     </span>
     <span class='ocr_line' id='line_1_42' title="bbox 803 1099 1997 1145; baseline 0.001 -13"><span class='ocrx_word' id='word_1_149' title='bbox 803 1109 804 1112; x_wconf 73' lang='grc'>’</span> <span class='ocrx_word' id='word_1_150' title='bbox 884 1109 985 1143; x_wconf 85' lang='lat' dir='ltr'>spem</span> <span class='ocrx_word' id='word_1_151' title='bbox 1012 1102 1120 1143; x_wconf 86' lang='lat' dir='ltr'>atque</span> <span class='ocrx_word' id='word_1_152' title='bbox 1146 1099 1310 1133; x_wconf 86' lang='lat' dir='ltr'>timorem</span> <span class='ocrx_word' id='word_1_153' title='bbox 1339 1100 1564 1133; x_wconf 79' lang='lat' dir='ltr'>commendat</span> <span class='ocrx_word' id='word_1_154' title='bbox 1591 1101 1626 1133; x_wconf 90' lang='lat' dir='ltr'>et</span> <span class='ocrx_word' id='word_1_155' title='bbox 1652 1100 1695 1133; x_wconf 85' lang='lat' dir='ltr'>ad</span> <span class='ocrx_word' id='word_1_156' title='bbox 1718 1100 1848 1144; x_wconf 79' lang='lat' dir='ltr'>stipem</span> <span class='ocrx_word' id='word_1_157' title='bbox 1866 1111 1997 1145; x_wconf 89' lang='lat' dir='ltr'>paupe-</span> 
     </span>
    </p>

    <p class='ocr_par' dir='ltr' id='par_1_31' title="bbox 803 1152 1772 1197">
     <span class='ocr_line' id='line_1_43' title="bbox 803 1152 1772 1197; baseline 0.002 -12"><span class='ocrx_word' id='word_1_158' title='bbox 803 1186 804 1197; x_wconf 25' lang='lat'>}</span> <span class='ocrx_word' id='word_1_159' title='bbox 884 1152 983 1185; x_wconf 88' lang='lat' dir='ltr'>ribus</span> <span class='ocrx_word' id='word_1_160' title='bbox 1010 1153 1162 1186; x_wconf 86' lang='lat' dir='ltr'>dandam</span> <span class='ocrx_word' id='word_1_161' title='bbox 1189 1156 1256 1186; x_wconf 82' lang='lat' dir='ltr'>etc.</span> <span class='ocrx_word' id='word_1_162' title='bbox 1284 1153 1467 1186; x_wconf 81' lang='lat' dir='ltr'>auditores</span> <span class='ocrx_word' id='word_1_163' title='bbox 1493 1153 1631 1187; x_wconf 86' lang='lat' dir='ltr'>excitat</span> <span class='ocrx_word' id='word_1_164' title='bbox 1659 1152 1772 1196; x_wconf 90' lang='grc'><strong>(628).</strong></span> 
     </span>
    </p>

    <p class='ocr_par' dir='ltr' id='par_1_32' title="bbox 524 1204 1997 1251">
     <span class='ocr_line' id='line_1_44' title="bbox 524 1204 1997 1251; baseline 0.001 -13"><span class='ocrx_word' id='word_1_165' title='bbox 524 1204 617 1248; x_wconf 87' lang='lat' dir='ltr'>Aug.</span> <span class='ocrx_word' id='word_1_166' title='bbox 635 1204 688 1238; x_wconf 87' lang='lat'>15.</span> <span class='ocrx_word' id='word_1_167' title='bbox 824 1204 890 1238; x_wconf 89' lang='lat' dir='ltr'>Die</span> <span class='ocrx_word' id='word_1_168' title='bbox 918 1205 1186 1250; x_wconf 86' lang='lat' dir='ltr'>Assumptionis</span> <span class='ocrx_word' id='word_1_169' title='bbox 1214 1206 1251 1239; x_wconf 78' lang='lat' dir='ltr'>B.</span> <span class='ocrx_word' id='word_1_170' title='bbox 1271 1206 1408 1239; x_wconf 88' lang='lat' dir='ltr'>Mariae</span> <span class='ocrx_word' id='word_1_171' title='bbox 1427 1206 1469 1240; x_wconf 91' lang='lat' dir='ltr'>V.</span> <span class='ocrx_word' id='word_1_172' title='bbox 1488 1206 1594 1240; x_wconf 88' lang='lat' dir='ltr'>huius</span> <span class='ocrx_word' id='word_1_173' title='bbox 1620 1205 1871 1240; x_wconf 83' lang='lat' dir='ltr'>sollemnitatis</span> <span class='ocrx_word' id='word_1_174' title='bbox 1897 1217 1997 1251; x_wconf 87' lang='lat' dir='ltr'>prae-</span> 
     </span>
    </p>

    <p class='ocr_par' dir='ltr' id='par_1_33' title="bbox 804 1256 1998 1302">
     <span class='ocr_line' id='line_1_45' title="bbox 804 1256 1998 1302; baseline 0.002 -11"><span class='ocrx_word' id='word_1_175' title='bbox 804 1256 805 1260; x_wconf 71' lang='grc'>’</span> <span class='ocrx_word' id='word_1_176' title='bbox 886 1259 1059 1292; x_wconf 82' lang='lat' dir='ltr'>stantiam</span> <span class='ocrx_word' id='word_1_177' title='bbox 1086 1259 1246 1293; x_wconf 79' lang='lat' dir='ltr'>declarat</span> <span class='ocrx_word' id='word_1_178' title='bbox 1272 1261 1307 1293; x_wconf 85' lang='lat' dir='ltr'>et</span> <span class='ocrx_word' id='word_1_179' title='bbox 1334 1271 1379 1292; x_wconf 85' lang='lat' dir='ltr'>ex</span> <span class='ocrx_word' id='word_1_180' title='bbox 1404 1259 1593 1302; x_wconf 85' lang='lat' dir='ltr'>evangelio</span> <span class='ocrx_word' id='word_1_181' title='bbox 1620 1259 1688 1293; x_wconf 89' lang='lat' dir='ltr'>diei</span> <span class='ocrx_word' id='word_1_182' title='bbox 1715 1259 1881 1301; x_wconf 84' lang='lat' dir='ltr'>ostendit,</span> <span class='ocrx_word' id='word_1_183' title='bbox 1908 1259 1998 1293; x_wconf 87' lang='lat' dir='ltr'>alios</span> 
     </span>
    </p>
   </div>
   <div class='ocr_carea' id='block_1_26' title="bbox 884 1312 1998 1409">
    <p class='ocr_par' dir='ltr' id='par_1_34' title="bbox 884 1312 1998 1409">
     <span class='ocr_line' id='line_1_46' title="bbox 884 1312 1998 1347; baseline 0.001 -2"><span class='ocrx_word' id='word_1_184' title='bbox 884 1312 928 1345; x_wconf 88' lang='lat' dir='ltr'>ad</span> <span class='ocrx_word' id='word_1_185' title='bbox 965 1312 1248 1346; x_wconf 79' lang='lat' dir='ltr'>ecclesiasticam</span> <span class='ocrx_word' id='word_1_186' title='bbox 1286 1312 1374 1347; x_wconf 84' lang='lat' dir='ltr'>alios</span> <span class='ocrx_word' id='word_1_187' title='bbox 1410 1313 1454 1346; x_wconf 83' lang='lat' dir='ltr'>ad</span> <span class='ocrx_word' id='word_1_188' title='bbox 1489 1313 1711 1347; x_wconf 84' lang='lat' dir='ltr'>saecularem</span> <span class='ocrx_word' id='word_1_189' title='bbox 1738 1314 1851 1347; x_wconf 79' lang='lat' dir='ltr'>vitam</span> <span class='ocrx_word' id='word_1_190' title='bbox 1877 1324 1898 1347; x_wconf 89' lang='lat' dir='ltr'>a</span> <span class='ocrx_word' id='word_1_191' title='bbox 1923 1312 1998 1347; x_wconf 88' lang='lat' dir='ltr'>Deo</span> 
     </span>
     <span class='ocr_line' id='line_1_47' title="bbox 884 1365 1246 1409; baseline 0.006 -11"><span class='ocrx_word' id='word_1_192' title='bbox 884 1366 1007 1400; x_wconf 87' lang='lat' dir='ltr'>vocari</span> <span class='ocrx_word' id='word_1_193' title='bbox 1036 1365 1122 1409; x_wconf 80' lang='grc'><strong>(628</strong></span> <span class='ocrx_word' id='word_1_194' title='bbox 1149 1366 1246 1409; x_wconf 82' lang='grc'><strong>635).</strong></span> 
     </span>
    </p>
   </div>
   <div class='ocr_carea' id='block_1_27' title="bbox 802 238 806 1222">
    <p class='ocr_par' dir='ltr' id='par_1_35' title="bbox 802 238 806 1222">
     <span class='ocr_line' id='line_1_48' title="bbox 802 238 806 1222; baseline 0 0"><span class='ocrx_word' id='word_1_195' title='bbox 802 238 806 1222; x_wconf 95' lang='lat' dir='ltr'> </span> 
     </span>
    </p>
   </div>
   <div class='ocr_carea' id='block_1_28' title="bbox 460 1415 1999 1679">
    <p class='ocr_par' dir='ltr' id='par_1_36' title="bbox 525 1415 1998 1465">
     <span class='ocr_line' id='line_1_49' title="bbox 525 1415 1998 1465; baseline 0.001 -13"><span class='ocrx_word' id='word_1_196' title='bbox 525 1418 619 1461; x_wconf 84' lang='lat' dir='ltr'>Aug.</span> <span class='ocrx_word' id='word_1_197' title='bbox 636 1418 689 1452; x_wconf 83' lang='lat'>19.</span> <span class='ocrx_word' id='word_1_198' title='bbox 805 1415 926 1465; x_wconf 12' lang='lat' dir='ltr'>&#39;‘Dom.</span> <span class='ocrx_word' id='word_1_199' title='bbox 954 1419 1016 1454; x_wconf 86' lang='lat' dir='ltr'>XI.</span> <span class='ocrx_word' id='word_1_200' title='bbox 1044 1422 1125 1464; x_wconf 84' lang='lat' dir='ltr'>post</span> <span class='ocrx_word' id='word_1_201' title='bbox 1150 1419 1252 1453; x_wconf 89' lang='lat' dir='ltr'>Pent.</span> <span class='ocrx_word' id='word_1_202' title='bbox 1279 1419 1316 1453; x_wconf 88' lang='lat' dir='ltr'>in</span> <span class='ocrx_word' id='word_1_203' title='bbox 1351 1420 1433 1454; x_wconf 86' lang='lat' dir='ltr'>aula</span> <span class='ocrx_word' id='word_1_204' title='bbox 1463 1432 1508 1454; x_wconf 82' lang='lat' dir='ltr'>ex</span> <span class='ocrx_word' id='word_1_205' title='bbox 1535 1419 1721 1463; x_wconf 83' lang='lat' dir='ltr'>evangelio</span> <span class='ocrx_word' id='word_1_206' title='bbox 1748 1419 1817 1454; x_wconf 90' lang='lat' dir='ltr'>diei</span> <span class='ocrx_word' id='word_1_207' title='bbox 1843 1419 1886 1453; x_wconf 91' lang='lat' dir='ltr'>de</span> <span class='ocrx_word' id='word_1_208' title='bbox 1909 1419 1998 1453; x_wconf 87' lang='lat' dir='ltr'>fletu</span> 
     </span>
    </p>

    <p class='ocr_par' dir='ltr' id='par_1_37' title="bbox 805 1472 1999 1516">
     <span class='ocr_line' id='line_1_50' title="bbox 805 1472 1999 1516; baseline 0.002 -10"><span class='ocrx_word' id='word_1_209' title='bbox 805 1472 807 1481; x_wconf 69' lang='lat'><strong>⁴</strong></span> <span class='ocrx_word' id='word_1_210' title='bbox 887 1472 1021 1507; x_wconf 82' lang='lat' dir='ltr'>Christi</span> <span class='ocrx_word' id='word_1_211' title='bbox 1048 1476 1084 1507; x_wconf 88' lang='lat' dir='ltr'>et</span> <span class='ocrx_word' id='word_1_212' title='bbox 1102 1474 1288 1507; x_wconf 85' lang='lat' dir='ltr'>eversione</span> <span class='ocrx_word' id='word_1_213' title='bbox 1307 1474 1405 1507; x_wconf 88' lang='lat' dir='ltr'>urbis</span> <span class='ocrx_word' id='word_1_214' title='bbox 1423 1473 1617 1507; x_wconf 83' lang='lat' dir='ltr'>Ierusalem</span> <span class='ocrx_word' id='word_1_215' title='bbox 1637 1474 1863 1508; x_wconf 87' lang='lat' dir='ltr'>contionatur</span> <span class='ocrx_word' id='word_1_216' title='bbox 1883 1473 1999 1516; x_wconf 88' lang='grc'><strong>(628).</strong></span> 
     </span>
    </p>

    <p class='ocr_par' dir='ltr' id='par_1_38' title="bbox 526 1524 1999 1625">
     <span class='ocr_line' id='line_1_51' title="bbox 526 1524 1999 1572; baseline 0.002 -14"><span class='ocrx_word' id='word_1_217' title='bbox 526 1526 619 1568; x_wconf 85' lang='lat' dir='ltr'>Aug.</span> <span class='ocrx_word' id='word_1_218' title='bbox 635 1524 693 1559; x_wconf 80' lang='lat'>21.</span> <span class='ocrx_word' id='word_1_219' title='bbox 806 1526 1040 1560; x_wconf 46' lang='lat' dir='ltr'>¹Archiducis</span> <span class='ocrx_word' id='word_1_220' title='bbox 1076 1527 1182 1560; x_wconf 76' lang='lat' dir='ltr'>venia</span> <span class='ocrx_word' id='word_1_221' title='bbox 1217 1530 1365 1572; x_wconf 83' lang='lat' dir='ltr'>accepta</span> <span class='ocrx_word' id='word_1_222' title='bbox 1400 1539 1480 1561; x_wconf 89' lang='lat' dir='ltr'>cum</span> <span class='ocrx_word' id='word_1_223' title='bbox 1507 1527 1547 1561; x_wconf 90' lang='lat' dir='ltr'>P.</span> <span class='ocrx_word' id='word_1_224' title='bbox 1574 1527 1706 1561; x_wconf 76' lang='lat' dir='ltr'>Lanoio</span> <span class='ocrx_word' id='word_1_225' title='bbox 1737 1527 1917 1570; x_wconf 87' lang='lat' dir='ltr'>Dilingam</span> <span class='ocrx_word' id='word_1_226' title='bbox 1952 1527 1999 1561; x_wconf 86' lang='lat' dir='ltr'>ad</span> 
     </span>
     <span class='ocr_line' id='line_1_52' title="bbox 887 1580 1928 1625; baseline 0 -12"><span class='ocrx_word' id='word_1_227' title='bbox 887 1580 923 1613; x_wconf 50' lang='lat' dir='ltr'>P.</span> <span class='ocrx_word' id='word_1_228' title='bbox 955 1580 1142 1614; x_wconf 83' lang='lat' dir='ltr'>Hoffaeum</span> <span class='ocrx_word' id='word_1_229' title='bbox 1169 1580 1427 1625; x_wconf 83' lang='lat' dir='ltr'>provincialem</span> <span class='ocrx_word' id='word_1_230' title='bbox 1453 1581 1692 1625; x_wconf 85' lang='lat' dir='ltr'>proficiscitur</span> <span class='ocrx_word' id='word_1_231' title='bbox 1720 1580 1803 1622; x_wconf 85' lang='lat'>(476</span> <span class='ocrx_word' id='word_1_232' title='bbox 1829 1580 1928 1624; x_wconf 83' lang='lat'>543).</span> 
     </span>
    </p>

    <p class='ocr_par' dir='ltr' id='par_1_39' title="bbox 460 1630 1998 1679">
     <span class='ocr_line' id='line_1_53' title="bbox 460 1630 1998 1679; baseline 0.001 -14"><span class='ocrx_word' id='word_1_233' title='bbox 460 1630 463 1633; x_wconf 71' lang='grc'><strong>’</strong></span> <span class='ocrx_word' id='word_1_234' title='bbox 527 1632 619 1675; x_wconf 87' lang='lat' dir='ltr'>Aug.</span> <span class='ocrx_word' id='word_1_235' title='bbox 636 1631 693 1665; x_wconf 83' lang='lat'>24.</span> <span class='ocrx_word' id='word_1_236' title='bbox 805 1659 806 1679; x_wconf 53' lang='lat'>3</span> <span class='ocrx_word' id='word_1_237' title='bbox 827 1633 1028 1668; x_wconf 80' lang='lat' dir='ltr'>Cardinalis</span> <span class='ocrx_word' id='word_1_238' title='bbox 1054 1634 1188 1667; x_wconf 88' lang='lat' dir='ltr'>Hosius</span> <span class='ocrx_word' id='word_1_239' title='bbox 1214 1633 1362 1668; x_wconf 85' lang='lat' dir='ltr'>Alberto</span> <span class='ocrx_word' id='word_1_240' title='bbox 1386 1635 1429 1669; x_wconf 89' lang='lat' dir='ltr'>V.</span> <span class='ocrx_word' id='word_1_241' title='bbox 1453 1635 1631 1668; x_wconf 83' lang='lat' dir='ltr'>Bavariae</span> <span class='ocrx_word' id='word_1_242' title='bbox 1657 1634 1737 1668; x_wconf 89' lang='lat' dir='ltr'>duci</span> <span class='ocrx_word' id='word_1_243' title='bbox 1763 1634 1998 1675; x_wconf 88' lang='lat' dir='ltr'>commendat,</span> 
     </span>
    </p>
   </div>
   <div class='ocr_carea' id='block_1_29' title="bbox 430 1687 1998 2121">
    <p class='ocr_par' dir='ltr' id='par_1_40' title="bbox 805 1687 1997 1785">
     <span class='ocr_line' id='line_1_54' title="bbox 885 1687 1997 1731; baseline 0 -10"><span class='ocrx_word' id='word_1_244' title='bbox 885 1691 925 1721; x_wconf 81' lang='lat' dir='ltr'>ut</span> <span class='ocrx_word' id='word_1_245' title='bbox 953 1688 990 1722; x_wconf 77' lang='lat' dir='ltr'>C.</span> <span class='ocrx_word' id='word_1_246' title='bbox 1014 1688 1058 1721; x_wconf 75' lang='lat' dir='ltr'>ad</span> <span class='ocrx_word' id='word_1_247' title='bbox 1086 1689 1292 1731; x_wconf 81' lang='lat' dir='ltr'>Augustum</span> <span class='ocrx_word' id='word_1_248' title='bbox 1311 1687 1487 1722; x_wconf 80' lang='lat' dir='ltr'>Saxoniae</span> <span class='ocrx_word' id='word_1_249' title='bbox 1515 1688 1705 1722; x_wconf 85' lang='lat' dir='ltr'>electorem</span> <span class='ocrx_word' id='word_1_250' title='bbox 1731 1688 1896 1721; x_wconf 88' lang='lat' dir='ltr'>mittatur</span> <span class='ocrx_word' id='word_1_251' title='bbox 1921 1687 1997 1721; x_wconf 87' lang='lat' dir='ltr'>eius</span> 
     </span>
     <span class='ocr_line' id='line_1_55' title="bbox 805 1740 1650 1785; baseline 0 -10"><span class='ocrx_word' id='word_1_252' title='bbox 805 1773 806 1776; x_wconf 76' lang='grc'>,</span> <span class='ocrx_word' id='word_1_253' title='bbox 885 1742 928 1774; x_wconf 86' lang='lat' dir='ltr'>ad</span> <span class='ocrx_word' id='word_1_254' title='bbox 957 1741 1145 1775; x_wconf 81' lang='lat' dir='ltr'>ecclesiam</span> <span class='ocrx_word' id='word_1_255' title='bbox 1171 1742 1363 1775; x_wconf 86' lang='lat' dir='ltr'>reducendi</span> <span class='ocrx_word' id='word_1_256' title='bbox 1389 1741 1507 1785; x_wconf 84' lang='lat' dir='ltr'>gratia</span> <span class='ocrx_word' id='word_1_257' title='bbox 1534 1740 1650 1785; x_wconf 90' lang='lat'>(748).</span> 
     </span>
    </p>

    <p class='ocr_par' dir='ltr' id='par_1_41' title="bbox 448 1791 1998 1896">
     <span class='ocr_line' id='line_1_56' title="bbox 480 1791 1386 1839; baseline 0.003 -14"><span class='ocrx_word' id='word_1_258' title='bbox 480 1792 545 1826; x_wconf 87' lang='lat' dir='ltr'>sub</span> <span class='ocrx_word' id='word_1_259' title='bbox 572 1792 628 1826; x_wconf 81' lang='lat'>27.</span> <span class='ocrx_word' id='word_1_260' title='bbox 648 1792 740 1835; x_wconf 85' lang='lat' dir='ltr'>Aug.</span> <span class='ocrx_word' id='word_1_261' title='bbox 804 1791 863 1833; x_wconf 66' lang='grc' dir='ltr'>ΕΟ.</span> <span class='ocrx_word' id='word_1_262' title='bbox 883 1792 1070 1839; x_wconf 73' lang='lat' dir='ltr'>Dilingam</span> <span class='ocrx_word' id='word_1_263' title='bbox 1098 1795 1244 1829; x_wconf 85' lang='lat' dir='ltr'>advenit</span> <span class='ocrx_word' id='word_1_264' title='bbox 1272 1794 1386 1838; x_wconf 81' lang='lat'>(475).</span> 
     </span>
     <span class='ocr_line' id='line_1_57' title="bbox 448 1839 1998 1896; baseline 0.001 -11"><span class='ocrx_word' id='word_1_265' title='bbox 448 1854 602 1885; x_wconf 86' lang='lat' dir='ltr'>exeunte</span> <span class='ocrx_word' id='word_1_266' title='bbox 621 1852 714 1894; x_wconf 90' lang='lat' dir='ltr'>Aug.</span> <span class='ocrx_word' id='word_1_267' title='bbox 736 1852 771 1884; x_wconf 82' lang='lat' dir='ltr'>et</span> <span class='ocrx_word' id='word_1_268' title='bbox 804 1839 805 1862; x_wconf 49' lang='lat'>¹</span> <span class='ocrx_word' id='word_1_269' title='bbox 828 1855 864 1889; x_wconf 83' lang='lat' dir='ltr'>C.</span> <span class='ocrx_word' id='word_1_270' title='bbox 884 1855 1006 1888; x_wconf 72' lang='lat' dir='ltr'>Patris</span> <span class='ocrx_word' id='word_1_271' title='bbox 1032 1856 1106 1888; x_wconf 86' lang='lat' dir='ltr'>Saa</span> <span class='ocrx_word' id='word_1_272' title='bbox 1135 1866 1321 1888; x_wconf 75' lang='lat' dir='ltr'>censuram</span> <span class='ocrx_word' id='word_1_273' title='bbox 1347 1855 1433 1888; x_wconf 75' lang='lat' dir='ltr'>le&#39;bri</span> <span class='ocrx_word' id='word_1_274' title='bbox 1458 1855 1499 1887; x_wconf 83' lang='lat' dir='ltr'>(le</span> <span class='ocrx_word' id='word_1_275' title='bbox 1518 1855 1553 1888; x_wconf 88' lang='lat' dir='ltr'>S.</span> <span class='ocrx_word' id='word_1_276' title='bbox 1572 1855 1707 1887; x_wconf 78' lang='lat' dir='ltr'>Ioanne</span> <span class='ocrx_word' id='word_1_277' title='bbox 1723 1854 1890 1896; x_wconf 65' lang='lat' dir='ltr'>Baptista</span> <span class='ocrx_word' id='word_1_278' title='bbox 1915 1865 1937 1887; x_wconf 88' lang='grc' dir='ltr'><em>α</em></span> <span class='ocrx_word' id='word_1_279' title='bbox 1961 1865 1998 1887; x_wconf 84' lang='lat' dir='ltr'>se</span> 
     </span>
    </p>

    <p class='ocr_par' dir='ltr' id='par_1_42' title="bbox 430 1904 1996 2058">
     <span class='ocr_line' id='line_1_58' title="bbox 475 1904 1996 1951; baseline 0 -11"><span class='ocrx_word' id='word_1_280' title='bbox 475 1905 620 1939; x_wconf 73' lang='lat' dir='ltr'>ineunte</span> <span class='ocrx_word' id='word_1_281' title='bbox 648 1904 745 1950; x_wconf 69' lang='lat' dir='ltr'>Sept.</span> <span class='ocrx_word' id='word_1_282' title='bbox 883 1910 1009 1951; x_wconf 73' lang='lat' dir='ltr'>scripti</span> <span class='ocrx_word' id='word_1_283' title='bbox 1035 1920 1112 1941; x_wconf 76' lang='lat' dir='ltr'>cam</span> <span class='ocrx_word' id='word_1_284' title='bbox 1139 1909 1341 1941; x_wconf 75' lang='lat' dir='ltr'>censoribus</span> <span class='ocrx_word' id='word_1_285' title='bbox 1366 1909 1562 1951; x_wconf 68' lang='lat' dir='ltr'>dilz‘nyanis</span> <span class='ocrx_word' id='word_1_286' title='bbox 1587 1908 1724 1950; x_wconf 76' lang='lat' dir='ltr'>confert</span> <span class='ocrx_word' id='word_1_287' title='bbox 1749 1908 1901 1950; x_wconf 77' lang='lat' dir='ltr'>librique</span> <span class='ocrx_word' id='word_1_288' title='bbox 1919 1909 1996 1951; x_wconf 71' lang='lat' dir='ltr'>pri-</span> 
     </span>
     <span class='ocr_line' id='line_1_59' title="bbox 803 1935 1936 2004; baseline 0.001 -10"><span class='ocrx_word' id='word_1_289' title='bbox 803 1935 805 1970; x_wconf 54' lang='lat'>&#39;</span> <span class='ocrx_word' id='word_1_290' title='bbox 883 1974 960 1995; x_wconf 79' lang='lat' dir='ltr'>mae</span> <span class='ocrx_word' id='word_1_291' title='bbox 986 1963 1134 1995; x_wconf 70' lang='lat' dir='ltr'>editioni</span> <span class='ocrx_word' id='word_1_292' title='bbox 1160 1967 1352 1995; x_wconf 78' lang='lat' dir='ltr'>e.rtremam</span> <span class='ocrx_word' id='word_1_293' title='bbox 1378 1973 1523 1994; x_wconf 76' lang='lat' dir='ltr'>manum</span> <span class='ocrx_word' id='word_1_294' title='bbox 1548 1962 1699 2004; x_wconf 70' lang='lat' dir='ltr'>imponit</span> <span class='ocrx_word' id='word_1_295' title='bbox 1727 1961 1810 2004; x_wconf 83' lang='lat'>(475</span> <span class='ocrx_word' id='word_1_296' title='bbox 1836 1960 1936 2003; x_wconf 86' lang='lat'>478).</span> 
     </span>
     <span class='ocr_line' id='line_1_60' title="bbox 430 2011 1286 2058; baseline 0.005 -13"><span class='ocrx_word' id='word_1_297' title='bbox 430 2012 535 2057; x_wconf 87' lang='lat' dir='ltr'>paulo</span> <span class='ocrx_word' id='word_1_298' title='bbox 550 2014 631 2057; x_wconf 88' lang='lat' dir='ltr'>post</span> <span class='ocrx_word' id='word_1_299' title='bbox 645 2013 674 2046; x_wconf 92' lang='lat'>1.</span> <span class='ocrx_word' id='word_1_300' title='bbox 688 2011 785 2056; x_wconf 78' lang='lat' dir='ltr'>Sept.</span> <span class='ocrx_word' id='word_1_301' title='bbox 802 2016 804 2030; x_wconf 73' lang='lat'><em>³</em></span> <span class='ocrx_word' id='word_1_302' title='bbox 822 2014 967 2058; x_wconf 86' lang='lat' dir='ltr'>Dilinga</span> <span class='ocrx_word' id='word_1_303' title='bbox 993 2015 1146 2049; x_wconf 84' lang='lat' dir='ltr'>discedit</span> <span class='ocrx_word' id='word_1_304' title='bbox 1173 2014 1286 2058; x_wconf 80' lang='lat'>(478).</span> 
     </span>
    </p>

    <p class='ocr_par' dir='ltr' id='par_1_43' title="bbox 533 2065 1345 2121">
     <span class='ocr_line' id='line_1_61' title="bbox 533 2065 1345 2121; baseline 0.001 -14"><span class='ocrx_word' id='word_1_305' title='bbox 533 2073 630 2118; x_wconf 78' lang='lat' dir='ltr'>Sept.</span> <span class='ocrx_word' id='word_1_306' title='bbox 651 2074 682 2107; x_wconf 93' lang='grc'><strong>6.</strong></span> <span class='ocrx_word' id='word_1_307' title='bbox 801 2065 1011 2121; x_wconf 37' lang='grc' dir='ltr'>,ῘΑιιξζηεῒᾶθ</span> <span class='ocrx_word' id='word_1_308' title='bbox 1037 2077 1204 2109; x_wconf 83' lang='lat' dir='ltr'>versatur</span> <span class='ocrx_word' id='word_1_309' title='bbox 1232 2073 1345 2118; x_wconf 84' lang='lat'>(479).</span> 
     </span>
    </p>
   </div>
   <div class='ocr_carea' id='block_1_30' title="bbox 427 2139 1996 2263">
    <p class='ocr_par' dir='ltr' id='par_1_44' title="bbox 427 2139 1996 2263">
     <span class='ocr_line' id='line_1_62' title="bbox 493 2139 1996 2196; baseline -0.002 -13"><span class='ocrx_word' id='word_1_310' title='bbox 493 2142 714 2184; x_wconf 84' lang='lat' dir='ltr'>Autumno</span> <span class='ocrx_word' id='word_1_311' title='bbox 800 2157 802 2196; x_wconf 51' lang='lat' dir='ltr'><em>g</em></span> <span class='ocrx_word' id='word_1_312' title='bbox 824 2144 1257 2196; x_wconf 73' lang='lat' dir='ltr'>„Commentariorum</span> <span class='ocrx_word' id='word_1_313' title='bbox 1281 2142 1330 2183; x_wconf 77' lang='lat' dir='ltr'>de</span> <span class='ocrx_word' id='word_1_314' title='bbox 1353 2141 1477 2183; x_wconf 78' lang='lat' dir='ltr'>Verbi</span> <span class='ocrx_word' id='word_1_315' title='bbox 1493 2141 1576 2182; x_wconf 77' lang='lat' dir='ltr'>Dei</span> <span class='ocrx_word' id='word_1_316' title='bbox 1598 2141 1845 2194; x_wconf 75' lang='lat' dir='ltr'>corruptelis</span> <span class='ocrx_word' id='word_1_317' title='bbox 1866 2139 1996 2181; x_wconf 80' lang='lat' dir='ltr'>Liber</span> 
     </span>
     <span class='ocr_line' id='line_1_63' title="bbox 427 2204 1993 2263; baseline -0.003 -14"><span class='ocrx_word' id='word_1_318' title='bbox 427 2206 645 2262; x_wconf 83' lang='lat' dir='ltr'>(Sept.,ut</span> <span class='ocrx_word' id='word_1_319' title='bbox 662 2207 801 2263; x_wconf 65' lang='lat' dir='ltr'>vide-j</span> <span class='ocrx_word' id='word_1_320' title='bbox 879 2208 1070 2263; x_wconf 72' lang='lat' dir='ltr'>privms“</span> <span class='ocrx_word' id='word_1_321' title='bbox 1116 2207 1190 2259; x_wconf 71' lang='lat' dir='ltr'>(de</span> <span class='ocrx_word' id='word_1_322' title='bbox 1221 2209 1263 2249; x_wconf 97' lang='lat' dir='ltr'>S.</span> <span class='ocrx_word' id='word_1_323' title='bbox 1293 2207 1352 2249; x_wconf 87' lang='lat' dir='ltr'>Io.</span> <span class='ocrx_word' id='word_1_324' title='bbox 1377 2206 1609 2261; x_wconf 75' lang='lat' dir='ltr'>Baptista),</span> <span class='ocrx_word' id='word_1_325' title='bbox 1653 2206 1859 2247; x_wconf 80' lang='lat' dir='ltr'>adversus</span> <span class='ocrx_word' id='word_1_326' title='bbox 1892 2204 1993 2246; x_wconf 77' lang='lat' dir='ltr'>Cen-</span> 
     </span>
    </p>
   </div>
   <div class='ocr_carea' id='block_1_31' title="bbox 450 2269 1994 2632">
    <p class='ocr_par' dir='ltr' id='par_1_45' title="bbox 450 2269 1994 2632">
     <span class='ocr_line' id='line_1_64' title="bbox 560 2269 1991 2328; baseline -0.003 -13"><span class='ocrx_word' id='word_1_327' title='bbox 560 2271 650 2325; x_wconf 74' lang='lat' dir='ltr'>tur)</span> <span class='ocrx_word' id='word_1_328' title='bbox 799 2271 801 2301; x_wconf 68' lang='lat'>3</span> <span class='ocrx_word' id='word_1_329' title='bbox 880 2275 1110 2315; x_wconf 79' lang='lat' dir='ltr'>turiatores</span> <span class='ocrx_word' id='word_1_330' title='bbox 1133 2273 1516 2328; x_wconf 58' lang='lat' dir='ltr'>Magydeburyenses</span> <span class='ocrx_word' id='word_1_331' title='bbox 1539 2286 1565 2312; x_wconf 81' lang='lat' dir='ltr'>a</span> <span class='ocrx_word' id='word_1_332' title='bbox 1590 2272 1632 2313; x_wconf 80' lang='lat' dir='ltr'>C.</span> <span class='ocrx_word' id='word_1_333' title='bbox 1657 2273 1776 2312; x_wconf 76' lang='lat' dir='ltr'>iussu</span> <span class='ocrx_word' id='word_1_334' title='bbox 1799 2271 1842 2312; x_wconf 88' lang='lat' dir='ltr'>S.</span> <span class='ocrx_word' id='word_1_335' title='bbox 1858 2270 1930 2311; x_wconf 76' lang='lat' dir='ltr'>Pii</span> <span class='ocrx_word' id='word_1_336' title='bbox 1946 2269 1991 2310; x_wconf 91' lang='lat' dir='ltr'>V.</span> 
     </span>
     <span class='ocr_line' id='line_1_65' title="bbox 799 2330 1994 2394; baseline -0.004 -14"><span class='ocrx_word' id='word_1_337' title='bbox 799 2330 801 2347; x_wconf 62' lang='lat'>³</span> <span class='ocrx_word' id='word_1_338' title='bbox 880 2340 1075 2394; x_wconf 77' lang='lat' dir='ltr'>scriptus,</span> <span class='ocrx_word' id='word_1_339' title='bbox 1123 2339 1310 2393; x_wconf 75' lang='lat' dir='ltr'>primum</span> <span class='ocrx_word' id='word_1_340' title='bbox 1350 2337 1552 2391; x_wconf 67' lang='lat' dir='ltr'>Dite&#39;nyae</span> <span class='ocrx_word' id='word_1_341' title='bbox 1596 2337 1641 2378; x_wconf 76' lang='lat' dir='ltr'>in</span> <span class='ocrx_word' id='word_1_342' title='bbox 1683 2337 1812 2377; x_wconf 82' lang='lat' dir='ltr'>lucem</span> <span class='ocrx_word' id='word_1_343' title='bbox 1848 2335 1994 2390; x_wconf 76' lang='lat' dir='ltr'>prodit</span> 
     </span>
     <span class='ocr_line' id='line_1_66' title="bbox 881 2403 1018 2455; baseline 0 -10"><span class='ocrx_word' id='word_1_344' title='bbox 881 2403 1018 2455; x_wconf 78' lang='lat'>(712).</span> 
     </span>
     <span class='ocr_line' id='line_1_67' title="bbox 450 2473 1994 2523; baseline -0.002 -12"><span class='ocrx_word' id='word_1_345' title='bbox 450 2478 516 2512; x_wconf 89' lang='lat' dir='ltr'>sub</span> <span class='ocrx_word' id='word_1_346' title='bbox 542 2490 588 2511; x_wconf 88' lang='lat' dir='ltr'>m.</span> <span class='ocrx_word' id='word_1_347' title='bbox 607 2477 703 2523; x_wconf 81' lang='lat' dir='ltr'>Sept.</span> <span class='ocrx_word' id='word_1_348' title='bbox 723 2481 759 2513; x_wconf 88' lang='lat' dir='ltr'>et</span> <span class='ocrx_word' id='word_1_349' title='bbox 801 2479 858 2514; x_wconf 86' lang='lat' dir='ltr'>C</span> <span class='ocrx_word' id='word_1_350' title='bbox 886 2479 1007 2513; x_wconf 78' lang='lat' dir='ltr'>Patris</span> <span class='ocrx_word' id='word_1_351' title='bbox 1034 2478 1183 2513; x_wconf 84' lang='lat' dir='ltr'>Pastelii</span> <span class='ocrx_word' id='word_1_352' title='bbox 1210 2478 1360 2512; x_wconf 83' lang='lat' dir='ltr'>rectoris</span> <span class='ocrx_word' id='word_1_353' title='bbox 1392 2477 1533 2520; x_wconf 87' lang='lat' dir='ltr'>collegii</span> <span class='ocrx_word' id='word_1_354' title='bbox 1559 2475 1785 2521; x_wconf 86' lang='lat' dir='ltr'>oenipontani</span> <span class='ocrx_word' id='word_1_355' title='bbox 1811 2473 1994 2509; x_wconf 84' lang='lat' dir='ltr'>consultor</span> 
     </span>
     <span class='ocr_line' id='line_1_68' title="bbox 570 2528 1738 2577; baseline -0.003 -12"><span class='ocrx_word' id='word_1_356' title='bbox 570 2531 648 2566; x_wconf 90' lang='lat' dir='ltr'>Oct.</span> <span class='ocrx_word' id='word_1_357' title='bbox 801 2531 802 2573; x_wconf 63' lang='lat' dir='ltr'>l</span> <span class='ocrx_word' id='word_1_358' title='bbox 881 2533 925 2567; x_wconf 88' lang='lat' dir='ltr'>ab</span> <span class='ocrx_word' id='word_1_359' title='bbox 952 2532 1100 2566; x_wconf 84' lang='lat' dir='ltr'>Hoffaeo</span> <span class='ocrx_word' id='word_1_360' title='bbox 1128 2531 1337 2577; x_wconf 87' lang='lat' dir='ltr'>provinciali</span> <span class='ocrx_word' id='word_1_361' title='bbox 1365 2531 1596 2565; x_wconf 88' lang='lat' dir='ltr'>constituitur</span> <span class='ocrx_word' id='word_1_362' title='bbox 1623 2528 1738 2573; x_wconf 85' lang='grc'><strong>(626).</strong></span> 
     </span>
     <span class='ocr_line' id='line_1_69' title="bbox 522 2581 1992 2632; baseline -0.003 -13"><span class='ocrx_word' id='word_1_363' title='bbox 522 2585 619 2630; x_wconf 83' lang='lat' dir='ltr'>Sept.</span> <span class='ocrx_word' id='word_1_364' title='bbox 639 2586 694 2620; x_wconf 81' lang='lat'>25.</span> <span class='ocrx_word' id='word_1_365' title='bbox 800 2587 802 2630; x_wconf 67' lang='lat' dir='ltr'><strong>f</strong></span> <span class='ocrx_word' id='word_1_366' title='bbox 821 2585 1022 2632; x_wconf 69' lang='lat' dir='ltr'>Oeniponie</span> <span class='ocrx_word' id='word_1_367' title='bbox 1049 2585 1254 2630; x_wconf 81' lang='lat' dir='ltr'>exemplum</span> <span class='ocrx_word' id='word_1_368' title='bbox 1279 2584 1361 2619; x_wconf 88' lang='lat' dir='ltr'>libri</span> <span class='ocrx_word' id='word_1_369' title='bbox 1387 2596 1408 2618; x_wconf 85' lang='lat' dir='ltr'>a</span> <span class='ocrx_word' id='word_1_370' title='bbox 1434 2596 1472 2618; x_wconf 89' lang='lat' dir='ltr'>se</span> <span class='ocrx_word' id='word_1_371' title='bbox 1499 2584 1542 2617; x_wconf 89' lang='lat' dir='ltr'>de</span> <span class='ocrx_word' id='word_1_372' title='bbox 1560 2583 1594 2617; x_wconf 83' lang='lat' dir='ltr'>S.</span> <span class='ocrx_word' id='word_1_373' title='bbox 1613 2583 1661 2617; x_wconf 93' lang='lat' dir='ltr'>lo.</span> <span class='ocrx_word' id='word_1_374' title='bbox 1680 2581 1845 2625; x_wconf 85' lang='lat' dir='ltr'>Baptista</span> <span class='ocrx_word' id='word_1_375' title='bbox 1868 2581 1992 2626; x_wconf 83' lang='lat' dir='ltr'>scripti</span> 
     </span>
    </p>
   </div>
   <div class='ocr_carea' id='block_1_32' title="bbox 880 2634 1992 2737">
    <p class='ocr_par' dir='ltr' id='par_1_46' title="bbox 880 2634 1992 2737">
     <span class='ocr_line' id='line_1_70' title="bbox 881 2634 1992 2674; baseline -0.006 0"><span class='ocrx_word' id='word_1_376' title='bbox 881 2643 917 2674; x_wconf 88' lang='lat' dir='ltr'>et</span> <span class='ocrx_word' id='word_1_377' title='bbox 942 2639 1165 2674; x_wconf 85' lang='lat' dir='ltr'>Ferdinando</span> <span class='ocrx_word' id='word_1_378' title='bbox 1193 2639 1235 2673; x_wconf 89' lang='lat' dir='ltr'>II.</span> <span class='ocrx_word' id='word_1_379' title='bbox 1262 2637 1445 2673; x_wconf 88' lang='lat' dir='ltr'>archiduci</span> <span class='ocrx_word' id='word_1_380' title='bbox 1481 2637 1634 2670; x_wconf 84' lang='lat' dir='ltr'>dedicati</span> <span class='ocrx_word' id='word_1_381' title='bbox 1669 2635 1783 2669; x_wconf 88' lang='lat' dir='ltr'>eidem</span> <span class='ocrx_word' id='word_1_382' title='bbox 1809 2634 1992 2669; x_wconf 88' lang='lat' dir='ltr'>archiduci</span> 
     </span>
     <span class='ocr_line' id='line_1_71' title="bbox 880 2693 1134 2737; baseline -0.004 -10"><span class='ocrx_word' id='word_1_383' title='bbox 880 2693 992 2727; x_wconf 82' lang='lat' dir='ltr'>mittit</span> <span class='ocrx_word' id='word_1_384' title='bbox 1019 2694 1134 2737; x_wconf 81' lang='lat'>(479).</span> 
     </span>
    </p>
   </div>
   <div class='ocr_carea' id='block_1_33' title="bbox 442 2740 1992 2953">
    <p class='ocr_par' dir='ltr' id='par_1_47' title="bbox 442 2740 1992 2953">
     <span class='ocr_line' id='line_1_72' title="bbox 442 2740 1914 2790; baseline -0.001 -13"><span class='ocrx_word' id='word_1_385' title='bbox 442 2744 536 2778; x_wconf 87' lang='lat' dir='ltr'>inter</span> <span class='ocrx_word' id='word_1_386' title='bbox 562 2745 594 2779; x_wconf 93' lang='lat'>7.</span> <span class='ocrx_word' id='word_1_387' title='bbox 614 2744 710 2790; x_wconf 84' lang='lat' dir='ltr'>Sept.</span> <span class='ocrx_word' id='word_1_388' title='bbox 731 2748 767 2780; x_wconf 90' lang='lat' dir='ltr'>et</span> <span class='ocrx_word' id='word_1_389' title='bbox 799 2745 934 2787; x_wconf 51' lang='lat' dir='ltr'>¹Halae</span> <span class='ocrx_word' id='word_1_390' title='bbox 960 2758 1040 2780; x_wconf 89' lang='lat' dir='ltr'>cum</span> <span class='ocrx_word' id='word_1_391' title='bbox 1068 2745 1285 2789; x_wconf 81' lang='lat' dir='ltr'>Magdalena</span> <span class='ocrx_word' id='word_1_392' title='bbox 1310 2744 1436 2787; x_wconf 86' lang='lat' dir='ltr'>regina</span> <span class='ocrx_word' id='word_1_393' title='bbox 1462 2742 1610 2777; x_wconf 88' lang='lat' dir='ltr'>consilia</span> <span class='ocrx_word' id='word_1_394' title='bbox 1637 2741 1776 2776; x_wconf 86' lang='lat' dir='ltr'>confert</span> <span class='ocrx_word' id='word_1_395' title='bbox 1801 2740 1914 2785; x_wconf 89' lang='grc'><strong>(482).</strong></span> 
     </span>
     <span class='ocr_line' id='line_1_73' title="bbox 530 2798 1288 2902; baseline 0 -17"><span class='ocrx_word' id='word_1_396' title='bbox 530 2798 685 2888; x_wconf 39' lang='lat' dir='ltr'>&amp;fid</span> <span class='ocrx_word' id='word_1_397' title='bbox 799 2825 800 2902; x_wconf 53' lang='lat' dir='ltr'>l</span> <span class='ocrx_word' id='word_1_398' title='bbox 821 2851 1021 2898; x_wconf 78' lang='lat' dir='ltr'>Oeniponte</span> <span class='ocrx_word' id='word_1_399' title='bbox 1046 2852 1146 2896; x_wconf 82' lang='lat' dir='ltr'>degit</span> <span class='ocrx_word' id='word_1_400' title='bbox 1173 2851 1288 2895; x_wconf 80' lang='lat'>(482).</span> 
     </span>
     <span class='ocr_line' id='line_1_74' title="bbox 566 2907 1992 2953; baseline -0.004 -8"><span class='ocrx_word' id='word_1_401' title='bbox 566 2910 645 2945; x_wconf 84' lang='lat' dir='ltr'>Oct.</span> <span class='ocrx_word' id='word_1_402' title='bbox 798 2913 974 2945; x_wconf 47' lang='lat' dir='ltr'>.Librzcm</span> <span class='ocrx_word' id='word_1_403' title='bbox 1001 2912 1043 2944; x_wconf 83' lang='lat' dir='ltr'>de</span> <span class='ocrx_word' id='word_1_404' title='bbox 1067 2912 1179 2944; x_wconf 80' lang='lat' dir='ltr'>Beata</span> <span class='ocrx_word' id='word_1_405' title='bbox 1205 2911 1330 2944; x_wconf 75' lang='lat' dir='ltr'>Maria</span> <span class='ocrx_word' id='word_1_406' title='bbox 1356 2910 1501 2953; x_wconf 71' lang='lat' dir='ltr'>l&#39;iryine</span> <span class='ocrx_word' id='word_1_407' title='bbox 1532 2908 1700 2941; x_wconf 75' lang='lat' dir='ltr'>adversus</span> <span class='ocrx_word' id='word_1_408' title='bbox 1728 2907 1992 2941; x_wconf 74' lang='lat' dir='ltr'>Centurlatores</span> 
     </span>
    </p>
   </div>
   <div class='ocr_carea' id='block_1_34' title="bbox 473 2964 1990 3172">
    <p class='ocr_par' dir='ltr' id='par_1_48' title="bbox 473 2964 1990 3172">
     <span class='ocr_line' id='line_1_75' title="bbox 888 2964 1130 2998; baseline 0.004 -1"><span class='ocrx_word' id='word_1_409' title='bbox 888 2968 987 2997; x_wconf 65' lang='lat' dir='ltr'>Jarat</span> <span class='ocrx_word' id='word_1_410' title='bbox 1031 2964 1098 2998; x_wconf 87' lang='lat'>487</span> <span class='ocrx_word' id='word_1_411' title='bbox 1123 2991 1130 2998; x_wconf 91' lang='lat'>.</span> 
     </span>
     <span class='ocr_line' id='line_1_76' title="bbox 473 2964 1990 3066; baseline -0.003 -11"><span class='ocrx_word' id='word_1_412' title='bbox 473 3022 540 3056; x_wconf 86' lang='lat' dir='ltr'>sub</span> <span class='ocrx_word' id='word_1_413' title='bbox 566 3023 658 3056; x_wconf 88' lang='lat' dir='ltr'>med.</span> <span class='ocrx_word' id='word_1_414' title='bbox 683 3022 741 3057; x_wconf 83' lang='lat' dir='ltr'>vel</span> <span class='ocrx_word' id='word_1_415' title='bbox 798 3000 858 3057; x_wconf 44' lang='lat' dir='ltr'>1¹S.</span> <span class='ocrx_word' id='word_1_416' title='bbox 877 2977 965 3056; x_wconf 44' lang='lat' dir='ltr'>{Rus</span> <span class='ocrx_word' id='word_1_417' title='bbox 992 2964 1027 3056; x_wconf 67' lang='lat' dir='ltr'>V(.</span> <span class='ocrx_word' id='word_1_418' title='bbox 1056 2966 1185 3066; x_wconf 48' lang='lat' dir='ltr'>rogatu</span> <span class='ocrx_word' id='word_1_419' title='bbox 1219 3022 1420 3056; x_wconf 71' lang='lat' dir='ltr'>cardinalis</span> <span class='ocrx_word' id='word_1_420' title='bbox 1449 3020 1637 3054; x_wconf 73' lang='lat' dir='ltr'>Truchsess</span> <span class='ocrx_word' id='word_1_421' title='bbox 1666 3020 1702 3053; x_wconf 78' lang='lat' dir='ltr'>G.</span> <span class='ocrx_word' id='word_1_422' title='bbox 1727 3030 1795 3063; x_wconf 79' lang='lat' dir='ltr'>pro</span> <span class='ocrx_word' id='word_1_423' title='bbox 1826 3019 1917 3052; x_wconf 80' lang='lat' dir='ltr'>libro</span> <span class='ocrx_word' id='word_1_424' title='bbox 1949 3019 1990 3051; x_wconf 80' lang='lat' dir='ltr'>de</span> 
     </span>
     <span class='ocr_line' id='line_1_77' title="bbox 483 3068 1989 3123; baseline -0.003 -14"><span class='ocrx_word' id='word_1_425' title='bbox 483 3077 625 3109; x_wconf 82' lang='lat' dir='ltr'>exeunt.</span> <span class='ocrx_word' id='word_1_426' title='bbox 646 3074 726 3111; x_wconf 86' lang='lat' dir='ltr'>Oct.</span> <span class='ocrx_word' id='word_1_427' title='bbox 798 3068 800 3123; x_wconf 61' lang='lat' dir='ltr'>J</span> <span class='ocrx_word' id='word_1_428' title='bbox 880 3077 916 3110; x_wconf 91' lang='lat' dir='ltr'>S.</span> <span class='ocrx_word' id='word_1_429' title='bbox 936 3077 985 3109; x_wconf 92' lang='lat' dir='ltr'>Io.</span> <span class='ocrx_word' id='word_1_430' title='bbox 1005 3077 1170 3119; x_wconf 75' lang='lat' dir='ltr'>Baptista</span> <span class='ocrx_word' id='word_1_431' title='bbox 1207 3076 1376 3109; x_wconf 66' lang='lat' dir='ltr'>adt-ersus</span> <span class='ocrx_word' id='word_1_432' title='bbox 1409 3075 1675 3108; x_wconf 77' lang='lat' dir='ltr'>Centm·iat07·es</span> <span class='ocrx_word' id='word_1_433' title='bbox 1707 3074 1838 3116; x_wconf 73' lang='lat' dir='ltr'>scripto</span> <span class='ocrx_word' id='word_1_434' title='bbox 1872 3072 1989 3106; x_wconf 73' lang='lat' dir='ltr'>indul—</span> 
     </span>
     <span class='ocr_line' id='line_1_78' title="bbox 798 3127 1580 3172; baseline -0.003 -10"><span class='ocrx_word' id='word_1_435' title='bbox 798 3147 800 3166; x_wconf 52' lang='lat' dir='ltr'>i</span> <span class='ocrx_word' id='word_1_436' title='bbox 877 3132 1031 3172; x_wconf 63' lang='lat' dir='ltr'>ommam</span> <span class='ocrx_word' id='word_1_437' title='bbox 1051 3130 1258 3172; x_wconf 77' lang='lat' dir='ltr'>plenariam</span> <span class='ocrx_word' id='word_1_438' title='bbox 1284 3129 1439 3162; x_wconf 72' lang='lat' dir='ltr'>concedit</span> <span class='ocrx_word' id='word_1_439' title='bbox 1467 3127 1580 3171; x_wconf 85' lang='lat'>(489).</span> 
     </span>
    </p>
   </div>
  </div>
 </body>
</html>
