2044 3335
333 119 434 153 1496.
463 118 547 153 Can.
576 118 614 152 P.
642 118 790 153 Nicolao
817 119 960 153 Lanoio.
1013 119 1202 153 Monachio
1229 118 1296 152 sub
1322 118 1378 153 23.
1399 118 1497 163 Sept.
1519 119 1620 154 1567.
1809 124 1860 164 51

91 237 340 281 institutum
376 237 465 281 ,SS.
499 237 576 279 CC.
611 237 827 291 possimus
859 237 1093 280 inseruire:
1138 239 1182 280 et
1220 236 1256 278 si
1289 237 1342 280 V.
1378 237 1668 280 Reuerentiae
1701 238 1865 292 aliquid

91 303 182 345 tale
215 302 466 352 occurrerit,
501 301 624 343 nobis
657 302 887 355 significet.
944 303 1179 344 Precamur
1209 301 1382 344 interim
1416 302 1497 344 Dei
1529 303 1783 354 bonitatem,
1818 307 1866 346 ut

93 381 242 410 earum
276 370 321 409 et
353 369 504 409 nostra
538 367 682 408 omnia
715 367 895 409 consilia
928 369 973 410 et
1006 367 1202 410 actiones
1232 367 1287 409 ad
1310 367 1493 420 gloriam
1517 381 1639 409 suam
1665 368 1865 422 dirigere,

93 435 137 475 et
169 432 473 483 sanctissimae
506 446 611 473 suae
643 432 860 475 uoluntati
894 432 1167 474 conformare
1201 432 1417 485 dignetur.
1467 432 1632 475 Romae
1667 435 1734 476 20.
1760 435 1867 488 Sep-

92 497 273 540 tembris
307 499 449 540 .1567.

212 572 414 617 Epistulam
441 571 535 606 hanc
560 574 705 617 praeter
731 573 1028 607 consuetudinem
1055 572 1177 614 latine,
1204 584 1275 606 non
1300 571 1423 606 italice
1449 572 1621 617 scriptam
1641 584 1721 607 esse
1739 585 1868 608 censeo

93 626 137 659 eo‘
161 625 327 665 consilio,
366 629 407 659 ut
442 626 556 659 maior
591 625 767 669 quaedam
805 626 837 659 ei
873 628 971 660 esset
1006 625 1205 660 auctoritas
1242 628 1278 659 et
1314 628 1354 659 ut
1389 625 1534 660 facilius
1569 637 1589 659 a
1617 626 1760 660 Canisio
1786 627 1868 661 Fer-

94 678 248 713 dinando
285 679 330 713 Π.
375 678 561 713 archiduci
604 679 893 723 consiliariisque
936 679 1187 724 oenipontanis
1229 679 1370 712 ostendi
1412 681 1547 723 posset.
1598 679 1687 713 Eam
1727 680 1869 715 Canisio

94 732 244 765 missam
271 743 350 766 esse
377 744 448 766 una
475 744 554 766 cum
582 732 717 766 litteris
744 732 800 766 23.
828 732 1051 777 Septembris
1082 732 1171 767 1567
1200 733 1243 766 ad
1272 732 1425 766 eundem
1452 732 1547 766 datis
1572 732 1798 775 intellegitur
1825 746 1869 768 ex

94 784 221 818 harum
249 785 396 819 exordio
425 785 475 828 (v.
503 784 598 818 infra
622 797 655 830 p.
675 786 749 828 52).
787 785 978 820 Caeterum
1006 785 1042 819 in
1067 785 1221 828 Borgiae
1241 784 1410 828 Registro
1438 785 1645 828 germanico
1667 786 1805 829 (Germ.
1825 788 1867 822 67

95 838 121 872 f.
149 837 340 882 59b—60b)
379 841 501 873 exstat
526 838 732 872 litterarum
759 838 962 873 italicarum
995 839 1038 873 de
1066 839 1190 873 eodem
1216 849 1364 883 prorsus
1390 839 1535 881 negotio
1562 839 1676 873 Roma
1705 840 1756 874 13,
1786 840 1869 885 Sep-

93 891 244 926 tembris
272 892 362 926 1567
390 903 411 926 a
437 891 571 935 Borgia
597 892 640 925 ad
670 891 853 926 Canisium
882 892 1047 926 datarum
1075 891 1335 937 apographum.
1384 891 1459 925 Nec
1485 894 1606 926 tamen
1633 893 1701 926 hae
1727 893 1871 927 litterae

96 944 241 979 Canisio
267 945 401 980 missae
427 947 532 986 sunt;
572 956 689 989 neque
727 946 821 979 enim
860 947 889 980 is
924 946 960 979 in
997 945 1173 991 epistulis,
1210 957 1300 989 quas
1337 945 1382 979 ad
1410 945 1582 988 Borgiam
1617 946 1724 987 dedit,
1760 947 1869 981 ullam

95 1009 218 1032 earum
246 998 463 1033 mentionem
490 999 596 1039 facit;
636 1002 672 1032 et
706 998 741 1032 in
769 999 939 1042 Registro
976 999 1224 1044 apographum
1263 999 1363 1039 illud,
1399 998 1506 1033 lineis
1540 1000 1777 1040 transmissis,
1813 1001 1871 1035 ob—

95 1051 297 1086 litteratum
326 1055 392 1087 est.
437 1052 572 1094 Quodsi
600 1053 690 1086 duas
717 1052 799 1086 illas
826 1052 1003 1097 epistulas
1030 1053 1125 1086 inter
1150 1064 1189 1087 se
1209 1052 1416 1094 contuleris,
1443 1052 1511 1086 hoc
1530 1064 1745 1096 cognosces:
1774 1054 1871 1088 Idem

94 1104 229 1139 habent
255 1106 463 1145 exordium;
491 1106 617 1140 eadem
644 1106 815 1140 dicuntur
843 1107 885 1140 de
913 1106 1069 1140 ecclesia
1096 1105 1159 1140 illa
1185 1106 1415 1148 reginarum;
1443 1106 1537 1150 quod
1565 1118 1650 1140 vero
1677 1107 1721 1140 ad
1748 1119 1871 1141 curam

96 1158 239 1202 collegii
266 1159 364 1193 illius
391 1159 448 1193 vel
470 1159 764 1203 congregationis
783 1160 967 1202 virginum
995 1160 1137 1199 attinet,
1165 1159 1289 1193 italica
1316 1159 1472 1204 epistula
1498 1159 1592 1193 hanc
1619 1160 1729 1194 habet
1754 1162 1871 1195 mode-

96 1211 291 1247 rationem:
333 1212 398 1255 „Se
425 1212 456 1246 si
482 1213 628 1247 intende
665 1213 731 1246 che
758 1216 888 1257 questo
914 1214 966 1247 tal
994 1213 1147 1256 collegio
1175 1213 1304 1246 debbia
1332 1224 1452 1247 essere
1479 1213 1615 1247 aiutato
1651 1214 1694 1247 de
1721 1214 1732 1247 i
1758 1216 1870 1249 nostri

97 1266 131 1299 in
157 1267 270 1307 tanto,
308 1266 373 1300 che
399 1266 530 1300 uiuono
566 1266 599 1299 le
625 1266 857 1300 serenissime
885 1267 1034 1310 Regine,
1071 1278 1171 1300 come
1198 1269 1320 1300 nostro
1347 1266 1516 1300 instituto
1550 1267 1583 1300 lo
1611 1269 1805 1312 comporta,
1841 1269 1871 1302 si

96 1319 186 1360 fara,
213 1331 284 1353 non
310 1319 495 1364 pigliando
522 1321 607 1364 pero
635 1331 721 1353 cura
748 1319 956 1353 altrimente
983 1320 1049 1353 6116
1077 1320 1205 1354 adesso
1232 1319 1267 1353 la
1294 1322 1460 1363 tengano,
1489 1332 1546 1353 ma
1566 1322 1741 1364 potranno
1759 1322 1873 1356 sentir

95 1371 169 1406 loro
197 1372 427 1414 confessioni,
455 1376 491 1406 et
517 1373 589 1407 alle
608 1373 706 1407 uolte
726 1373 807 1407 dirli
834 1373 866 1407 le
885 1385 1013 1414 messe,
1042 1376 1078 1407 et
1096 1373 1289 1418 predicarli
1308 1373 1439 1418 perche
1467 1376 1590 1408 nostre
1617 1375 1870 1410 constitucioni

96 1437 165 1459 non
191 1428 418 1470 permettono
445 1426 642 1470 particolar
667 1438 826 1470 gouerno
854 1427 888 1460 di
908 1427 1022 1460 donne
1050 1439 1093 1460 ne
1112 1426 1288 1460 monache
1315 1438 1360 1460 ne
1379 1426 1544 1468 secolari,
1572 1431 1607 1461 et
1626 1427 1699 1462 cosi
1726 1429 1760 1462 la
1779 1441 1871 1463 com-

96 1479 228 1524 pagnia
254 1491 324 1513 non
351 1479 469 1524 potria
495 1479 628 1524 pigliar
653 1480 705 1514 tal
732 1482 914 1514 assunto.“

219 1532 395 1574 Quoniam
424 1533 478 1567 13.
507 1533 730 1578 Septembris
766 1533 912 1567 litterae
948 1533 992 1567 ad
1021 1532 1205 1567 Canisium
1234 1534 1367 1567 missae
1394 1546 1464 1567 non
1491 1536 1586 1575 sunt,
1623 1535 1789 1580 epistulis
1816 1536 1871 1571 20.

96 1588 133 1620 et
159 1585 215 1620 23.
240 1585 463 1631 Septembris
484 1587 574 1621 1567
603 1587 646 1620 ad
675 1598 756 1620 eum
784 1587 879 1621 datis
906 1587 1099 1621 adiunctae
1126 1590 1223 1627 sunt,
1250 1590 1347 1631 puto,
1374 1599 1583 1622 communes
1608 1588 1751 1623 litterae
1777 1589 1871 1632 illae,

96 1640 139 1673 de
166 1639 297 1683 quibus
324 1640 359 1673 in
388 1639 471 1674 Cod.
504 1640 625 1682 „Def.“
657 1641 850 1674 *notatum
879 1643 953 1674 est:
986 1641 1098 1682 „1567
1121 1642 1227 1675 ...A
1250 1640 1304 1674 13.
1332 1641 1367 1674 di
1394 1641 1591 1675 settembre
1618 1642 1740 1677 ordine
1767 1655 1874 1688 sopra

95 1692 120 1726 il
139 1692 194 1726 dir
218 1693 252 1727 le
278 1693 414 1727 letanie
439 1694 523 1735 ogni
542 1693 678 1737 giorno,
707 1695 743 1727 et
769 1694 800 1728 si
827 1694 967 1728 faccian
995 1694 1185 1739 discipline
1212 1706 1276 1739 per
1302 1693 1429 1728 alcune
1457 1695 1637 1729 necessita
1663 1696 1872 1742 importantj

95 1746 140 1780 ad
175 1746 353 1780 intention
389 1746 424 1780 di
451 1747 493 1780 N.
522 1747 561 1781 Ρ.
600 1749 636 1781 et
670 1758 734 1792 per
769 1750 824 1781 tre
860 1747 949 1792 mesj
978 1747 1192 1788 dureranno,
1229 1749 1249 1781 a
1276 1747 1398 1789 Jtalia,
1426 1748 1589 1790 Francia,
1618 1749 1811 1784 Germania
1838 1753 1874 1785 et

96 1800 260 1844 Spagna“
295 1800 430 1843 (Messe
459 1802 495 1834 et
521 1812 570 1835 or.
598 1802 677 1841 etc,
704 1800 740 1834 in
767 1812 798 1835 a.
822 1800 941 1844 1567).

215 1863 382 1899 Canisius
407 1864 563 1909 Borgiae
589 1865 776 1910 respondit
803 1865 835 1899 8.
863 1865 1080 1900 Novembris
1110 1866 1210 1900 1567.

95 1974 248 2012 1496.
373 1976 591 2012 CANISIUS
630 1977 692 2013 P.
728 1976 1032 2013 NICOLAO
1070 1976 1330 2013 LANOIO
1373 1977 1426 2014 S.
1460 1978 1515 2014 J.
1559 1980 1690 2015 rectori
1729 1981 1872 2025 collegii

285 2031 525 2076 oenipontani.
1078 2031 1267 2065 Monachio
1295 2032 1361 2066 sub
1389 2033 1444 2067 23.
1470 2033 1692 2078 Septembris
1721 2035 1822 2070 1567.

215 2096 269 2130 Ex
295 2097 420 2131 Lanoii
446 2097 682 2142 autographo.
736 2097 777 2132 G.
805 2097 871 2142 Ep.
891 2097 975 2131 VIH
1002 2098 1026 2131 f.
1050 2098 1126 2131 196.

217 2163 256 2196 P.
276 2164 494 2206 Merqm'tius
512 2165 738 2196 concionator
760 2163 951 2205 Oem‘ponte
976 2167 1142 2196 avocetur
1169 2164 1207 2196 in
1235 2164 1379 2207 eiusque
1405 2164 1519 2197 locum
1546 2165 1596 2197 vel
1615 2165 1664 2199 M.
1688 2166 1872 2199 Guiscoms

96 2217 145 2249 rel
170 2217 267 2250 alius
290 2217 539 2250 substituatur.

214 2270 253 2303 P.
283 2271 456 2303 Nicolaus
484 2271 649 2303 Latmius
675 2271 710 2304 S.
731 2271 766 2304 J.
794 2275 911 2303 rector
938 2270 1075 2313 collegyiz?
1100 2271 1332 2312 oenipontani
1363 2271 1552 2313 Oencponte
1579 2274 1633 2305 30.
1661 2272 1871 2315 Septembris

98 2326 189 2356 1567
215 2325 262 2356 ad
290 2325 325 2357 S.
354 2325 592 2357 Frant‘iscum
620 2325 792 2367 Boryc'am
815 2325 1060 2366 praepositam
1086 2324 1285 2365 yeneralem.
1312 2324 1397 2356 haec
1422 2325 1557 2357 rettulit
1583 2326 1624 2357 (le
1651 2325 1868 2369 1,θοῖίοριιίᾰί

96 2377 151 2410 die
176 2379 233 2410 27.
263 2378 475 2420 Septembris
510 2390 588 2411 eum
625 2378 865 2410 Ferclinando
891 2377 941 2410 II.
978 2377 1171 2410 archiduce
1202 2377 1404 2420 Tirolisqzte
1434 2378 1601 2421 principe
1635 2379 1767 2421 habito,
1803 2392 1871 2423 quo

96 2432 323 2463 tractabatur
349 2432 390 2464 de
418 2432 454 2464 P.
484 2432 620 2464 Ioanne
645 2431 840 2474 IVIerqm'tc'o
866 2441 1001 2463 saxone
1028 2432 1065 2464 S.
1093 2431 1129 2464 J.
1159 2431 1389 2473 parochialis
1421 2431 1582 2464 ecclesiae
1614 2434 1871 2475 oenipontanae

97 2486 339 2518 contionatore
366 2486 430 2527 (cf.
449 2496 562 2528 supra
589 2496 622 2527 p.
646 2487 708 2521 16)
722 2497 732 2517 .·
769 2484 946 2527 „Sabbato
976 2485 1105 2527 pao-lai
1137 2484 1174 2516 αἰ
1200 2489 1320 2517 nostro
1347 2484 1517 2526 Principe
1542 2485 1799 2520 Jllnstrisszssmo
1816 2515 1821 2521 .
1839 2515 1868 2521 ..

95 2538 146 2571 Jn
173 2539 252 2581 quel
279 2539 452 2582 colloquio
480 2540 529 2571 mi
554 2540 646 2571 disse
671 2539 698 2570 il
726 2538 895 2580 Principe
930 2538 989 2571 che
1007 2539 1048 2580 jo
1074 2539 1265 2571 solicitassi
1291 2548 1435 2580 αρν-6330
1461 2539 1499 2570 di
1528 2539 1562 2571 V.
1589 2539 1629 2572 P.
1658 2540 1717 2573 che
1743 2552 1811 2574 uon
1839 2543 1872 2574 si·

95 2592 227 2624 lenassi
261 2593 300 2624 di
335 2593 406 2635 qua
442 2593 469 2625 il
495 2593 533 2625 P.
563 2593 707 2625 Saxone
735 2593 967 2634 predicatore
993 2593 1136 2624 essendo
1173 2603 1265 2624 come
1291 2591 1344 2624 lec-i
1369 2592 1560 2624 intendem
1584 2598 1690 2635 9rato
1724 2596 1781 2627 nel
1806 2606 1870 2628 sno

90 2646 279 2688 predicare
315 2646 351 2677 al
371 2646 507 2689 populo
537 2657 607 2688 per
634 2656 703 2678 non
732 2656 842 2678 essere
868 2648 966 2677 tanto
993 2656 1119 2687 aspero
1147 2645 1204 2677 nel
1229 2656 1294 2678 suo
1321 2645 1422 2677 modo
1459 2645 1497 2677 de?
1519 2647 1710 2688 procedere
1745 2653 1775 2681 et
1801 2650 1872 2682 cosi

93 2701 158 2742 piu
184 2700 221 2732 al
240 2704 342 2742 qusto
369 2700 408 2732 di
429 2701 612 2743 Germam',
641 2704 670 2731 et
698 2703 815 2742 questo
841 2699 1030 2732 *ricercacta
1057 2699 1218 2731 (ια-ἰοσΙιι1
1245 2709 1313 2732 non
1341 2699 1369 2731 Ζί
1392 2699 1484 2741 fosse
1510 2700 1548 2731 di
1566 2700 1709 2743 bisoyno
1735 2703 1773 2734 di
1788 2703 1871 2744 fare

95 2754 267 2785 instantia
294 2763 461 2796 appresso
488 2754 526 2785 di·
552 2754 588 2785 V.
619 2753 656 2785 P.
684 2754 723 2785 in
751 2763 830 2785 caso
858 2752 916 2785 che
943 2752 975 2785 lo
1002 2752 1124 2785 volessc'
1148 2753 1214 2794 far
1236 2763 1388 2794 passare
1414 2753 1562 2787 altroae.
1609 2754 1656 2787 Jo
1681 2754 1709 2787 li
1734 2757 1869 2799 rispose

96 2806 164 2850 che,
201 2818 272 2840 non
307 2809 338 2839 si
364 2807 507 2839 Zezcaria
543 2807 581 2839 da?
617 2806 689 2850 qua
723 2817 830 2839 senza
868 2806 893 2838 tl
920 2806 1132 2848 heneplacito
1169 2806 1208 2837 di
1235 2808 1271 2839 S.
1299 2807 1424 2839 Altez:
1459 2816 1554 2839 como
1580 2808 1622 2849 jo
1647 2819 1868 2850 presumeuo.

94 2870 179 2902 pero
203 2871 268 2903 per
295 2860 331 2892 la
356 2870 423 2892 ειια
449 2861 703 2901 inconstantia,
731 2860 926 2902 Zeylerezza
954 2860 991 2891 in
1017 2860 1099 2892 suoi
1117 2860 1273 2901 costztmj,
1301 2863 1331 2892 et
1345 2860 1573 2901 presontione
1590 2861 1629 2893 dc·
1647 2869 1867 2907 esser-yram,

95 2913 266 2956 absque
293 2924 339 2946 eo
363 2913 517 2955 fortasse
544 2914 664 2956 quos]
692 2913 998 2945 intrinsecus
1024 2913 1163 2955 Zatet',
1185 2913 1314 2955 parmi
1340 2912 1399 2945 ch?
1426 2923 1496 2945 non
1509 2918 1619 2956 potra
1635 2926 1869 2957 perseuerare

96 2968 135 2999 m·
161 2977 230 3010 qua
256 2968 296 2999 ni
321 2967 357 2999 in
386 2967 587 3009 qualemche.
613 2967 718 3008 luoyo
744 2967 810 2998 sia.
863 2966 912 2998 Li
938 2966 1026 2998 dotti
1052 2976 1124 2998 non
1151 2966 1184 2998 lo
1209 2967 1363 2999 stimano
1389 2970 1516 3008 troppo
1543 2972 1674 3010 quanto
1701 2970 1775 3002 alla
1800 2982 1867 3004 sua

95 3021 256 3053 dom-ina
282 3025 311 3052 et
330 3020 580 3063 preferiseono
607 3021 637 3052 Ie
657 3019 828 3063 predic-he
853 3020 892 3051 dc·
918 3020 1076 3052 Maestro
1104 3019 1293 3052 Hermete2
1318 3031 1383 3053 sao
1408 3020 1649 3062 predecessore
1683 3024 1719 3054 ln
1746 3029 1866 3065 questa

217 3130 226 3148 ¹
254 3126 299 3161 Ct
323 3127 355 3166 4,
385 3126 400 3159 1
432 3125 463 3159 3.
611 3126 623 3145 ²
650 3125 855 3170 Halbpaur;
884 3125 929 3159 cf.
961 3125 1046 3159 Can.
1076 3125 1107 3157 V
1133 3125 1168 3159 2¹
1196 3126 1266 3160 404
1293 3125 1373 3159 855.

1530 3185 1580 3220 4*
