2044 3335
147 149 199 189 16
654 144 755 178 1481.
785 141 950 176 Canisius
977 141 1011 175 S.
1031 140 1224 175 Francisco
1252 139 1415 184 Borgiae.

264 273 384 324 Quod
418 272 471 314 ad
504 271 753 313 sacerdotes
786 270 911 311 huius
945 269 1114 322 collegij
1149 272 1334 323 spectat,
1378 269 1500 311 doleo
1543 269 1640 311 illos
1681 269 1722 310 in
1759 268 1914 323 spiritu

145 342 190 382 et
221 337 518 392 spiritualibus
551 335 772 389 exercitijs
804 349 956 389 parum
990 333 1216 376 institutos
1249 336 1293 376 et
1315 337 1514 376 uersatos
1538 348 1646 377 esse.
1690 334 1915 387 Reginalis

145 404 259 454 aula,
299 404 348 444 ut
377 415 506 456 saepe
545 400 752 455 scriptum
790 402 869 449 est,
913 402 1087 441 nostros
1122 398 1360 441 deteriores
1393 399 1549 450 reddit,
1585 399 1697 441 sicut
1731 401 1776 441 et
1809 399 1913 441 Fer-

143 468 286 510 rariae
318 469 399 509 etc.
433 468 644 518 tantoque
677 464 894 506 difficilius
927 464 1147 505 consulam
1183 477 1277 516 ego,
1312 467 1360 506 vt
1392 464 1532 506 Halae
1563 463 1702 506 nostri
1731 463 1803 517 qui
1835 477 1911 506 ex-

146 536 366 588 petuntur,
390 530 570 583 Reginis
593 532 637 571 et
659 529 858 582 Reginali
883 528 1079 581 collegio,
1105 529 1218 581 quod
1241 528 1472 579 extruitur,
1496 529 1565 570 uel
1589 528 1913 582 promittantur,

144 598 211 640 uel
247 597 516 639 addicantur.
561 594 687 637 Jdem
721 594 944 635 consilium
979 593 1024 636 P.
1051 592 1226 635 Natalis
1259 607 1354 635 esse
1386 593 1524 644 uideo,
1560 593 1632 646 qui
1664 593 1914 635 sacerdotes

147 663 386 705 Germanos
428 661 481 702 ab
514 659 685 702 Jtalicis
728 659 837 701 aulis
879 658 1197 700 abstrahendos
1238 658 1425 701 consulit
1461 672 1538 712 per
1571 658 1914 711 qualemcunque

146 727 457 769 occasionem1.
506 724 623 766 Nihil
657 726 803 766 autem
837 723 1084 778 praescribo
1118 723 1164 765 P.
1199 723 1247 766 T.
1282 723 1402 765 cuius
1433 723 1650 766 uoluntati
1683 725 1728 765 et
1758 722 1913 765 iudicio

144 793 296 834 lubens
328 805 395 833 me
429 790 607 843 subijcio
630 803 814 842 semper.
858 789 1047 830 Tantum
1070 793 1249 830 causasa
1268 786 1328 842 [5³]
1353 789 1612 838 morborum,
1647 788 1720 841 qui
1740 791 1913 831 nostros

145 857 346 912 perdunt,
380 856 574 905 ostendo,
609 854 799 907 illudque
833 853 1131 895 difficillimum
1157 853 1251 895 fore
1274 853 1381 903 dico,
1415 857 1464 896 vt
1486 853 1551 895 his
1575 853 1686 895 aulis
1708 852 1913 906 alligatos

145 923 215 964 uel
257 921 488 970 obnoxios,
533 920 577 961 in
619 918 865 961 obedientia
906 921 950 960 et
992 918 1218 972 disciplina
1261 918 1493 961 Societatis
1528 920 1704 960 nostrae
1736 918 1913 972 propria

147 987 458 1030 contineamus,

264 1052 310 1094 P.
344 1052 536 1093 Joaniies
566 1050 682 1092 Saxo
715 1062 875 1102 magna
908 1062 1003 1090 cum
1037 1049 1165 1090 laude
1198 1049 1540 1091 contionatorem
1573 1047 1642 1089 hic
1664 1049 1910 1102 praestat2:

146 1118 222 1159 sed
254 1116 335 1158 nisi
358 1117 475 1158 Deus
508 1115 622 1157 adsit
653 1114 716 1156 illi
748 1117 963 1168 potenter,
998 1114 1179 1156 multum
1213 1113 1375 1168 negotij
1410 1113 1530 1155 dabit
1561 1115 1606 1155 et
1638 1113 1730 1163 sibi,
1765 1115 1810 1155 et
1841 1127 1912 1154 su-

144 1182 384 1236 perioribus
416 1181 459 1222 in
491 1180 572 1222 hac
604 1183 787 1222 naturae
820 1193 925 1221 suae
959 1179 1188 1220 admodum
1222 1178 1524 1228 inconstantis,
1558 1178 1836 1221 turbulentae
1868 1181 1913 1220 et

143 1247 401 1288 furibundae
432 1245 744 1287 imbecillitate.
790 1244 914 1286 Vnde
946 1246 1038 1286 tum
1071 1244 1146 1294 illi,
1181 1247 1272 1286 tum
1306 1243 1428 1285 nobis
1451 1246 1645 1285 metuere
1669 1257 1910 1297 possumus,

147 1326 240 1354 cum
275 1326 358 1353 non
392 1311 525 1352 semel
558 1310 748 1352 minatus
780 1310 837 1352 sit
870 1309 1034 1352 abitum
1068 1324 1205 1358 suum,
1240 1311 1285 1351 et
1317 1309 1490 1350 difficile
1523 1309 1581 1350 sit
1601 1309 1805 1362 reperire,
1840 1308 1912 1361 qui

146 1377 331 1430 fugienti
363 1375 568 1418 substitui
601 1378 733 1428 queat
764 1375 808 1416 in
841 1374 1143 1417 contionando.
1208 1374 1370 1417 Notum
1406 1378 1472 1417 est
1504 1374 1670 1416 Romae
1702 1374 1816 1415 illius
1846 1373 1911 1415 in-

146 1442 318 1495 genium
353 1441 627 1490 Saxonicum,
671 1440 783 1493 quod
823 1439 988 1482 vtinam
1031 1439 1240 1481 aduersus
1281 1453 1439 1493 graues
1480 1439 1771 1482 tentationum
1813 1452 1912 1492 pro-

146 1507 280 1549 cellas
298 1506 576 1548 mediocriter
592 1506 635 1547 in
654 1505 792 1548 offitio
811 1519 1070 1547 conseruare
1087 1519 1326 1558 possemus,
1351 1508 1399 1547 ut
1415 1504 1477 1546 illi
1499 1519 1585 1546 non
1607 1505 1914 1558 praeualeat

146 1572 318 1613 inimic
332 1573 429 1614 us3.
474 1572 608 1613 Juuet
639 1572 751 1612 hunc
785 1571 916 1612 filium
950 1584 1051 1612 uere
1084 1570 1264 1612 debilem
1290 1570 1336 1612 P.
1361 1570 1410 1613 T.
1444 1570 1533 1611 suis
1566 1574 1609 1613 et
1641 1569 1792 1612 alienis
1814 1583 1912 1623 pre-

149 1637 390 1679 cationibus
423 1650 596 1690 quaeso.

265 1702 360 1755 Ego
384 1702 559 1744 Rectori
592 1701 810 1751 nonnulla,
846 1714 957 1754 quae
990 1701 1044 1742 ad
1078 1700 1299 1742 meliorem
1326 1700 1570 1754 perturbati
1592 1699 1719 1741 huius
1742 1699 1911 1753 collegij

148 1769 310 1809 statum
353 1767 585 1821 pertinent,
628 1766 671 1807 in
713 1766 887 1820 scriptis
928 1766 1183 1818 relinquam,
1224 1779 1469 1818 nouumque
1511 1765 1621 1806 dabo
1654 1764 1911 1814 ministrum,

148 1832 224 1873 sed
268 1832 376 1874 satis
419 1832 539 1873 illum
586 1831 700 1885 apud
742 1835 917 1872 exteros
960 1835 1230 1885 occupatum,
1275 1831 1320 1873 P.
1355 1830 1638 1883 Georgium4:
1682 1832 1730 1871 ut
1768 1829 1913 1882 aliqua

149 1897 305 1939 saltem
339 1911 393 1938 ex
426 1899 551 1950 parte
583 1896 793 1938 fratribus
821 1897 1083 1938 consulatur.
1148 1895 1231 1937 Sed
1265 1910 1372 1949 opus
1404 1897 1472 1937 est
1503 1894 1676 1937 interim
1708 1894 1910 1945 remedio,

149 1965 198 2004 ut
230 1961 332 2011 dixi,
367 1962 504 2003 solido
538 1962 690 2014 magis.
737 1961 857 2010 Quod
891 1961 945 2002 ad
968 1961 1159 2002 scholam
1184 1961 1355 2011 attinet,
1390 1960 1490 2013 quia
1512 1961 1658 2014 plures
1686 1962 1766 2001 150
1790 1959 1913 2001 scho-

148 2027 292 2069 lastici
324 2041 409 2068 non
431 2027 706 2079 colliguntur,
742 2029 785 2068 et
808 2027 1017 2068 hactenus
1041 2026 1203 2067 classes
1226 2039 1374 2067 omnes
1397 2025 1452 2067 ad
1473 2024 1754 2066 Rhetoricam
1777 2038 1913 2077 usque

150 2106 249 2134 suos
272 2091 541 2145 professores
558 2093 723 2141 tenent,
748 2105 908 2144 magna
930 2090 1090 2133 nostris
1113 2090 1349 2132 difficultas
1371 2090 1573 2144 obijcitur
1594 2090 1637 2131 in
1661 2089 1914 2131 exhibendis

148 2157 229 2198 hoc
260 2157 354 2198 loco
388 2156 623 2209 magistris,
657 2158 706 2198 ut
738 2156 892 2208 quibus
925 2157 1130 2209 exiguum
1163 2155 1422 2198 auditorium
1457 2156 1597 2205 datur,
1639 2155 1681 2196 in
1715 2155 1912 2196 humani-

269 2247 297 2279 a)
318 2249 366 2273 Vel
387 2254 525 2279 causam;
544 2256 610 2272 nam
632 2249 756 2272 alterum
778 2256 814 2272 es
833 2249 926 2273 altero
946 2251 1104 2272 correctum
1126 2251 1176 2272 est.
1214 2248 1288 2279 Epp.
1310 2247 1385 2272 Nad.
1406 2248 1511 2272 habent
1532 2253 1663 2273 causam.

273 2342 283 2361 ¹
310 2341 349 2375 P.
371 2341 584 2376 Laurentius
604 2341 862 2376 Hei-manutius
882 2343 1065 2376 Ferrariae
1085 2343 1266 2377 Barbarae
1284 2342 1460 2383 ducissae,
1476 2342 1515 2376 P.
1533 2341 1746 2376 Guilielmus
1760 2340 1913 2374 Elderen

151 2394 352 2428 Florentiae
381 2395 534 2429 loannae
560 2396 726 2429 ducissae
753 2407 772 2429 a
799 2396 912 2430 sacris
939 2395 1225 2430 confessionibus
1252 2398 1354 2429 erant
1381 2395 1486 2438 (Can.
1506 2395 1537 2429 V
1557 2395 1653 2437 353).

270 2448 283 2467 ²
315 2448 353 2482 P.
382 2449 554 2482 Nicolaus
585 2450 749 2482 Lanoe'zts
784 2449 927 2492 collegii
962 2452 1078 2482 rector
1113 2449 1266 2491 Borgiae
1298 2448 1469 2493 *scripsit
1505 2447 1704 2492 Oeniponte
1740 2447 1795 2481 29.
1822 2445 1913 2480 Iunii

153 2501 262 2534 1567:
299 2500 367 2542 „Le
394 2501 563 2545 prediche
590 2502 646 2535 del
674 2502 713 2536 Ρ.
742 2502 896 2536 Sassone
923 2503 1092 2546 piacceno
1119 2514 1139 2536 a
1165 2502 1251 2536 tutti
1278 2505 1314 2536 et
1339 2501 1372 2535 le
1399 2501 1525 2535 lodano
1551 2501 1661 2535 molto
1680 2528 1687 2534 .
1707 2499 1861 2534 anchora
1888 2499 1913 2533 il

152 2553 280 2596 Signor
300 2553 475 2588 Arciduca
501 2554 632 2598 ilquale
658 2554 738 2588 l'ha
765 2555 896 2588 sentito
915 2555 1086 2598 alquante
1106 2555 1211 2595 uolte,
1239 2554 1439 2589 anchorche
1465 2554 1595 2588 habbia
1622 2553 1646 2587 il
1672 2564 1736 2587 suo
1754 2552 1914 2597 predica-

152 2610 228 2639 tore
254 2618 303 2639 vn
329 2607 559 2641 domenicano
595 2608 619 2641 il
646 2608 752 2651 quale
778 2608 878 2641 suole
914 2608 1099 2652 predicare
1126 2608 1184 2641 nel
1210 2608 1429 2641 monasterio
1462 2607 1495 2641 di
1523 2607 1642 2651 questi
1669 2605 1910 2650 Franciscanj.

153 2658 220 2692 Sed
256 2671 324 2692 non
360 2660 479 2703 placet
514 2660 604 2704 Regi
639 2672 754 2704 neque
791 2661 954 2705 Satrapis
991 2661 1050 2704 [cf.
1080 2662 1096 2695 1
1128 2661 1184 2704 Rg
1210 2661 1264 2702 29,
1293 2661 1327 2703 6]
1364 2664 1400 2694 et
1435 2660 1481 2694 ha
1517 2661 1614 2694 detto
1650 2659 1771 2703 questi
1796 2659 1912 2701 giorni

154 2710 198 2745 .S.
226 2712 300 2745 Alt.
327 2712 391 2746 che
419 2713 568 2746 essendo
595 2714 753 2758 espedito
790 2716 825 2748 et
851 2714 983 2758 partito
1011 2713 1106 2747 dalla
1132 2716 1231 2748 corte
1258 2713 1283 2747 il
1309 2713 1492 2753 monacho,
1530 2713 1608 2746 fara
1634 2712 1685 2746 tal
1712 2712 1809 2745 uolta
1835 2723 1914 2756 pre·

154 2764 272 2798 dicare
298 2765 323 2798 il
350 2766 388 2800 P.
410 2765 573 2807 Sassone,
600 2767 630 2800 si
657 2769 784 2810 questo
811 2767 917 2808 fosse,
947 2767 1160 2810 besognaria
1188 2767 1253 2800 che
1272 2767 1430 2801 Maestro
1451 2766 1576 2810 Crispo
1602 2765 1791 2810 supplesse
1817 2764 1913 2798 nella

153 2817 275 2851 chiesa
310 2819 515 2862 parochiale
550 2819 674 2853 alhora
706 2820 735 2864 jl
770 2820 834 2853 che
861 2820 958 2853 saria
985 2820 1094 2854 molto
1121 2820 1263 2862 ingrato
1299 2820 1332 2853 al
1360 2819 1501 2864 populo.
1553 2818 1603 2852 La
1638 2830 1748 2852 causa
1773 2818 1819 2851 ha
1846 2818 1911 2851 ben

153 2870 268 2904 inteso
296 2870 328 2904 la
354 2871 393 2905 P.
409 2871 452 2906 V.
479 2884 541 2916 per
568 2872 658 2906 altre
684 2874 826 2906 nostre“
859 2875 919 2914 (ex
946 2876 1106 2916 autogr.;
1134 2873 1175 2906 G.
1204 2873 1267 2917 Ep.
1286 2873 1371 2906 VIII
1398 2873 1421 2906 f.
1440 2871 1551 2915 184³).
1589 2871 1629 2905 P.
1656 2871 1811 2905 Michael
1836 2870 1913 2905 Eck

157 2923 300 2966 (Echtz)
328 2923 541 2958 Ferdinandi
577 2926 800 2959 contionator
838 2930 992 2959 exeunte
1027 2938 1057 2959 a.
1089 2926 1178 2960 1568
1206 2926 1452 2959 Vindobonam
1484 2925 1680 2959 arcessitus
1715 2926 1751 2958 et
1782 2924 1913 2958 contio—

153 2979 256 3009 nator
274 2976 511 3010 Maximiliani
533 2978 574 3011 11.
594 2978 819 3021 imperatoris
838 2979 1057 3012 constitutus
1075 2982 1132 3012 est
1152 2980 1209 3021 (O.
1230 2981 1276 3013 H.
1295 2979 1451 3021 Hopfen,
1478 2978 1607 3012 Kaiser
1626 2977 1848 3011 Maximilian
1868 2976 1912 3010 ΙΙ.

155 3029 224 3062 und
260 3030 322 3063 der
349 3030 866 3074 Kompromisskatholizismus,
894 3032 1073 3065 Mfinchen
1104 3032 1204 3073 1895,
1231 3031 1300 3065 295
1327 3031 1395 3066 298
1422 3032 1502 3065 307.
1554 3032 1653 3065 Ηὶνη
1680 3030 1702 3064 l.
1730 3041 1759 3064 c.
1783 3029 1913 3064 12551.

157 3082 246 3115 Coel.
271 3084 513 3125 Wolfsyruber
539 3083 578 3117 O.
599 3084 632 3117 S.
654 3084 704 3123 B..
730 3084 795 3117 Die
822 3084 856 3117 k.
884 3096 916 3118 u.
944 3084 979 3118 k.
1007 3084 1332 3129 Hofburgkapelle,
1360 3084 1467 3118 VVien
1496 3084 1597 3125 1905,
1625 3084 1698 3127 95).

274 3137 286 3155 ³
312 3136 361 3169 Ps
390 3137 441 3176 12,
469 3137 501 3170 5.
647 3138 658 3156 ⁴
686 3136 862 3181 Crispum.
