2044 3335
176 102 261 143 288
681 100 782 134 1634.
811 99 976 134 Canisius
1003 97 1037 132 S.
1056 98 1249 133 Francisco
1275 99 1441 142 Borgiae.

175 216 491 258 Archidueem1
525 218 591 258 eta
628 215 838 257 fabricam
871 228 1028 256 nouam
1061 215 1232 270 collegij
1267 218 1311 259 et
1342 216 1494 270 templi
1528 215 1819 270 Oenipontani
1850 215 1940 257 for-

174 285 293 323 tasse
334 281 577 323 consultum
616 279 720 330 erit,
765 280 811 322 P.
844 280 1056 321 Paulum2
1096 294 1179 322 non
1223 280 1372 323 statim
1415 295 1440 322 a
1480 281 1689 334 paschate
1730 281 1800 323 uel
1840 283 1940 335 post

176 346 408 388 aduentum
451 345 496 388 P.
537 344 782 386 VVendelini
825 344 1067 394 discedere,
1116 345 1192 386 sed
1239 345 1421 387 eundem
1463 345 1607 398 aliquo
1653 347 1850 400 tempore
1895 344 1938 386 in

175 411 356 464 collegio
394 410 477 452 rite
509 410 790 462 gubernando
823 409 987 451 iuuare.
1051 408 1144 458 Qua
1175 409 1219 451 in
1250 424 1297 452 re
1329 409 1462 452 faciet
1493 410 1586 463 ipse
1618 424 1694 464 pro
1727 424 1807 452 sua
1838 423 1939 464 pru-

174 475 333 525 dentia,
373 475 447 516 sed
480 477 529 516 ut
560 474 687 516 simul
719 477 865 516 tamen
897 473 1174 528 prouintiam,
1208 474 1311 517 licet
1342 474 1429 516 illic
1461 475 1516 516 ad
1547 477 1718 528 tempus
1750 476 1937 524 maneat,

174 553 269 581 meo
301 541 395 581 loco
429 539 716 582 administret.

293 605 413 654 Quod
455 604 509 646 ad
540 617 609 646 me
641 603 849 658 spectatb,
894 616 1026 657 cogar
1058 603 1101 644 ni
1133 603 1276 653 fallar,
1319 604 1546 657 Augustae
1578 617 1754 646 manere
1784 604 1938 646 tantis-

173 683 263 723 per,
307 669 441 711 donec
472 669 520 711 P.
554 669 714 711 Paulus
756 668 837 710 huc
876 670 1137 718 reuertatur,
1181 672 1225 711 et
1256 668 1545 711 Mauritianae
1586 668 1750 723 praesit
1791 668 1939 710 cathe-

174 735 290 784 drae,
333 748 462 787 quarn
504 734 704 776 deserere
744 748 829 775 non
871 733 1021 775 facile⁰
1062 747 1302 787 possumus.
1367 733 1451 775 Sed
1492 733 1616 775 uideo
1656 736 1700 776 et
1737 748 1831 775 sum
1863 747 1939 775 ex-

172 802 323 853 pertus
354 798 683 849 incommodum,
727 799 840 852 quod
880 798 980 840 inde
1020 798 1134 840 redit
1165 798 1220 840 ad
1252 798 1496 852 prouintiae
1528 798 1938 848 administratorem,

174 877 269 905 cum
292 864 365 905 uni
388 867 454 906 est
477 863 710 905 cathedrae
734 864 951 916 alligatus,
987 865 1032 905 et
1053 863 1096 904 in
1124 877 1176 905 ea
1199 863 1441 905 contionari
1473 864 1602 905 debet
1633 863 1758 906 festis
1790 863 1938 904 diebus

174 929 382 971 omnibus.
446 929 540 981 Ego
583 929 637 970 ad
679 929 907 981 collegium
940 928 1113 981 aliquod
1145 929 1359 979 secedam,
1402 929 1438 970 si
1470 929 1614 982 placet
1646 928 1692 971 P.
1727 928 1774 970 T.
1809 931 1853 970 et
1884 929 1939 969 ad

173 994 451 1047 scriptionem
474 993 641 1035 tamdiu
662 993 955 1036 intermissam
978 994 1140 1043 redibo,
1175 995 1222 1035 ut
1254 993 1476 1035 absoluam
1510 1008 1617 1048 opus
1638 992 1939 1047 incoeptum‘13

174 1059 265 1100 Deo
298 1058 498 1112 propitio.
553 1058 780 1101 Caeterum
815 1061 1011 1112 expecto,
1047 1072 1173 1111 quem
1208 1059 1261 1100 ad
1283 1059 1510 1101 Heluetios
1542 1058 1656 1100 mitti
1688 1058 1794 1101 uelit
1816 1058 1863 1101 P.
1888 1058 1936 1100 T.

173 1124 208 1164 si
241 1126 388 1165 tamen
429 1123 576 1166 mittet
616 1124 802 1176 aliquem
846 1138 901 1165 ex
942 1123 1023 1165 hac
1065 1124 1295 1178 prouintia,
1340 1138 1450 1177 quae
1491 1137 1603 1165 nunc
1636 1123 1742 1165 duos
1774 1123 1938 1166 amittit

174 1188 518 1239 contionatores,
567 1189 617 1231 D.
652 1188 860 1230 Thomam
875 1190 904 1239 4,
955 1189 1027 1242 qui
1068 1191 1167 1243 post
1208 1189 1369 1242 pascha
1411 1203 1457 1230 se
1498 1189 1793 1243 profecturum
1836 1188 1939 1230 dicit

173 1253 398 1303 Viennam,
443 1255 487 1296 et
527 1253 573 1297 P.
606 1254 842 1295 Martinum
857 1255 884 1303 5,
929 1267 1055 1306 quem
1097 1254 1219 1295 breui
1259 1267 1398 1308 spero,
1441 1253 1663 1296 mittemus
1705 1253 1937 1296 Coloniam.

171 1317 199 1358 J
202 1317 320 1370 gitur
351 1332 436 1358 non
469 1318 606 1360 ausim
633 1318 688 1360 ad
711 1318 981 1360 Cardinalem
1005 1318 1223 1360 Amulium
1247 1319 1435 1360 scribere
1459 1319 1700 1372 quicquam,
1735 1318 1938 1370 quamdiu

173 1382 225 1423 de
257 1383 484 1425 uoluntate
517 1383 562 1425 P.
596 1383 644 1425 T.
679 1383 865 1436 ambigo,
909 1383 1010 1436 quid
1041 1383 1102 1425 illi
1145 1385 1189 1426 et
1220 1383 1436 1437 Heluetijs
1468 1383 1575 1425 uelit
1607 1384 1658 1425 de
1691 1383 1812 1425 nobis
1844 1384 1937 1438 pol-

172 1446 326 1490 licerie.
390 1447 505 1489 Nam
545 1448 641 1502 plus
681 1448 743 1489 illi
784 1449 1028 1502 postulant,
1072 1463 1202 1502 quam
1241 1463 1321 1490 nos
1361 1451 1588 1503 praestare
1629 1462 1856 1502 possumus
1893 1448 1937 1490 in

171 1512 252 1554 hac
292 1512 436 1566 inopia
476 1526 782 1566 personarum,
825 1516 873 1555 ut
914 1514 1022 1556 alias
1062 1513 1271 1564 indicaui,
1315 1514 1397 1555 nisi
1439 1514 1608 1555 omnino
1651 1527 1774 1555 secus
1806 1513 1852 1556 P.
1888 1514 1936 1557 Τ.

172 1577 384 1620 uideatur.

291 1642 431 1684 Causa
464 1642 635 1697 collegij
659 1643 906 1697 Augustani
938 1644 1126 1686 nondum
1159 1644 1213 1685 ad
1246 1644 1418 1698 plenum
1443 1644 1649 1686 Senatum
1682 1644 1823 1686 relata
1855 1646 1935 1693 est,

171 1721 249 1749 nec
270 1708 423 1750 referri
447 1709 608 1762 poterit
631 1711 732 1750 ante
754 1709 930 1763 pascha,
965 1711 1014 1751 ut
1036 1709 1175 1759 audio,
1211 1709 1291 1751 etsi
1322 1709 1542 1763 praecipui
1564 1709 1743 1751 faueant
1764 1709 1936 1762 Fugge-

170 1786 314 1814 rorum
356 1773 570 1816 instituto.
635 1774 743 1823 Quid
776 1777 918 1817 autem
958 1775 1024 1816 his
1065 1774 1277 1828 Fuggeris
1318 1774 1687 1828 respondendum,
1732 1774 1803 1826 qui
1845 1777 1934 1817 tam

170 1838 282 1879 serio
314 1839 551 1892 postulant,
594 1840 642 1880 ut
676 1839 1019 1881 contionatorem
1054 1853 1077 1881 e
1110 1840 1270 1882 nostris
1302 1840 1490 1881 retinere
1523 1839 1722 1893 possint?
1765 1840 1934 1891 quando

170 1903 333 1944 nullum
366 1904 497 1946 alium
529 1904 632 1946 licet
665 1904 706 1945 in
730 1905 782 1947 D.
806 1905 1010 1947 Mauritio
1043 1904 1246 1959 reperire.
1291 1905 1474 1947 Multum
1504 1905 1588 1946 illis
1612 1905 1782 1946 omnino
1806 1904 1935 1946 debe-

170 1981 277 2018 mus,
313 1971 356 2010 et
378 1968 541 2010 facient
571 1969 852 2023 proculdubio
881 1970 1001 2011 breui
1022 1969 1252 2024 plurimum
1276 1970 1330 2011 ad
1354 1969 1582 2022 collegium
1617 1969 1684 2011 hic
1705 1969 1934 2011 instituen-

170 2033 270 2074 dum
304 2036 434 2086 atque
467 2034 715 2084 dotandum,
750 2035 922 2088 iamque
954 2049 1113 2088 magna
1139 2035 1182 2076 in
1204 2034 1289 2076 illis
1322 2035 1440 2077 facta
1464 2038 1530 2077 est
1552 2034 1669 2076 uitae
1702 2038 1746 2077 et
1767 2049 1933 2076 morum

170 2098 436 2148 emendatio,
481 2103 718 2153 praeeunte
763 2104 807 2141 et
851 2100 958 2141 duce
1003 2098 1209 2141 Dominaf
1243 2099 1425 2150 Vrsula,
1473 2100 1592 2141 cuius
1636 2099 1932 2141 admirabilem

169 2163 450 2205 sanctitatem
482 2164 685 2217 permulti
716 2164 938 2206 nobiscum
973 2169 1018 2207 et
1049 2165 1256 2215 sentiunt,
1291 2167 1334 2206 et
1357 2165 1622 2218 praedicant.
1676 2164 1933 2207 Consolatur

170 2242 248 2270 nos
281 2230 326 2270 et
357 2229 465 2270 alios
496 2229 644 2271 multis
675 2230 826 2280 modis,
861 2233 905 2272 et
937 2230 991 2271 ad
1024 2229 1209 2283 proximi
1241 2230 1426 2272 salutem
1459 2229 1796 2283 promouendam
1828 2229 1934 2271 nihil

170 2307 255 2334 non
295 2296 452 2343 tentat,
495 2294 538 2335 in
579 2294 845 2347 perfectione
886 2295 1002 2337 uitae
1040 2295 1277 2349 spiritualis
1319 2295 1501 2337 multum
1532 2294 1644 2336 iamg
1675 2295 1931 2337 exercitata.

171 2358 392 2400 Promittit
422 2358 483 2399 illi
516 2372 646 2413 saepe
678 2359 888 2401 Dominus
930 2359 1050 2401 breui
1084 2359 1274 2402 futuram
1308 2360 1532 2401 Ecclesiae
1563 2359 1929 2410 reformationem,

170 2425 215 2465 et
248 2423 298 2464 de
331 2424 553 2466 societatis
594 2428 771 2467 nostrae
812 2438 1027 2475 successu,
1071 2427 1203 2478 atque
1236 2439 1331 2466 cum
1364 2425 1457 2479 ipso
1490 2425 1614 2467 Pont.
1648 2424 1794 2467 MaX.¹²
1827 2439 1930 2467 uera

171 2488 468 2530 coniunctione
501 2503 704 2542 magnam
736 2490 858 2531 nobis
895 2490 1096 2532 fiduciam
1137 2490 1329 2543 praebet.
1393 2490 1562 2540 Mirum,
1607 2492 1812 2542 quantam
1855 2490 1930 2532 ob-

171 2552 383 2594 edientiae
415 2553 736 2607 simplicitatem
763 2557 808 2596 et
840 2554 1150 2608 perfectionem
1184 2557 1378 2608 praestet
1410 2568 1461 2596 ac
1483 2555 1636 2596 doceat
1668 2555 1794 2605 domi,
1828 2555 1930 2597 Dei-

170 2630 302 2670 parae
326 2618 495 2670 Virgini
526 2618 586 2659 sic
619 2618 792 2661 addicta
825 2622 956 2672 atque
989 2620 1160 2670 deuota,
1194 2623 1243 2662 ut
1268 2634 1346 2661 nos
1367 2619 1493 2661 facile
1525 2619 1785 2673 pudefaciat.
1831 2620 1930 2662 Vidi

171 2682 277 2723 meis
319 2696 454 2735 nuper
495 2683 640 2733 oculis,
686 2685 936 2726 daemonem
979 2685 1033 2727 ab
1073 2685 1149 2727 illa
1187 2684 1422 2739 profligari,
1464 2685 1765 2738 praesentibus
1797 2685 1929 2728 etiam

290 2774 317 2803 a)
346 2775 404 2798 Hoc
426 2783 448 2798 r.
469 2783 485 2799 α
507 2776 534 2799 C.
554 2783 647 2806 supra
670 2784 782 2801 versum
802 2778 945 2809 seriptum
965 2780 1016 2802 est.
1108 2775 1138 2807 b)
1164 2776 1275 2802 attinet
1300 2778 1335 2802 B.
1427 2776 1453 2807 c)
1480 2775 1567 2802 facile
1593 2783 1653 2802 non
1677 2779 1711 2803 B.
1803 2776 1833 2808 d)
1860 2784 1927 2810 per-

171 2813 283 2838 fectum
303 2816 337 2838 B.
411 2820 436 2846 e)
457 2817 491 2840 In
512 2817 538 2840 Β
558 2818 664 2841 omissa
684 2822 762 2849 sunt,
781 2826 853 2849 quae
873 2822 1045 2850 sequuntur,
1066 2826 1153 2850 usque
1174 2819 1212 2843 ad
1233 2817 1329 2843 Causa
1349 2816 1467 2849 collegij
1487 2819 1557 2842 ercl.
1636 2817 1665 2851 f)
1696 2821 1731 2844 In
1751 2820 1776 2844 A
1796 2820 1929 2851 sequitur

173 2853 244 2886 Fug,
265 2856 353 2879 oblim.
435 2858 464 2887 g)
486 2858 545 2881 Hor:
567 2866 589 2882 r.
610 2859 755 2883 omittitur
775 2861 805 2884 in
826 2861 860 2884 B.
947 2859 977 2891 h)
998 2859 1029 2884 et
1049 2865 1117 2884 cum
1135 2858 1196 2885 isto
1216 2865 1333 2884 summo
1354 2858 1500 2884 Pontifiee
1520 2861 1554 2884 B.

294 2983 303 3002 ¹
329 2982 590 3017 Ferdinandum
616 2985 660 3019 II.
805 2988 818 3007 ‘-'
845 2987 1044 3022 Hoffaeum.

291 3036 302 3055 ³
329 3035 593 3070 Refutationem
621 3038 871 3073 Centuriarum
897 3041 1270 3085 magdeburgensium.

290 3090 302 3108 ⁴
330 3088 484 3122 Gallum.
630 3091 642 3107 ⁵
670 3090 954 3127 Stevordianum.
