2044 3335
667 124 858 158 Monachio
883 125 916 159 4.
935 123 1150 158 Novembris
1178 123 1279 158 1567.
1769 125 1851 166 103

87 243 303 286 missione.
356 243 595 284 Praeterea
626 242 669 283 in
703 243 821 285 cultu
852 243 1110 285 Sanctorum
1144 245 1188 284 et
1220 241 1493 295 potissimum
1515 240 1731 294 Deiparae
1753 241 1854 283 Vir-

85 308 218 362 ginis,
264 307 359 362 pius
403 307 656 349 adolescens
702 310 909 350 exerceat
953 321 1072 359 sese,
1119 320 1306 360 suosque
1345 306 1560 348 Patronos
1601 306 1643 347 in
1683 306 1854 348 Sanctis

87 373 323 427 Apostolis,
366 372 437 414 vel
470 372 800 415 Confessoribus
833 376 877 415 et
910 372 1161 426 Virginibus
1194 371 1343 413 Beatis
1375 371 1536 413 habeat
1554 373 1581 422 1,
1623 374 1671 414 vt
1702 371 1854 413 horum

86 437 471 481 intercessionibus
504 438 618 492 apud
642 437 857 480 Christum
893 438 1030 480 omnis
1063 437 1234 491 gratiae
1267 437 1432 479 fontem
1465 436 1709 479 adiuuetur.
1763 436 1855 479 Nec

87 517 239 558 parum
283 501 512 557 proderita,
562 502 712 545 diebus
759 503 1017 557 praesertim
1065 502 1209 553 festis,
1259 501 1530 555 quorundam
1583 502 1855 551 Sanctorum,

86 571 133 611 et
173 568 432 622 praesertim
470 567 783 622 Episcoporum
827 573 871 611 et
903 568 1140 610 Doctorum
1174 567 1398 609 Ecclesiae
1438 566 1645 609 historias
1686 567 1748 609 illi
1786 567 1857 609 Vel

87 633 326 675 audiendas
358 634 428 675 vel
459 634 668 686 legendas
701 648 956 688 proponere.
997 634 1064 676 Ad
1098 647 1228 686 quam
1259 647 1352 674 rem
1384 632 1428 674 in
1460 634 1664 686 promptu
1696 632 1856 675 habeat

91 698 206 741 vitas
240 713 264 740 a
287 698 554 752 Lipomanno
588 699 798 741 collectas
815 700 844 749 2,
879 699 1033 741 librum
1059 699 1357 752 exemplorum
1380 697 1569 739 Marulih
1592 696 1654 752 [Ρ]
1679 701 1723 740 et
1745 698 1857 740 eius—

89 764 186 806 dem
219 763 618 817 Euangelistarium
634 765 663 814 3,
709 764 1074 818 Martyrologium
1116 765 1161 806 et
1202 777 1312 816 quae
1354 765 1456 805 sunt
1498 762 1690 804 eiusdem
1728 777 1858 816 argu-

91 828 238 872 menti.
301 829 343 871 N
348 843 396 871 ec
436 829 520 872 erit
559 830 636 871 abs
668 843 734 880 re,
778 832 827 872 ut
858 829 1069 884 pietatem
1102 832 1147 871 et
1178 828 1519 871 misericordiam
1550 827 1748 882 proximo
1780 827 1860 870 tri-

90 894 305 937 buendam
358 894 412 936 ad
460 908 507 936 se
555 895 743 936 maxime
790 895 1011 949 pertinere
1059 895 1183 937 sciat.
1249 894 1490 936 Monendus
1537 893 1672 946 igitur
1719 895 1763 935 et
1810 907 1860 935 eo

90 960 369 1002 adducendus
411 959 515 1011 erit,
559 962 608 1002 ut
649 974 704 1002 ex
746 960 889 1002 animo
931 960 1083 1002 faueat
1115 959 1285 1001 miseris
1317 958 1458 1001 viduis
1492 958 1696 1013 orphanis
1730 960 1861 1011 atque

89 1025 365 1079 pauperibus.
420 1026 512 1067 Hos
545 1028 774 1079 precantes
807 1025 991 1068 libenter
1025 1026 1253 1068 admittat:
1287 1038 1595 1077 nonnunquam
1623 1024 1709 1065 illis
1732 1037 1860 1065 manu

90 1105 170 1132 sua
207 1090 424 1144 largiatur
461 1090 644 1144 aliquid,
692 1105 869 1133 causam
909 1091 1081 1132 illorum
1123 1090 1395 1133 commendet
1434 1089 1553 1143 alijs,
1598 1104 1676 1144 pro
1708 1089 1794 1130 illis
1827 1088 1862 1130 si

89 1158 249 1210 potest,
283 1156 398 1210 apud
430 1159 601 1210 patrem
635 1156 894 1207 intercedat,
929 1160 974 1199 et
995 1156 1133 1210 varijs
1156 1155 1478 1198 misericordiae
1502 1155 1717 1210 operibus,
1752 1168 1863 1207 quae

91 1220 383 1270 Christianum
422 1221 665 1276 Principem
711 1224 755 1264 et
796 1221 911 1276 pium
947 1221 1204 1264 Antistitem
1245 1221 1434 1264 maxime
1477 1221 1650 1270 decent,
1696 1219 1796 1261 inde
1838 1233 1861 1261 a

90 1286 277 1341 pueritia
309 1301 356 1329 se
389 1287 581 1330 deditum
615 1301 711 1329 esse
745 1287 952 1330 declaret.

210 1352 440 1406 Reliquum
474 1355 562 1404 est,
606 1355 656 1395 vt
689 1353 862 1394 doctum
897 1352 1029 1395 etiam
1062 1353 1206 1404 illum,
1250 1366 1389 1406 neque
1422 1352 1561 1394 solum
1594 1351 1863 1394 Catholicum

91 1420 138 1460 et
177 1418 296 1472 pium
337 1418 563 1461 faciamus.
630 1418 859 1460 Habeatur
900 1432 1004 1471 ergo
1048 1432 1172 1468 cura,
1216 1420 1266 1460 vt
1307 1417 1445 1460 solida
1478 1417 1700 1460 doctrinae
1732 1416 1865 1459 iaciat

90 1483 389 1535 fundamenta,
425 1483 497 1537 qui
523 1483 735 1538 paulatim
761 1484 815 1525 ad
838 1484 1044 1537 grauiora
1067 1483 1210 1526 studia
1235 1487 1302 1526 est
1324 1483 1616 1526 adducendus.
1670 1482 1865 1535 Regulas

92 1548 417 1591 Grammaticae
449 1551 614 1600 teneat,
648 1549 785 1591 latine
818 1548 936 1602 loqui
968 1552 1013 1591 et
1045 1549 1235 1591 scribere
1258 1548 1449 1602 quotidie
1473 1548 1624 1598 discat,
1661 1551 1705 1590 et
1726 1547 1863 1590 inter-

93 1615 194 1656 dum
227 1617 367 1658 certet
399 1629 495 1656 cum
528 1615 626 1670 alijs
658 1614 701 1656 in
735 1614 979 1657 exercendo
1009 1614 1124 1666 stilo,
1159 1615 1230 1668 qui
1254 1614 1443 1669 optimus
1467 1613 1633 1656 dicendi
1656 1612 1868 1666 magister

93 1680 258 1723 existit.
323 1680 569 1734 Aliquando
613 1695 668 1722 ex
711 1680 969 1723 Germanica
1011 1680 1160 1733 lingua
1202 1682 1349 1722 vertat
1390 1680 1601 1733 quaedam
1644 1678 1780 1721 latine
1823 1680 1867 1719 et

94 1749 269 1797 contra,
313 1749 362 1788 ut
403 1746 446 1787 in
487 1748 675 1800 Vtraque
707 1746 858 1800 lingua
890 1748 969 1788 fiat
1002 1746 1298 1789 exercitatior.
1363 1746 1551 1788 Tantum
1584 1744 1791 1798 probatos
1824 1746 1869 1785 et

93 1811 339 1854 Catholicos
384 1811 516 1854 etiam
560 1812 604 1853 in
648 1811 886 1853 minoribus
928 1811 1095 1854 artibus
1137 1812 1259 1865 legat
1290 1810 1523 1855 AuthoreS.
1589 1809 1741 1852 Studia
1782 1822 1867 1850 non

93 1877 256 1920 habeat
288 1891 405 1931 vaga
437 1878 512 1920 sed
546 1877 781 1928 ordinaria,
817 1881 867 1920 Vt
900 1878 1012 1920 sciat
1045 1877 1160 1931 quid,
1195 1877 1350 1930 quibus
1381 1876 1499 1918 horis
1522 1875 1773 1918 discendum
1796 1874 1868 1915 vel

93 1943 325 1997 legendum
358 1943 416 1985 sit
448 1957 503 1985 ex
535 1943 807 1998 praescripto
841 1943 1154 1997 praeceptoris.
1212 1943 1254 1985 Is
1289 1956 1392 1984 vero
1425 1955 1630 1995 magnam
1663 1940 1869 1983 adhibeat

94 2022 258 2060 curam,
304 2011 354 2051 vt
387 2008 478 2050 dies
510 2008 554 2050 in
586 2009 717 2051 horas
752 2011 856 2063 apte
890 2008 1149 2051 distributus
1181 2008 1243 2050 illi
1276 2008 1424 2050 varias
1457 2010 1502 2049 et
1535 2007 1664 2050 Vtiles
1697 2005 1869 2048 adferat

95 2074 415 2128 occupationes,
450 2077 494 2116 et
527 2074 639 2116 serio
675 2074 828 2128 exigat
861 2075 915 2116 ab
949 2075 1239 2125 adolescente,
1285 2076 1334 2116 ut
1366 2088 1443 2115 suo
1477 2072 1665 2126 quidque
1696 2072 1792 2113 loco
1827 2073 1870 2112 et

93 2143 292 2194 tempore
314 2140 405 2191 fiat,
437 2140 688 2193 nullumque
711 2139 963 2182 illiberalisc
986 2139 1062 2194 otij
1097 2143 1141 2183 et
1167 2138 1416 2193 frustrarij‘1
1441 2136 1502 2193 [P]
1527 2137 1715 2191 vanique
1737 2135 1868 2189 studij

95 2205 237 2247 locum
270 2205 502 2259 relinquat.⁴
558 2205 723 2248 Omitto
757 2208 934 2248 caetera
968 2219 1078 2259 quae
1112 2205 1167 2248 ad
1199 2219 1366 2247 morum
1391 2207 1436 2246 et
1459 2204 1577 2246 vitae
1601 2201 1867 2256 disciplinam

215 2304 243 2335 a)
275 2306 310 2330 In
330 2305 354 2329 A
370 2305 396 2329 B
415 2305 549 2336 sequitur
568 2303 621 2336 vt;
649 2305 724 2337 qnod
745 2305 941 2336 auferendum
963 2313 1023 2329 esse
1044 2305 1227 2336 inlelleyitzcr
1252 2312 1287 2329 ea·
1314 2312 1338 2328 r.
1358 2309 1545 2336 proponere,
1574 2302 1648 2333 qnod
1670 2301 1762 2332 paulo
1788 2301 1870 2331 infra

95 2346 247 2378 &equitnm
267 2347 327 2371 nisi
346 2347 434 2371 malis
453 2347 493 2371 ad
512 2353 685 2379 proponere
705 2347 867 2379 adinvenere
887 2353 1027 2372 curemus
1048 2347 1092 2371 vel
1113 2345 1293 2371 studeamus
1315 2347 1356 2370 rel
1377 2345 1492 2377 aliquid
1513 2344 1628 2373 simila
1656 2344 1685 2368 id
1706 2342 1779 2374 qnod
1800 2342 1872 2366 mihi

95 2388 176 2412 haud
195 2388 238 2412 ‘ita
258 2389 360 2419 placet.
426 2387 456 2420 b)
478 2389 526 2413 Sic
545 2389 570 2413 A
585 2390 630 2419 B‚·
650 2389 854 2420 com-mendum
878 2389 995 2413 videtur
1014 2387 1154 2418 Marulli;
1173 2396 1198 2413 v.
1219 2388 1313 2418 infra,
1334 2387 1402 2411 adu.
1423 2388 1447 2411 3.
1517 2388 1541 2413 c)
1564 2387 1624 2410 Hoc
1646 2393 1667 2409 v.
1688 2385 1767 2409 deest
1786 2384 1817 2409 in
1837 2385 1872 2409 B.

97 2428 127 2461 d)
148 2431 208 2454 Aut
227 2431 278 2455 hoc
297 2431 346 2461 (cs.
361 2431 409 2455 ch
424 2431 518 2462 Gange
536 2431 590 2455 ΙΙῙ
605 2432 680 2461 620),
700 2434 751 2455 aut
772 2430 939 2455 frustranei
956 2430 1125 2461 ponendum
1145 2437 1206 2454 esse
1223 2432 1296 2460 puto
1313 2436 1370 2460 pro
1392 2426 1553 2459 frustranij
1573 2430 1600 2452 et
1619 2425 1780 2457 frustanei,
1800 2433 1873 2457 quae

98 2477 168 2496 sunt
186 2471 219 2496 in
238 2472 264 2496 A
285 2474 311 2496 et
331 2472 366 2496 B.

220 2585 229 2605 ¹
256 2584 439 2619 Canisium
465 2586 689 2619 menstruum
708 2584 810 2618 illum
830 2584 1042 2619 Sanctorum
1067 2584 1204 2618 cultum
1231 2583 1352 2627 aliqua
1378 2582 1517 2616 ratione
1543 2581 1750 2625 significare
1777 2583 1873 2626 puto,

96 2639 140 2673 de
166 2650 235 2683 quo
266 2640 352 2673 Can„
372 2639 423 2673 IV
450 2639 519 2674 804
544 2638 624 2679 806,
652 2640 688 2672 et
713 2640 756 2672 B.
775 2638 884 2673 Duhr
902 2638 936 2672 S.
957 2638 990 2672 J.
1010 2638 1046 2671 in
1070 2637 1265 2681 ⁷,Stimmen
1292 2648 1357 2671 aus
1381 2635 1655 2670 Maria-Laach“
1677 2634 1874 2673 LXXVIII,

97 2693 272 2736 Freiburg
297 2692 320 2727 i.
340 2693 398 2726 Br.
421 2693 522 2734 1910,
550 2691 753 2726 296—297.

218 2752 231 2772 ²
257 2752 429 2797 Aloysius
456 2752 674 2796 Lipomanus
709 2751 788 2785 sive
816 2750 1028 2795 Lippomani
1056 2749 1325 2794 (1500-1559)
1364 2749 1554 2794 episcopus
1589 2747 1743 2793 primum
1776 2758 1875 2780 vero-

97 2805 231 2846 nensis,
256 2805 382 2839 deinde
405 2805 654 2849 bergomensis
685 2804 888 2847 „Historias
906 2804 949 2838 de
969 2803 1054 2837 vitis
1069 2803 1281 2837 Sanctorum
1302 2814 1382 2836 cum
1398 2802 1570 2836 Scholiis“
1594 2801 1614 2836 8
1633 2800 1876 2835 voluminibus

97 2859 297 2902 collegerat
325 2858 504 2903 (Venetiis
531 2861 568 2893 et
593 2859 728 2893 Romae
757 2857 1021 2901 1551—1560).
1065 2857 1119 2891 Cf.
1149 2858 1268 2891 Pietro
1301 2857 1431 2890 Tacchzss
1456 2856 1607 2889 Venturi
1633 2855 1667 2889 S.
1688 2855 1732 2896 J„
1760 2853 1877 2888 Storia

99 2912 194 2947 della
221 2912 442 2958 Compagnia
469 2912 504 2946 di
531 2911 629 2947 Gesu
655 2912 691 2946 in
718 2911 826 2946 Italia
852 2911 879 2951 Ι,
906 2910 1174 2945 Roma-Milano
1204 2910 1305 2952 1910,
1334 2909 1533 2944 111—112.

220 2972 233 2993 ³
258 2972 404 3007 Marcus
430 2971 607 3006 Marullus
636 2971 672 3016 (1-
702 2971 809 3015 1524)
846 2970 1021 3015 patricius
1057 2969 1276 3015 spalatensis
1306 2969 1380 3013 „De
1406 2969 1496 3003 bene
1527 2969 1703 3012 beateque
1730 2966 1875 3001 vivendi

99 3025 295 3070 exemplis“
335 3038 381 3060 ex
418 3037 522 3060 sacra
557 3026 745 3070 Scriptura
780 3025 904 3070 petitis
939 3024 1050 3058 libros
1086 3024 1107 3058 6
1144 3023 1312 3068 (Parisiis
1339 3023 1442 3063 1513,
1480 3024 1667 3057 Anversae
1695 3020 1801 3063 1601)
1843 3021 1879 3053 et

104 3079 454 3123 „Evangelistarium
481 3080 524 3113 de
550 3080 630 3121 fide,
657 3091 721 3124 spe
749 3081 784 3113 et
803 3078 974 3112 caritate“
998 3077 1100 3112 libris
1120 3078 1139 3111 7
1163 3077 1347 3120 (Coloniae
1369 3077 1459 3111 1529
1480 3076 1586 3119 1532)
1613 3074 1878 3118 conscripserat

101 3133 268 3177 (Hm-ter,
295 3133 549 3167 Nomenclator
577 3133 634 3167 11³
664 3132 929 3175 1361—1362).
