2044 3335
137 88 221 129 536
561 85 657 118 Mon.
685 84 754 118 930
779 83 858 118 sive
885 83 944 118 dil.
966 84 1034 127 (3).
1080 84 1109 119 1.
1129 83 1342 119 Novembris
1369 84 1471 119 1567.

253 201 291 235 Ρ.
319 201 481 244 Iglnatius
507 201 677 242 Aoi-[cola
705 200 738 234 S.
759 199 792 233 J.
820 211 911 234 anno
940 200 1029 234 1727
1062 201 1228 241 testatur,
1268 201 1412 244 „vigere
1446 200 1563 235 adhuc
1597 201 1632 234 in
1667 201 1898 235 contubernio

133 254 216 289 Divi
243 253 451 297 Hieronymi
477 252 667 295 Dilingano
699 252 905 287 Beatissimi
940 252 1103 297 Hospitis
1139 253 1274 287 cultum
1310 264 1352 287 ac
1377 255 1655 295 venerationem,
1691 253 1804 288 veluti
1830 255 1898 288 Tu-

133 307 257 342 telaris
283 306 435 345 incolae;
463 305 643 339 asservari
669 304 850 349 reliquias,
878 317 975 339 aram
1002 305 1036 339 in
1056 305 1194 340 Sacello
1212 305 1416 340 Domestico
1434 318 1455 340 a
1473 306 1689 351 quotidianis
1706 307 1900 351 precatori-

134 361 200 394 bus
226 358 454 403 frequentari,
482 358 666 401 multaque
689 358 733 392 ad
752 358 883 392 Divum
902 360 988 392 vota
1005 358 1092 399 fieri,
1118 359 1233 393 multa
1252 358 1410 393 exsolvi“
1434 359 1471 403 (l.
1491 371 1520 394 c.
1539 359 1566 400 Ι,
1585 359 1668 394 Deo.
1688 360 1719 401 3,
1746 371 1780 394 n.
1801 360 1897 404 181).

252 413 327 446 Hoc
354 422 494 455 quoque
520 413 720 445 memoratu
739 411 884 455 dignum
914 414 988 446 est:
1024 411 1100 445 Iam
1125 423 1217 446 anno
1238 412 1338 453 1570,
1366 411 1522 456 quierat
1548 424 1663 446 annus
1689 424 1709 446 a
1728 412 1899 447 Stanislai

133 467 246 499 morte
272 464 462 504 secundus,
493 466 689 507 Greyorius
715 466 992 499 Samboritanus
1017 465 1093 499 eius
1120 465 1232 498 vitam
1260 464 1417 499 carmine
1447 465 1626 509 (distichis
1652 465 1789 509 latinis)
1819 477 1898 500 con—

133 518 296 562 scripsit,
336 516 516 551 Stanislao
553 516 766 551 Slomowski
805 517 1072 562 archiepiscopo
1108 517 1303 562 leopolensi
1338 518 1537 560 dedicavit,
1574 518 1768 553 cracoviae
1804 519 1899 563 apud

133 570 350 605 Stanislaum
378 570 653 613 Scharffenberg
679 570 799 604 edidit.
851 570 891 604 In
917 582 986 614 quo
1012 569 1133 604 libello
1160 571 1203 604 de
1230 570 1409 605 Stanislao
1436 571 1617 614 Dilingam
1645 571 1688 605 ad
1716 570 1899 605 Canisium

132 624 291 668 profecto
329 623 417 657 haec
450 625 645 657 narrantur
682 622 781 666 (Divi
816 622 988 657 Stanislai
1025 623 1179 664 Costuli,
1216 623 1352 665 Poloni,
1387 623 1484 666 Vita,
1520 624 1590 658 Per
1616 624 1657 659 V.
1686 623 1900 668 Gregorium

133 677 419 711 Samboritanum
446 677 582 721 scripta
601 704 608 710 .
629 703 636 710 .
657 704 663 710 .
683 676 866 711 Excusum
887 676 1109 721 Opusculum
1152 677 1259 711 Orac:
1287 703 1294 711 .
1315 705 1321 711 .
1344 704 1350 710 .
1369 677 1417 711 M.
1434 677 1474 711 D.
1490 677 1597 712 LXX.
1639 677 1742 711 Nunc
1769 680 1899 718 autem,

133 742 261 775 nempe
288 731 390 764 Anno
426 730 468 764 D.
495 730 543 764 M.
558 729 630 764 DC.
645 729 810 764 XXXIV.
847 730 977 764 iterum
1013 741 1199 771 recusum,
1234 729 1271 764 in
1307 729 1461 764 Officina
1495 731 1660 764 Andreae
1695 730 1899 776 Petricouij‚

134 784 168 818 S.
188 783 230 818 R.
248 783 298 818 M.
318 783 560 828 Typographi,
586 795 621 828 p.
641 783 757 818 9—10
785 783 866 827 12):

494 853 578 895 „His
605 853 716 897 igitur
741 865 878 898 pernox
903 853 1103 887 instructus
1130 852 1372 888 COSTVLVS
1399 853 1520 895 armis,

538 905 799 940 Commendans
825 906 986 947 Domino,
1013 917 1123 950 seque
1150 917 1305 950 suosque
1331 906 1424 941 Deo:

492 958 592 993 Clam
618 958 737 1004 socijs,
764 959 856 993 clam
882 959 995 993 fratre
1021 970 1097 1000 suo,
1122 959 1265 1003 fidoque
1291 959 1477 1003 Magistro,

536 1012 724 1047 Moenibus
750 1012 870 1046 euadit
895 1014 1010 1054 nocte,
1037 1012 1187 1054 Vienna,
1213 1012 1298 1046 tuis.

490 1065 544 1099 Ac
569 1065 679 1110 pedes
703 1065 908 1108 Augustam
934 1065 1146 1110 peregrinus
1172 1065 1288 1100 tendit
1314 1065 1358 1099 ad
1384 1065 1520 1107 vrbem,

539 1116 638 1159 Quae
665 1119 707 1153 de
734 1118 921 1153 Vindelica
946 1120 1090 1152 nomina
1115 1121 1224 1161 gente
1250 1119 1373 1153 refert.

490 1171 569 1205 Illic
596 1171 778 1206 Canisium
804 1171 987 1206 Sociorum
1014 1172 1144 1215 degere
1170 1171 1326 1213 Patrem,

539 1224 719 1259 Narrabat
744 1225 859 1259 Puero
886 1225 1006 1266 Fama,
1033 1236 1186 1266 manere,
1213 1225 1315 1259 leuis.

493 1277 735 1312 GOSTVLVS
762 1278 857 1312 hunc
882 1278 1029 1312 Patrem
1055 1278 1209 1323 supplex
1235 1289 1336 1312 orare
1362 1277 1518 1319 volebat,

536 1331 658 1365 Vellet
683 1343 765 1365 eum
790 1331 904 1377 Socijs
931 1343 1166 1366 annumerare
1192 1332 1278 1366 suis.

490 1384 612 1429 Ipsum
638 1384 674 1418 in
701 1384 831 1418 Sancto
857 1385 1034 1418 miserans
1060 1384 1274 1419 inscriberet
1300 1383 1401 1425 Albo,

541 1437 706 1472 Mendica
731 1437 862 1472 statuit
887 1438 1010 1472 viuere
1035 1437 1130 1472 velle
1156 1438 1269 1483 stipe:

489 1490 649 1535 Tamque
675 1491 735 1524 diu
761 1495 910 1525 cunctas
935 1491 1131 1536 petiturum
1157 1491 1341 1535 gressibus
1366 1490 1484 1532 vrch,

538 1544 579 1578 In
605 1543 735 1588 quibus
762 1546 816 1578 est
843 1543 935 1589 Socij
962 1544 1102 1588 Regula
1128 1547 1253 1579 sancta
1279 1543 1396 1578 chori:

495 1597 615 1631 Donec
642 1597 686 1631 ad
712 1599 875 1642 optatum
901 1598 1104 1642 pertingere
1131 1598 1343 1642 quandoque
1370 1598 1522 1642 portum,

540 1649 628 1684 Cum
654 1650 839 1696 Socijsque
864 1650 981 1685 locum
1007 1653 1129 1696 posset
1155 1651 1287 1685 habere
1312 1650 1392 1695 pijs.
1413 1677 1421 1685 .
1441 1677 1448 1685 .
1469 1677 1476 1685 .

490 1703 616 1738 Tutior
640 1704 722 1738 inde
747 1704 848 1738 venit
871 1703 978 1748 longo
1004 1704 1132 1738 sudore
1158 1704 1360 1747 Dilingam:

543 1757 710 1792 Confouit
733 1769 884 1802 puerum
910 1757 1007 1792 clara
1032 1757 1177 1801 Dilinga
1202 1757 1330 1802 pium.“

139 1889 248 1926 930
277 1891 354 1925 sive
382 1889 477 1926 dil.
498 1889 598 1935 (3).
672 1889 698 1926 1.
716 1889 930 1927 Novembris
956 1889 1048 1926 1567.

256 1956 311 2004 Ex
338 1955 570 2001 autographo.
610 1955 652 1990 G.
678 1955 744 2001 Ep.
763 1956 849 1990 VIII
875 1957 900 1991 f.
922 1957 1150 1991 142a—144b.

255 2022 295 2056 P.
319 2022 445 2055 Gallus
471 2022 568 2064 apud
586 2022 831 2064 praepositum
853 2022 1052 2064 generalem
1078 2032 1146 2055 non
1174 2022 1286 2055 solum
1312 2024 1480 2054 rectorem
1506 2021 1731 2063 cle'linyanum
1755 2021 1903 2054 multum

141 2077 293 2119 incusat,
319 2076 379 2108 secl
404 2076 507 2108 etiam
533 2076 708 2118 queritur,
734 2075 827 2118 quod
847 2075 1015 2108 Canisius
1034 2075 1270 2118 provincialis
1292 2085 1479 2118 yermanos
1498 2075 1618 2108 Socios
1644 2075 1789 2108 caeteris
1808 2078 1904 2118 post-

134 2133 246 2172 ponat
271 2139 313 2162 ac
337 2139 440 2162 suam
464 2129 671 2161 sententiam
691 2139 764 2171 pro
790 2128 904 2161 nihilo
930 2129 1049 2162 clueat.

256 2194 295 2227 P.
328 2193 480 2226 Thomas
509 2193 637 2226 Gallus
662 2193 780 2237 (Gall,
808 2193 981 2233 bavarus)
1010 2193 1045 2226 S.
1072 2193 1109 2226 J.
1135 2193 1327 2236 theoloyiae
1351 2193 1579 2226 scholasticae
1614 2194 1650 2224 in
1676 2192 1905 2226 universitate

138 2247 327 2290 elilinyana
351 2247 534 2289 professor
559 2250 588 2278 et
614 2246 653 2280 P.
685 2246 895 2279 Theodorici
924 2246 1063 2279 canisii?
1087 2248 1235 2280 rectoris
1260 2246 1440 2289 dilinyani
1466 2244 1688 2290 ‚,consultor“
1716 2246 1764 2287 (c.
1790 2256 1904 2288 supra

136 2311 171 2343 p.
188 2302 232 2333 30
249 2301 331 2334 137⁴
342 2300 374 2340 ).
408 2300 556 2343 Dilinya
577 2302 606 2333 1.
622 2299 829 2332 Novembris
848 2302 939 2333 1567
953 2300 1001 2332 acl
1019 2300 1054 2333 S.
1069 2300 1306 2333 Franciscum
1319 2300 1491 2342 Boryiam
1508 2300 1748 2342 praepositum
1760 2309 1908 2341 ,amera-

138 2354 202 2387 lem
228 2353 415 2396 epistulam
439 2353 534 2385 misit
561 2353 800 2396 lonyz'ssimam
818 2371 862 2375 -—
883 2352 951 2396 5¹l2
972 2355 1130 2396 payinas
1155 2354 1194 2386 in
1214 2353 1315 2395 follo,
1342 2353 1435 2396 quod
1453 2363 1625 2395 vocamus,
1651 2352 1830 2384 habentem
1847 2369 1905 2394 —-‚

140 2406 267 2449 quibus
294 2406 428 2449 eolleyii
454 2406 634 2449 dilinyani
667 2416 723 2439 res
757 2407 848 2439 atris
876 2406 1045 2449 pinyebat
1079 2406 1253 2439 coloribus
1285 2411 1315 2439 et
1348 2407 1502 2439 nzaaeime
1536 2406 1704 2439 adt-ersus
1737 2409 1904 2438 rectorem

135 2470 261 2502 ⁸(naves
288 2459 496 2502 proferebat
533 2459 716 2502 querelas:
749 2459 853 2492 Nihil
884 2461 1068 2502 praestari
1094 2460 1141 2492 ad
1167 2460 1294 2493 civimn
1319 2460 1371 2492 vel
1395 2461 1592 2493 vicinorum
1618 2459 1758 2491 animas
1782 2459 1906 2491 iuvan-

139 2513 215 2556 das,
250 2513 384 2555 synodo
419 2512 645 2545 dioecesanae
679 2523 701 2545 a
728 2513 909 2546 cardinali
933 2513 1073 2546 habitae
1097 2513 1188 2546 solos
1217 2513 1283 2546 PP.
1310 2513 1455 2546 Petrum
1484 2513 1668 2545 Canisium
1693 2516 1723 2544 et
1749 2511 1906 2554 Alphon-

137 2576 215 2597 sum
241 2565 424 2608 Pisanum,
459 2576 494 2598 se
528 2566 688 2609 neylecto,
725 2565 900 2599 adhibitos
935 2576 1025 2606 esse;
1058 2577 1092 2599 se
1126 2567 1174 2599 acl
1199 2566 1239 2599 P.
1266 2566 1394 2598 Pisani
1429 2566 1616 2609 „priuatas
1650 2565 1811 2597 lectiones
1839 2565 1905 2597 Ca-

138 2628 253 2661 suum,
288 2622 439 2661 tempore
472 2619 666 2651 vacationis
696 2619 906 2662 audiendas,
941 2621 1070 2652 virtute
1095 2623 1125 2651 et
1150 2619 1291 2652 nomine
1317 2618 1530 2651 obedientiae
1554 2617 1767 2660 impulsuml
1793 2614 1906 2658 esse“,·

140 2672 179 2702 in
206 2671 368 2704 omnihus
386 2681 502 2713 paene
528 2671 630 2704 rebus
654 2682 689 2704 se
714 2671 784 2706 PP.
811 2672 942 2705 Pisano
969 2676 999 2705 et
1017 2672 1180 2705 Haivodo
1200 2672 1379 2714 postponi.
1423 2670 1628 2705 Communis
1653 2670 1748 2703 inter
1773 2669 1906 2703 fratres

143 2722 289 2765 querela
315 2726 351 2756 et
386 2734 546 2756 murmur
573 2723 705 2757 exoriri
731 2725 767 2757 et
801 2723 920 2768 palam
947 2724 1053 2758 etiam
1081 2723 1243 2768 exaudirj
1277 2723 1403 2768 coepit,
1431 2722 1628 2757 Germanos
1654 2724 1690 2757 in
1713 2721 1905 2756 Germania

141 2785 210 2807 non
237 2776 277 2808 vt
303 2775 434 2809 fratres
460 2778 523 2809 aut
549 2775 740 2810 Societatis
764 2777 925 2811 membra
951 2779 986 2811 et
1012 2777 1195 2811 ministros
1227 2777 1384 2820 agnosci,
1418 2775 1482 2810 sed
1507 2778 1548 2810 vt
1573 2787 1697 2810 seruos
1724 2774 1906 2819 emptitios

143 2828 179 2859 et
205 2826 464 2862 abiectissimus
491 2829 663 2872 quosdam
697 2829 860 2875 tractarj.
909 2831 954 2864 In
988 2831 1116 2864 scholis
1141 2830 1252 2863 multa
1281 2840 1475 2873 perperam
1509 2832 1579 2873 aqi.
1629 2829 1706 2871 Ego
1741 2827 1906 2872 quamuis

142 2878 344 2924 huiusmodj
372 2880 501 2914 similia
519 2881 643 2924 multa,
671 2893 716 2916 ex
734 2882 863 2926 quibus
888 2882 977 2916 nihil
994 2894 1152 2927 unquam
1170 2882 1251 2927 bonj
1277 2882 1495 2927 sperandum
1513 2884 1580 2924 est,
1606 2881 1758 2923 videam,
1784 2883 1907 2914 tamen

267 3008 277 3027 ¹
303 3007 487 3041 Publicam
523 3020 670 3044 casuum
708 3011 949 3046 conscientiae
984 3011 1146 3046 scholam
1181 3011 1217 3045 in
1253 3010 1490 3045 universitate
1524 3010 1681 3045 habebat
1704 3010 1743 3044 P.
1772 3009 1908 3054 Caspar

144 3058 331 3094 Haivodus
361 3060 595 3105 (*C<1taloyus
623 3063 836 3107 dilfflganus,
863 3076 909 3099 m.
936 3065 1130 3099 Novembri
1159 3065 1247 3099 1567
1274 3063 1460 3109 scriptus).
