2044 3335
359 98 461 133 1759.
490 98 573 132 Can.
602 98 641 132 P.
661 97 881 143 Hieronymo
907 97 1040 132 Natali.
1084 97 1284 142 Oeniponte
1310 97 1343 132 8.
1361 95 1577 131 Novembris
1605 96 1708 130 1571.
1821 99 1905 139 489

141 219 299 262 libros‘·
330 220 407 262 abs
438 223 483 263 te
515 220 557 262 in
600 221 739 263 lucem
773 221 953 263 emissos
985 221 1170 263 ivdicem
1204 219 1419 274 corrigam
1453 222 1497 262 et
1537 218 1752 274 pvniamb.
1816 218 1907 260 Iam

140 284 201 326 illi
235 285 384 340 vicarij
419 286 577 328 Christi
615 286 817 328 iudicium
860 285 1151 329 svbiervntl'.
1176 286 1242 327 cui
1277 299 1328 327 ea
1361 287 1580 340 potestasc
1612 299 1635 327 e
1668 284 1772 326 celis
1805 284 1909 325 data

142 353 209 392 est
232 385 240 394 .
265 351 385 392 cuius
421 354 466 393 te
498 351 750 394 sentenciae
783 355 902 394 stare
935 351 1060 393 decet
1083 386 1090 394 .
1115 364 1196 393 nec
1229 350 1429 393 dvbitare
1453 385 1461 394 .
1486 353 1632 392 vtrum
1665 348 1909 404 placitvrae

140 415 227 458 sint
268 416 364 471 alijs
408 417 733 459 lvcvbrationes
776 420 879 459 tvae
913 451 920 459 .
955 430 1066 469 quae
1108 415 1267 458 Christi
1310 415 1444 469 ipsius
1486 416 1528 457 in
1573 415 1703 458 terris
1744 414 1908 457 vicario

140 481 410 534 placuerunt.
475 482 540 523 Tv
579 481 705 523 modo
739 484 788 524 vt
821 481 1000 535 coepisti
1042 481 1086 523 in
1118 480 1284 522 vinea
1326 481 1562 522 (1011111112
1594 479 1824 522 laborared
1855 492 1908 520 ne

141 545 314 588 desinas
347 546 509 600 scripto
543 547 676 588 verbo
709 549 754 589 et
787 560 916 601 opere
946 581 954 590 .
989 546 1109 588 dabit
1141 546 1259 587 Deus
1292 545 1407 587 vires
1439 546 1657 588 laboranti
1688 580 1695 588 .
1727 545 1799 598 qui
1830 558 1908 586 vo-

138 610 353 654 lvntatem
391 612 523 655 dedit.
587 611 720 661 Quem
756 625 836 665 ego
878 626 1032 666 precor
1064 614 1136 654 vte
1167 611 1246 653 tibi
1279 611 1416 653 vitam
1450 611 1524 652 det
1566 625 1694 664 quam
1728 609 1909 652 mereris

139 679 183 719 et
217 680 447 719 conservet
479 677 671 719 animvm
704 691 832 730 quem
866 677 996 719 dedit.
1021 701 1079 704 —
1100 700 1158 705 —

257 753 373 788 Locus
408 753 549 797 quidem
587 753 670 787 huic
709 753 887 798 epistulae
925 753 962 786 in
999 752 1128 787 Codice
1164 763 1235 786 non
1274 753 1330 786 est
1368 752 1567 796 ascriptus;
1607 751 1749 785 omnino
1787 754 1909 785 tamen

137 806 332 840 verisimile
359 809 425 847 est,
452 818 531 840 eam
557 806 670 840 Roma
697 806 818 840 datam
845 817 936 841 esse.

255 865 333 900 Hac
368 865 523 910 epistula
561 865 791 900 illustrantur
829 865 938 900 etiam
977 877 1036 907 ea,
1080 876 1172 908 quae
1207 865 1342 898 Hosius
1377 864 1472 898 circa
1507 864 1539 898 6.
1565 862 1782 897 Novembris
1819 863 1907 897 1571

135 918 175 953 P.
204 918 388 964 Alphonso
414 919 624 960 Salmeroni,
655 919 903 961 „mandatan1“
934 930 954 953 a
980 930 1119 953 summo
1146 918 1314 963 pontifice
1340 917 1519 951 scribendi
1550 917 1810 962 „provinciam“
1841 916 1910 961 ipsi

135 972 329 1015 gratulato,
355 973 558 1017 respondit:
590 973 752 1015 „Interea
778 974 911 1013 tamen,
938 972 1068 1016 quibus
1095 984 1136 1006 ea
1169 971 1354 1016 provincia
1380 971 1550 1004 mandata
1576 983 1645 1005 non
1672 971 1751 1012 fuit,
1788 972 1824 1004 et
1850 970 1910 1014 qui

134 1025 276 1069 longius
303 1026 452 1060 absunt:
482 1025 612 1060 Petrus
631 1025 807 1066 Canisius,
834 1025 1005 1060 Nicolaus
1024 1026 1215 1066 Sanderus,
1242 1024 1458 1059 Franciscus
1484 1024 1668 1069 praeclare
1687 1024 1909 1069 provinciam

133 1077 227 1113 hanc
245 1079 420 1120 obierunt,
447 1090 598 1123 quorum
625 1079 760 1124 scripta
779 1091 860 1113 cum
886 1079 1028 1123 legeris.
1056 1090 1126 1113 non
1153 1078 1287 1119 dubito,
1314 1078 1399 1122 quin
1426 1089 1468 1112 ea
1494 1072 1545 1112 sis
1571 1078 1806 1112 vehementer
1831 1089 1909 1122 pro—

132 1132 303 1166 baturus“
336 1131 537 1177 (Epistolae
564 1132 603 1166 P.
631 1133 809 1176 Alphonsc·
836 1134 1057 1167 Salmoronis
1082 1132 1115 1166 Il
1142 1132 1242 1175 264).

136 1264 289 1302 1759.
398 1265 616 1301 CANISIUS
644 1265 705 1301 P.
725 1263 1144 1302 HIERONYMO
1170 1263 1435 1301 NATALI
1454 1266 1589 1300 vicario
1615 1265 1775 1309 generali
1794 1265 1909 1300 Socie-

328 1320 416 1354 tatis
442 1320 536 1355 Iesu.
1234 1319 1434 1364 Oeniponte
1462 1320 1493 1354 S.
1512 1319 1728 1354 Novembris
1758 1319 1860 1353 1571.

254 1385 310 1419 Ex
336 1385 560 1430 autographo
588 1386 660 1428 (2⁰7.
700 1385 765 1427 1¹l5
794 1396 872 1430 pp.;
908 1385 943 1418 in
971 1397 1003 1429 p.
1030 1385 1053 1418 4
1078 1384 1185 1419 inser.
1222 1386 1259 1418 et
1293 1395 1377 1429 pars
1412 1384 1509 1427 sig),
1538 1384 1657 1419 Germ.
1687 1384 1755 1419 183
1780 1396 1814 1419 n.
1842 1385 1908 1419 251

139 1437 178 1481 (f.
198 1438 266 1472 368
293 1440 329 1472 et
354 1450 407 1483 sq.
434 1450 504 1473 non
530 1439 651 1482 sign.).
703 1437 851 1472 Litteris
877 1450 966 1473 usus
992 1450 1072 1472 esse
1098 1438 1242 1472 videtur
1269 1438 1477 1481 Sacc-himas,
1505 1437 1590 1471 Can.
1615 1437 1694 1472 278.

259 1505 512 1538 commentarii
538 1505 577 1539 P.
597 1505 683 1538 Soa.
719 1505 948 1547 Indulyentia
977 1505 1122 1539 Canisio
1148 1515 1170 1537 (ι
1189 1505 1254 1538 Plo
1274 1505 1310 1537 V.
1330 1515 1500 1537 concessa.
1537 1505 1694 1537 Victoria
1721 1505 1761 1537 de
1785 1504 1912 1537 Tem-cis

137 1562 328 1600 reportata.
372 1559 570 1601 Filo-cerzac.
615 1557 774 1603 „Cwuffl
802 1559 838 1592 P.
867 1559 985 1592 Toleti.
1032 1560 1244 1601 Scriptores.
1288 1559 1538 1591 Dubz'latlones
1563 1559 1604 1591 de
1629 1558 1788 1591 Iubilaeo
1815 1563 1844 1591 et
1870 1558 1911 1590 de

137 1609 346 1654 „Hortuliffl
374 1612 508 1646 latinis.
560 1613 711 1645 Hortull
733 1614 930 1655 yermam'cz'
956 1623 978 1644 α
998 1612 1167 1655 pontifice
1190 1613 1367 1655 permissi.

348 1679 375 1730 ἢ
407 1678 501 1720 Pax
534 1678 693 1721 Christi
724 1678 867 1720 JESV
900 1678 1024 1720 nobis
1057 1681 1250 1728 aeterna,

664 1749 909 1791 Admodum
943 1749 1198 1792 Reuerende
1231 1749 1376 1793 Pater.

252 1820 461 1870 Quoniam
495 1821 637 1871 audio,
671 1822 722 1865 D.
756 1822 1010 1863 Emanuelis
1044 1835 1152 1875 opus
1184 1821 1227 1863 in
1259 1821 1399 1863 lucem
1434 1820 1704 1875 proditurum
1718 1821 1747 1871 3,
1780 1820 1908 1862 illud-

134 1900 216 1939 que
248 1900 333 1928 non
365 1886 494 1928 facile
526 1886 569 1928 in
604 1887 882 1929 Germaniam
916 1887 1243 1941 importaretur,
1278 1889 1447 1929 oratam
1482 1887 1678 1941 cupimus
1711 1886 1762 1930 R.
1787 1887 1835 1929 T.
1861 1889 1907 1929 ut

133 1951 263 1993 liceat
296 1951 418 1993 nobis
450 1952 555 1993 illud
598 1952 640 1994 in
674 1953 755 1995 hac
789 1955 866 1995 aut
898 1952 1041 1995 uicina
1073 1952 1293 2007 prouintia
1325 1953 1617 1994 recudendum
1652 1965 1820 2003 curare,
1860 1955 1909 1994 ut

133 2017 326 2071 pluribus
348 2018 392 2059 in
411 2017 594 2059 Domino
618 2018 675 2060 sit
697 2019 1002 2061 emolumento.
1047 2019 1345 2073 Expectamus
1368 2018 1561 2060 eiusdem
1585 2018 1636 2061 D.
1656 2017 1909 2059 Emanuelis

134 2082 361 2126 censuram
402 2083 445 2124 in
487 2083 671 2138 primam
705 2086 874 2138 partem
908 2084 1049 2127 nostri
1082 2083 1237 2139 operis,
1281 2085 1395 2137 quod
1437 2085 1522 2126 iam
1557 2084 1803 2127 absolutum
1837 2097 1908 2125 ac-

134 2149 300 2203 ceperit
332 2149 383 2192 R.
408 2149 486 2191 T.4
518 2149 631 2191 sicut
663 2150 717 2192 ad
751 2164 819 2192 me
852 2150 1003 2192 scribit
1030 2151 1081 2193 D.
1107 2150 1362 2193 Cardinalis.
1412 2149 1525 2191 Huic
1557 2149 1726 2203 gratias
1759 2149 1907 2199 debeo,

134 2215 248 2268 quod
287 2229 313 2257 a
354 2215 478 2258 Pont.
513 2215 631 2258 Max.
671 2215 919 2269 impetrarit
961 2215 1064 2257 mihi
1105 2215 1348 2270 plenariam
1410 2215 1755 2268 Jndulgenffiam,
1799 2229 1909 2268 quae

134 2279 237 2321 mihi
276 2294 361 2321 non
394 2283 541 2333 potest
581 2280 772 2333 ingentif
800 2295 885 2322 non
919 2295 1015 2323 esse
1049 2280 1333 2323 consolationi
1350 2282 1379 2323 5.
1443 2281 1576 2323 Faxit
1609 2280 1818 2331 dominus,
1863 2282 1910 2322 ut

254 2361 284 2392 a)
305 2361 443 2392 Sequitur
462 2359 543 2392 tvos,
564 2362 654 2388 oblitt.
746 2361 776 2394 b)
799 2363 967 2394 Seqztuutm·
987 2371 1029 2388 vr.
1044 2362 1108 2387 Hoc
1129 2362 1209 2388 enim
1229 2370 1335 2388 eorvm
1356 2362 1404 2387 est
1418 2382 1423 2388 .
1439 2362 1500 2395 qui,
1521 2371 1539 2387 α
1560 2363 1593 2387 R.
1615 2363 1704 2387 oblim.
1798 2364 1823 2393 c)
1846 2363 1910 2386 Duo

136 2410 178 2427 vv.
199 2410 258 2434 sqq.
278 2410 371 2434 supra
399 2410 514 2427 versum
534 2403 645 2434 scripta
665 2407 741 2428 sunt.
852 2403 882 2434 (1)
904 2405 950 2429 Ita
970 2406 1004 2430 R.
1026 2406 1156 2430 correxit
1175 2413 1211 2429 ea:
1230 2411 1367 2437 pergere.
1471 2407 1498 2435 e)
1520 2406 1688 2436 Sequuntur
1708 2412 1750 2429 vv.
1771 2404 1801 2429 te
1821 2403 1910 2429 nobis

137 2443 349 2477 Ecclesiaeque
369 2450 443 2469 svae
464 2443 635 2470 divtissime
649 2444 756 2470 servet
775 2445 968 2478 incolvmem,
988 2455 1005 2471 a
1019 2448 1054 2471 R.
1070 2447 1158 2472 oblitt.
1221 2446 1244 2478 s)
1260 2448 1320 2471 Hoc
1342 2454 1363 2471 r.
1378 2454 1395 2471 (ι
1412 2447 1439 2471 C.
1454 2455 1547 2478 snpra
1570 2454 1685 2471 versum
1704 2446 1846 2477 scriptum
1860 2449 1910 2472 est.

258 2564 267 2583 ¹
294 2562 371 2604 Qua
396 2562 535 2596 ratione
563 2561 596 2596 S.
623 2562 711 2597 Pius
737 2562 780 2597 V.
808 2562 937 2597 librum
966 2564 1009 2598 de
1036 2563 1070 2598 S.
1098 2564 1230 2598 Ioanne
1257 2564 1424 2609 Baptista
1449 2563 1714 2609 approbaverit,
1741 2576 1776 2599 v.
1803 2575 1912 2610 supra

135 2628 167 2661 p.
187 2616 269 2650 447.
321 2616 375 2651 Cf.
404 2616 511 2651 etiam
540 2617 644 2658 infra,
671 2628 764 2650 mon.
792 2616 860 2651 litt.
890 2617 980 2661 (55).

258 2671 271 2690 ²
298 2670 333 2704 Is
360 2670 392 2710 5,
421 2671 459 2711 73
488 2670 533 2704 cf.
560 2670 615 2704 Mt
641 2670 697 2709 20,
727 2671 860 2711 1—16;
889 2671 945 2712 21,
972 2671 1017 2705 28
1044 2673 1112 2705 etc.

258 2724 270 2743 ³
296 2723 336 2758 P.
355 2722 602 2757 Emmanuelis
629 2723 699 2758 Saa
724 2723 863 2757 scholia
888 2724 924 2758 in
952 2727 1122 2768 quattuor
1148 2724 1370 2768 Evangelia;
1398 2736 1430 2759 v.
1453 2726 1540 2758 Can.
1560 2724 1593 2758 V
1612 2725 1660 2759 2⁴.

255 2778 266 2796 4
292 2775 460 2819 Dilingae
486 2776 592 2810 huius
618 2776 699 2811 libri
727 2777 770 2811 de
797 2776 830 2811 S.
852 2777 984 2812 Ioanne
1003 2778 1170 2822 Baptista
1197 2778 1372 2812 adversus
1392 2777 1662 2812 centuriatores
1688 2778 1815 2824 scripti
1841 2778 1909 2812 iam

135 2830 293 2863 secunda
319 2829 515 2874 parabatur
542 2830 671 2871 editio3
698 2842 732 2865 v.
760 2842 869 2876 supra
895 2843 928 2876 p.
956 2831 1038 2865 475.

255 2884 267 2902 ⁵
295 2882 328 2917 S.
357 2882 443 2917 Pius
470 2883 512 2918 V.
551 2883 694 2918 Canisio
721 2896 784 2929 pro
811 2884 902 2918 libro
929 2890 1055 2919 contra
1082 2883 1352 2919 Centuriatores
1386 2884 1488 2919 iussu
1514 2897 1579 2919 suo
1613 2885 1748 2930 scripto
1783 2888 1913 2929 rogatu

135 2936 329 2970 cardinalis
348 2936 492 2971 Ottonis
510 2936 710 2972 Truchsess
737 2937 998 2982 indulgentiam
1018 2937 1111 2972 hanc
1130 2938 1327 2979 concessit:
1356 2938 1417 2983 qui
1435 2939 1620 2983 aliquanto
1639 2942 1722 2973 ante
1740 2939 1780 2974 P.
1800 2940 1912 2974 Paulo

136 2989 284 3024 Hoffaeo
322 3001 385 3034 pro
422 2989 642 3025 Catechismi
678 2991 828 3025 Romani
868 2991 1034 3026 versione
1069 2991 1277 3034 germanica
1314 2992 1486 3027 mandatu
1524 3004 1589 3027 suo
1627 2993 1725 3027 facta
1764 2993 1912 3027 eandem

135 3044 290 3087 gratiam
325 3044 501 3078 tribuerat
539 3044 589 3087 (v.
616 3056 726 3090 supra
761 3057 795 3090 p.
822 3044 896 3088 59).
955 3044 1054 3086 Quae
1089 3047 1208 3089 gratia
1244 3048 1342 3080 certe
1376 3046 1521 3090 plurimi
1557 3046 1782 3081 aestimanda
1816 3049 1912 3087 erat3

135 3109 217 3131 nam
245 3098 423 3131 Pozancus
448 3097 561 3132 Roma
588 3099 619 3133 6.
647 3098 784 3144 Aprilis
813 3099 903 3134 1567
931 3099 971 3134 Ρ.
999 3099 1190 3144 Iosephum
1216 3099 1393 3134 Blondum
1421 3099 1454 3135 S.
1474 3100 1506 3135 J.
1534 3101 1719 3134 *monuitz
1760 3100 1912 3143 „Questo
