2044 3335
701 111 813 146 Roma
839 112 894 147 26.
915 112 1127 147 Novembris
1155 112 1257 147 1569.
1781 114 1865 154 375

93 240 172 272 weg
198 228 376 262 kommen.
412 227 501 261 Was
527 226 585 261 ich
611 229 766 271 weytter
793 228 838 261 fir
863 227 1050 262 schrifften
1076 226 1197 261 deselb
1224 226 1423 260 betreffend
1448 225 1662 260 bekommen
1688 225 1760 260 kan
1787 226 1859 260 will

93 282 150 316 ich
177 281 216 316 E.
244 280 282 315 L.
309 280 480 314 schicken
506 280 576 325 bey
602 280 771 315 nechster
797 280 915 315 Post.“
964 280 1011 314 Et
1036 279 1178 314 *Roma
1206 280 1237 313 1.
1257 279 1391 323 Aprilis
1420 279 1530 314 1570:
1564 278 1655 321 „Der
1680 278 1862 323 Fuggerin

93 334 176 368 halb
203 345 242 368 so
268 333 351 367 bold
377 332 434 367 ich
460 332 532 366 kan
558 332 683 367 schick
710 332 769 367 ich
795 332 834 367 E.
862 333 901 367 L.
929 332 985 366 die
1011 332 1138 375 vbrige
1173 332 1360 366 schrifften
1395 343 1434 366 so
1469 332 1560 366 noch
1587 332 1621 366 in
1650 332 1712 365 der
1739 331 1862 376 Bapst.

93 386 335 432 Hayligkhait
360 386 499 420 handen
524 386 649 420 sendt“
682 386 743 429 (ex
761 385 1008 430 autographis,
1036 396 1126 430 quae
1153 387 1299 419 exstant
1317 385 1498 419 Monachii
1525 385 1561 419 in
1587 384 1734 419 archivo
1761 385 1862 429 regni

92 439 261 479 bavarici,
298 439 383 474 Cod.
413 439 620 481 „Hochstift
644 439 849 483 Augsburg,
887 439 1050 484 Cor-resp.
1072 438 1268 479 1569—71,
1304 437 1343 472 T.
1364 438 1434 472 ΙΨ*
1464 438 1488 472 f.
1508 437 1594 473 209¹*
1630 438 1715 472 2472
1749 437 1862 482 2752).

93 493 145 528 De
177 493 302 527 iisdem
338 492 550 527 exorcismis
583 493 740 527 romanis
766 492 806 526 P.
826 493 1027 527 Matthaeus
1044 493 1211 526 Raderus
1229 491 1264 525 S.
1282 491 1314 525 J.
1342 491 1435 524 inter
1461 502 1492 525 a.
1514 491 1747 527 1594—1598
1774 491 1863 526 haec

92 546 212 592 posuit
246 546 281 580 in
312 557 378 580 sua
409 545 613 588 &Historia
648 545 790 590 collegii
825 545 1037 589 augustani“
1076 555 1186 578 manu
1220 544 1376 588 scripta:
1412 543 1451 578 P.
1471 543 1684 579 Wendelino
1711 544 1864 579 Volckio

91 599 245 634 Ursulae
277 599 465 643 Fuggerae
500 598 718 634 confessario
759 599 892 641 „multa
927 597 1086 632 mouenti
1121 597 1338 641 conantique
1373 596 1609 638 significatur,
1644 609 1714 631 non
1747 609 1863 643 posse,

90 654 160 687 nisi
178 652 312 687 Romae
331 653 539 686 daemonem
557 652 660 697 pelli¹⁴
684 664 728 686 ex
748 652 911 687 Susanna
930 651 1005 685 illa.
1040 651 1189 685 Romam
1209 650 1320 694 igitur
1338 651 1520 694 petierunt
1538 650 1672 684 Ursula
1685 650 1863 694 Fuggera,

95 706 299 750 ,Johannes
325 705 522 749 Fuggerus,
558 705 619 749 qui
653 705 757 739 hodie
793 705 902 739 etiam
936 715 1031 739 nunc
1065 704 1266 748 superest&
1304 702 1542 737 Wendelinus
1578 714 1659 737 cum
1686 703 1862 738 Susanna.

94 759 283 802 „Pontifex
317 758 516 800 Maximus,
552 759 639 793 Pius
674 759 842 803 quintus,
877 760 917 792 ut
951 757 1171 792 Daemonem
1206 756 1335 801 pellat,
1372 756 1595 801 appellatus,
1632 759 1862 801 rogatusque,

89 817 130 846 ut
155 824 258 857 opem
285 811 550 857 perditissimae
576 812 909 856 afflictissimaeque
935 809 1076 855 puellae
1102 809 1208 852 ferat,
1235 809 1501 853 Daemonisque
1527 809 1679 853 fugandi
1704 809 1864 844 laborem

90 866 282 910 suscipiat;
323 865 471 907 Quaerit
508 864 665 906 curiose,
706 865 758 899 uti
797 864 966 903 decebat,
1006 874 1192 904 caussam,
1232 863 1354 904 initia,
1393 874 1624 907 progressum
1662 862 1775 897 totius
1813 862 1864 897 rei

91 919 271 960 Pontifex,
307 920 349 952 ut
381 921 565 963 occupata,
600 919 642 951 ut
675 918 816 959 deuota,
851 919 890 951 ut
925 917 1164 961 deuinctaque
1199 916 1335 961 scripto
1363 916 1527 950 daemoni
1552 916 1673 951 fuerit.
1726 915 1864 951 Causas

91 983 214 1006 omnes
232 971 400 1016 expedire
419 971 551 1006 conscii
576 971 639 1004 uix
665 970 857 1013 audebant,
883 971 998 1010 ueriti,
1025 982 1070 1004 ne
1088 969 1214 1004 Puella
1240 981 1326 1013 rogo
1352 969 1580 1014 flammisque
1598 969 1776 1014 imposita,
1804 981 1864 1004 ex-

90 1026 265 1067 ureretur,
302 1024 396 1069 quod
431 1024 473 1058 de
509 1023 765 1069 Chirographo‚
802 1026 837 1058 et
871 1035 976 1058 sacra
1009 1023 1153 1057 hostia¹
1187 1023 1259 1057 iam
1294 1022 1541 1064 intellexerat,
1577 1024 1863 1067 grauissimeque

92 1077 226 1112 Christi
261 1077 427 1111 iniuriam
460 1076 720 1122 doluerit²[‘?]:
756 1077 818 1112 Jlli
854 1089 917 1122 per
951 1076 1237 1111 imbecillitatem
1273 1076 1406 1110 aetatis
1442 1078 1477 1110 et
1512 1076 1644 1121 iudicij,
1679 1076 1863 1110 inductam

90 1132 260 1165 fatentur.
311 1130 490 1172 Pontifex,
529 1142 604 1165 rem
640 1131 845 1176 ancipitem,
881 1130 1097 1174 dubiamque
1132 1132 1245 1171 ratus,
1280 1131 1422 1164 tentata
1456 1129 1568 1164 semel
1604 1129 1827 1164 adiuratione
1839 1130 1863 1170 2,

90 1195 212 1218 curam
244 1183 415 1218 Societati
449 1195 530 1218 cum
564 1183 786 1229 amplissima
821 1185 999 1229 potestate
1034 1182 1223 1228 permittit.
1273 1182 1510 1217 Wendelinus
1545 1183 1616 1217 iam
1651 1183 1695 1217 de
1729 1182 1863 1227 scripto

89 1237 264 1280 sanguine
283 1239 431 1272 exarato
449 1237 694 1282 recuperando
712 1237 1030 1281 extorquendoque
1056 1236 1311 1282 propemodum
1330 1236 1508 1281 desperat,
1535 1248 1616 1270 cum
1642 1248 1700 1270 res
1726 1236 1863 1271 duobus

89 1290 197 1325 etiam
223 1290 341 1336 socijs,
368 1293 404 1325 et
429 1291 655 1336 potissimum
683 1290 873 1330 Germano,
901 1302 919 1324 e
937 1290 1053 1324 Rheni
1079 1290 1273 1334 prouincia,
1302 1289 1451 1324 Romam
1478 1292 1561 1324 ante
1588 1289 1725 1334 aliquot
1751 1301 1864 1324 annos

89 1344 263 1389 profecto,
298 1344 544 1386 committitur,
570 1344 705 1378 homini
731 1344 836 1389 plane
868 1344 971 1385 bono,
1006 1344 1196 1388 priscaque
1222 1343 1466 1388 sImplicitate,
1504 1346 1540 1377 et
1565 1343 1739 1387 singulari
1766 1343 1864 1377 uitae

88 1397 293 1432 innocentia
327 1398 521 1443 plurimum
556 1398 815 1432 commendato.
867 1398 909 1432 Js
944 1397 980 1431 in
1017 1397 1103 1431 aede
1140 1397 1277 1431 Mariae
1303 1396 1492 1431 Rotundae
1526 1396 1779 1442 praesentibus
1809 1397 1861 1430 17.

89 1451 147 1485 uel
176 1452 229 1486 16.
248 1451 412 1493 testibus,
439 1451 573 1485 Romae
598 1451 739 1485 hostem
766 1451 939 1485 acerrime
966 1461 1137 1493 agressus
1163 1450 1214 1484 ita
1240 1450 1383 1495 pressit,
1417 1452 1457 1484 ut
1483 1450 1646 1485 chartam
1672 1451 1863 1495 scriptum-

90 1516 168 1549 que,
196 1505 362 1549 quamuis
379 1516 497 1549 aegre,
524 1505 756 1550 expresserit.
791 1504 849 1538 Fit
875 1504 969 1538 enim
996 1503 1125 1538 iudicio
1151 1503 1282 1538 summi
1299 1503 1475 1545 Numinis,
1502 1507 1543 1538 ut
1568 1504 1629 1548 qui
1655 1515 1720 1538 sua
1738 1503 1863 1538 uolun-

88 1560 175 1598 tate,
210 1569 231 1592 a
257 1557 341 1592 DEo
367 1560 514 1592 auctore
540 1560 577 1592 et
602 1560 761 1602 parente,
798 1557 935 1591 nefarie
961 1557 1177 1598 desciscunt,
1212 1568 1394 1601 nunquam
1422 1560 1486 1591 aut
1511 1569 1591 1591 raro
1618 1568 1798 1601 aegreque
1824 1568 1863 1591 se

89 1611 133 1646 ab
168 1611 271 1646 hoste
307 1611 511 1656 expediant,
547 1613 584 1645 et
618 1611 654 1645 in
689 1611 808 1654 gratia
843 1611 937 1656 apud
964 1611 1101 1645 DEVM
1135 1614 1364 1656 reponantur.
1416 1611 1589 1645 Extrema
1622 1613 1718 1645 certe
1745 1611 1863 1645 omnia

88 1667 174 1700 sunt
191 1664 325 1699 Romae
350 1667 492 1699 tentata
518 1665 554 1699 in
580 1665 648 1700 hac
666 1676 794 1706 causa;
821 1666 923 1699 tanto
941 1676 1049 1710 saepe
1067 1667 1203 1699 terrore
1230 1665 1359 1707 locum,
1385 1665 1447 1699 ubi
1464 1665 1672 1709 urgebatur,
1698 1664 1865 1710 impleuit

88 1718 257 1760 Daemon,
284 1721 325 1752 ut
349 1718 436 1753 totis
461 1718 611 1753 artubus
637 1718 966 1759 contremiscerent,
993 1729 1145 1763 seseque
1172 1718 1208 1752 in
1233 1718 1358 1762 fugam
1385 1719 1522 1760 darent,
1549 1718 1611 1763 qui
1637 1720 1861 1763 spectatores

88 1772 147 1806 uel
173 1772 353 1807 adiutores
379 1772 540 1807 aderant.
592 1772 661 1807 Sed
687 1772 724 1806 ui
750 1772 897 1806 tandem
922 1783 1091 1817 suprema
1119 1772 1335 1817 compulsus,
1365 1772 1555 1807 sublimem
1581 1772 1739 1818 puellam
1765 1771 1860 1813 tulit,

88 1825 277 1860 dilaniauit
310 1826 502 1869 vnguibus,
538 1825 716 1870 torsitque
746 1825 981 1867 atrocissime,
1019 1827 1054 1860 et
1080 1826 1245 1860 chartam
1271 1838 1335 1860 seu
1363 1825 1651 1871 Chirographum
1676 1826 1862 1860 teterrima

87 1879 288 1914 inuolutum
323 1879 483 1921 fasciola,
518 1879 767 1925 spectantibus
799 1881 835 1913 et
860 1879 1088 1914 horrentibus
1115 1879 1176 1924 qui
1202 1880 1362 1921 aderant,
1399 1882 1599 1914 extremum
1628 1880 1663 1914 in
1690 1879 1862 1922 angulum

86 1933 211 1978 templi
238 1933 379 1975 abiecit,
414 1945 520 1977 quam
548 1933 784 1967 Wendelinus
819 1933 979 1976 sustulit,
1015 1944 1242 1977 manumque,
1279 1936 1315 1967 et
1340 1933 1450 1968 uerba
1477 1934 1646 1977 agnouit;
1684 1933 1861 1967 Viderunt

88 1986 238 2021 eandem
264 1985 359 2021 Otho
386 1986 598 2028 Cardinalis,
634 1987 673 2022 P.
693 1986 826 2030 Borgia
852 1986 1051 2029 Generalis,
1088 1989 1124 2020 et
1149 1986 1223 2032 alij.
1274 1986 1447 2030 Rogatus,
1482 1987 1541 2021 ubi
1577 1987 1614 2021 id
1639 1989 1863 2022 reseruasset

87 2040 234 2081 tamdiu,
269 2041 469 2074 nominauit
493 2040 529 2074 in
556 2041 750 2075 Germania
775 2040 913 2075 locum“
951 2040 1050 2084 (Cod.
1078 2040 1229 2084 friburg.
1261 2040 1375 2083 ⁷,Hist.
1403 2040 1483 2075 coll.
1511 2041 1626 2085 Aug.“
1656 2053 1689 2086 p.
1710 2040 1861 2075 38—42.

89 2093 144 2128 Cf.
171 2093 279 2128 etiam
315 2094 547 2137 Sacchz'num,
583 2093 765 2128 Historiae
801 2094 991 2129 Societatis
1029 2094 1118 2128 Jesu
1153 2093 1244 2128 Pars
1278 2094 1404 2136 tertia,
1441 2094 1464 2129 l.
1483 2095 1514 2136 6,
1550 2107 1584 2128 n.
1606 2095 1665 2135 ll,
1702 2096 1737 2128 et
1755 2096 1861 2138 Apri-

88 2148 199 2181 colam
233 2147 255 2181 l.
284 2159 313 2181 c.
341 2147 376 2189 I,
411 2147 453 2181 D.
480 2147 521 2188 3,
556 2159 589 2182 n.
617 2147 835 2191 227—230).
896 2147 949 2181 De
987 2147 1112 2182 eadem
1150 2147 1213 2182 illa
1249 2147 1414 2182 Susanna
1453 2150 1490 2182 in
1524 2149 1698 2182 *Litteris
1733 2148 1860 2182 annuis

87 2201 213 2235 domus
239 2200 273 2235 S.
301 2201 334 2235 J.
361 2202 586 2244 augustanae
612 2201 781 2244 Augusta
809 2202 862 2235 17.
883 2200 1105 2246 Septembris
1133 2201 1226 2237 1570
1251 2201 1346 2236 datis
1371 2203 1559 2236 narratur:
1590 2201 1861 2245 „Energumena

87 2253 217 2299 puella,
244 2255 327 2299 per“
348 2254 533 2298 Fuggeros
555 2254 731 2297 „adducta
748 2254 900 2289 Romam
926 2266 1006 2290 cum
1026 2254 1207 2289 biennium
1235 2257 1271 2289 et
1290 2267 1330 2289 eo
1348 2255 1504 2300 amplius
1522 2256 1710 2299 Augustae
1728 2254 1862 2289 nostris

86 2307 305 2342 laboriosum
340 2309 500 2342 creasset
531 2308 727 2350 negotium,
763 2319 784 2342 a
809 2308 1004 2343 Daemonis
1038 2308 1269 2343 infestatione
1297 2312 1434 2351 curata,
1470 2309 1575 2354 plane
1601 2308 1791 2342 incolumis
1818 2308 1860 2342 ad

86 2372 151 2395 nos
176 2372 324 2395 reuersa
350 2361 425 2395 est⁴⁴
457 2360 519 2404 (ex
545 2360 763 2406 archetypo;
801 2360 841 2395 G.
870 2361 934 2406 Ep.
954 2361 1005 2396 XI
1031 2362 1055 2396 f.
1078 2362 1326 2405 1792—1802).
1378 2362 1477 2404 Quod
1512 2366 1632 2396 autem
1659 2361 1703 2395 ad
1729 2360 1859 2394 falsam

87 2413 185 2448 illam
204 2413 349 2448 [onnnis
366 2413 524 2458 Fuggeri
551 2414 594 2448 de
620 2413 824 2448 hominibus
846 2416 998 2449 mortuis
1024 2415 1226 2460 opinionem
1245 2415 1385 2455 attinet,
1413 2415 1606 2449 cardinalis
1628 2416 1704 2448 Olto
1728 2414 1860 2448 Trach-

85 2479 156 2501 sess
180 2467 328 2502 Alberto
346 2467 390 2502 V.
418 2467 596 2502 Bavariae
628 2467 709 2502 duci
736 2467 907 2512 *scripsit
933 2467 1047 2502 Roma
1075 2469 1129 2502 11.
1148 2468 1271 2502 Martii
1300 2468 1410 2503 1570:
1451 2467 1546 2510 „Her
1580 2467 1695 2502 hauns
1730 2468 1861 2511 fugger

86 2520 155 2555 soll
181 2520 249 2554 wol
275 2521 334 2555 ain
360 2520 510 2555 irrische
536 2520 680 2565 opinion
698 2520 760 2554 der
787 2520 1052 2564 abgestorbnen
1079 2520 1199 2556 seelen
1226 2521 1310 2555 halb
1337 2521 1472 2565 gehabt
1497 2521 1623 2563 haben,
1650 2521 1785 2555 daruon
1812 2521 1859 2555 ist

86 2573 162 2608 ales
189 2574 301 2609 durch
327 2574 384 2608 die
410 2573 611 2617 Theologos
646 2574 805 2617 gewisen
831 2574 976 2609 worden
1011 2574 1087 2609 also
1123 2573 1194 2609 dae
1230 2586 1268 2608 er
1293 2575 1412 2609 weder
1436 2574 1505 2608 mir
1530 2574 1623 2609 noch
1648 2574 1711 2608 der
1736 2574 1861 2620 Bapst:

87 2627 328 2673 Hayligkhait
362 2627 498 2662 daruon
533 2627 635 2662 nichs
670 2626 749 2662 batt
785 2627 1015 2671 firgebracht,
1052 2627 1100 2662 Es
1135 2628 1183 2662 ist
1218 2629 1276 2662 ain
1303 2627 1375 2662 alte
1401 2628 1613 2673 verdampte
1638 2627 1799 2662 haeresis
1825 2630 1861 2662 et

206 2692 234 2724 a)
261 2693 450 2718 Scribendum
477 2693 571 2724 fnisse
598 2692 734 2717 videtur.-
763 2690 925 2722 doluerat,-
954 2692 1013 2717 ›zisi
1040 2693 1127 2717 malis
1153 2693 1245 2724 panio
1274 2700 1366 2724 supra
1390 2700 1448 2724 pro
1474 2691 1668 2718 intellexerat
1693 2693 1787 2724 legere
1814 2692 1859 2718 in-

87 2732 249 2760 tellexerit.

209 2841 219 2861 ¹
246 2839 544 2885 Chirographnm,
571 2852 640 2885 quo
659 2852 697 2875 se
716 2840 879 2875 daemoni
903 2840 1114 2882 devovebat,
1142 2852 1207 2875 suo
1233 2841 1409 2885 sanguine
1434 2841 1630 2886 scripserat
1656 2843 1693 2876 et
1718 2852 1859 2876 sacram

85 2893 240 2928 hostiam
275 2896 358 2938 post
392 2894 676 2928 communionem
712 2905 756 2928 ex
791 2905 852 2928 ore
887 2894 1134 2939 depromptam
1176 2895 1231 2937 „in
1256 2894 1374 2929 locum
1409 2895 1633 2940 pudendum“
1664 2895 1858 2936 iniecerat;

87 2959 121 2981 v.
148 2958 258 2992 supra
284 2959 317 2992 p.
336 2946 417 2981 221.
1191 2957 1192 2960 ’

205 3001 219 3021 2
245 3002 361 3036 Laur.
398 3002 532 3035 Sarius
565 3002 601 3034 in
640 3001 925 3043 ,Commentario
960 3000 1062 3035 brevi
1098 3013 1215 3035 rerum
1252 3001 1287 3035 in
1323 3002 1406 3036 orbe
1442 3003 1650 3046 gestarum“
1690 3001 1858 3036 Coloniae

86 3065 116 3088 a.
139 3054 229 3088 1566
256 3065 276 3088 a
302 3065 342 3088 se
377 3054 472 3088 edito
506 3056 641 3096 narrat,
676 3054 800 3089 eodem
835 3065 927 3089 anno
954 3054 1088 3089 Romae
1115 3056 1135 3089 5
1162 3055 1331 3090 mulieres
1358 3067 1378 3090 a
1404 3056 1636 3091 daemonibus
1663 3058 1858 3101 occupatas

86 3107 142 3141 Pii
161 3108 204 3142 V.
231 3107 479 3142 benedictione
506 3110 541 3142 et
566 3108 734 3153 precibus
760 3110 908 3142 sanatas
934 3119 1014 3142 esse
1042 3108 1092 3153 (p.
1112 3108 1211 3151 824).
