2044 3335
339 81 440 116 1550.
468 81 553 115 Can.
581 81 615 116 S.
634 82 826 117 Francisco
851 83 1016 126 Borgiae.
1067 82 1267 127 Oeniponte
1294 81 1350 115 22.
1370 81 1455 115 Dec.
1477 81 1579 115 1567.
1761 84 1842 123 153

76 200 222 243 collati
253 200 443 243 fructum
475 201 640 242 nullum
673 201 886 251 adferent,
921 201 997 243 sed
1021 214 1227 255 cogemur
1249 199 1347 241 huic
1370 198 1454 242 toti
1476 198 1677 241 instituto
1701 212 1848 240 coram

75 265 310 308 fratribus1
342 265 610 315 renunciare,
644 265 773 319 idque
805 280 890 308 non
913 266 1007 308 sine
1027 265 1239 308 fratruma
1271 267 1423 306 contra
1447 263 1712 305 Societatem
1746 276 1848 304 con-

77 329 284 372 citatione
318 333 363 372 et
395 330 578 372 aliorum
612 330 848 373 offensione
880 332 968 381 fiet,
1013 330 1160 372 multis
1194 329 1325 371 etiam
1358 328 1519 370 idcirco
1552 327 1846 377 irridentibus,

76 395 190 448 quod
231 396 285 437 ab
325 395 407 437 hoc
449 409 579 449 opere
611 395 851 449 praeclaro,
895 396 1007 449 quod
1049 394 1212 449 passim
1253 394 1297 434 in
1330 394 1432 434 orbe
1466 393 1734 435 celebratum
1767 395 1846 442 est,

75 460 251 503 tandem
297 459 606 504 destiterimus,
671 460 905 514 Speramus
950 463 1097 503 autem
1143 462 1187 501 et
1232 457 1508 507 confidimus,
1554 457 1620 499 his
1662 461 1706 500 et
1751 456 1848 511 alijs

74 525 355 567 incommodis
397 539 453 567 ex
493 524 822 579 imperfectione
864 528 909 567 et
950 524 1196 567 desertione
1237 523 1363 565 huius
1395 522 1588 564 fabricae
1621 521 1846 572 secuturis,

75 590 122 632 P.
158 590 427 641 Generalem,
470 590 729 644 praesertim
771 593 871 644 post
911 589 1169 643 magnificab
1211 588 1303 630 eius
1339 588 1553 642 promissa
1591 587 1713 628 nobis
1746 589 1849 629 ante

74 656 207 706 facta,
242 655 466 697 consilium
500 657 545 698 et
578 669 702 709 opem
736 658 1011 709 praesentem
1045 655 1279 697 allaturum
1313 666 1421 694 esse.
1461 652 1569 702 Quid
1603 666 1706 693 uero
1729 665 1849 705 mag-

75 735 177 762 num
210 724 289 771 est,
323 716 383 763 ut
404 720 577 774 quidam
612 720 844 763 Societatis
866 720 1025 762 Hallae
1047 718 1172 761 nobis
1193 718 1372 767 faciant,
1407 717 1520 770 quod
1543 717 1646 759 alibi
1675 717 1848 758 solent?

76 785 282 828 Habeant
314 788 359 828 et
389 785 610 828 retineant
641 799 765 827 suam
798 785 913 840 apud
945 799 1023 826 nos
1050 798 1220 838 quoque
1252 783 1524 825 libertatem:
1558 782 1634 823 sed
1657 781 1851 823 seruiant

75 850 249 894 interim
271 850 326 892 ad
348 849 429 892 Dei
452 849 637 903 gloriam
661 853 705 893 et
727 850 911 893 salutem
936 849 1178 892 animarum
1201 848 1372 898 Hallae,
1397 847 1552 889 missas
1576 846 1847 896 celebrando,

78 915 385 966 concionando,
429 915 723 957 confessiones
766 915 1033 969 excipiendO.
1098 914 1253 967 Neque
1293 912 1529 954 meruimus
1560 911 1624 954 ita
1655 925 1847 965 prorsus,

75 983 124 1024 ut
163 983 382 1036 putamus,
424 980 603 1023 destitui
645 994 777 1034 opera
810 979 1056 1030 Societatis,
1099 992 1239 1032 neque
1272 978 1488 1020 credimus
1520 977 1627 1027 fore,
1670 980 1719 1019 ut
1751 990 1847 1018 cum

77 1046 174 1100 alijs
217 1046 262 1088 in
306 1045 477 1088 domino
521 1045 722 1088 iuuandis
762 1045 947 1087 libenter
988 1044 1252 1093 inseruiatis,
1298 1045 1389 1085 tam
1431 1056 1585 1084 seuere
1626 1041 1848 1083 nobiscum

76 1111 233 1164 agatis,
297 1112 467 1154 Extant
498 1110 622 1153 nobis
655 1111 810 1153 literae
841 1111 887 1153 P.
923 1110 1163 1160 Generalis,
1198 1109 1352 1163 quibus
1384 1110 1613 1162 paternam
1647 1110 1692 1150 et
1723 1106 1849 1161 spiri-

75 1176 240 1220 tualem
282 1190 406 1231 opem
450 1178 582 1229 atque
624 1176 964 1218 consolationem
999 1190 1025 1217 a
1058 1175 1278 1218 Societate
1320 1173 1443 1216 nobis
1485 1187 1570 1215 non
1603 1172 1851 1215 defuturam

76 1242 347 1297 pollicetur2.
411 1241 671 1295 Priusquam
712 1255 815 1283 uero
858 1255 1085 1283 careamus
1127 1254 1260 1294 opera
1293 1242 1455 1288 uestra,
1499 1238 1661 1280 amicos
1703 1251 1852 1279 omnes

76 1307 282 1350 libentius
322 1306 650 1360 relinquemus&
714 1306 808 1348 Nec
848 1306 955 1349 uitio
998 1305 1109 1348 uerti
1151 1304 1276 1347 nobis
1317 1306 1483 1358 potest,
1530 1303 1644 1356 quod
1687 1302 1730 1344 in
1771 1302 1853 1344 hac

77 1375 203 1416 tanta
224 1373 435 1414 bonorum
453 1372 748 1414 ministrorum
769 1371 883 1426 apud
902 1372 1143 1413 Germanos
1160 1369 1355 1425 penuria,
1379 1372 1424 1412 et
1441 1369 1612 1423 publica
1629 1367 1854 1410 Ecclesiae

77 1438 354 1490 necessitate,
389 1437 690 1491 confugiamus
720 1437 775 1479 ad
798 1451 888 1487 UOS‚
923 1439 967 1479 et
990 1450 1085 1478 cum
1109 1435 1232 1490 alijsd
1264 1434 1565 1477 sacerdotibus
1588 1433 1854 1475 secularibus

77 1503 210 1546 fidere
235 1517 320 1545 non
354 1502 568 1557 possimus
582 1503 612 1553 3,
645 1505 795 1545 uestra
828 1501 1069 1544 ministeria
1097 1500 1382 1554 requiramus
1427 1499 1688 1542 Confidimus
1718 1498 1854 1552 igitur

77 1571 122 1611 et
154 1583 372 1622 rogamus,
408 1571 457 1612 ut
488 1568 644 1610 missas
676 1567 852 1611 faciatis
877 1567 1172 1617 difficultates,
1208 1569 1252 1609 et
1275 1565 1529 1608 necessitati
1551 1568 1728 1607 nostrae
1752 1578 1854 1605 con-

77 1634 245 1685 sulatiS,
288 1647 428 1687 neque
473 1633 685 1676 recusetis
727 1633 912 1675 Domum
957 1632 1234 1674 Nouitiorum
1279 1646 1305 1674 a
1349 1631 1473 1673 nobis
1516 1629 1699 1681 institui,
1742 1629 1855 1671 unde

77 1699 298 1742 ministros
331 1699 499 1752 aliquot
531 1702 576 1742 et
609 1699 832 1753 operarios
864 1698 907 1739 in
940 1698 1103 1753 templo
1136 1700 1287 1739 nostro
1322 1710 1433 1738 nouo
1467 1696 1718 1738 habeamus.

198 1772 318 1813 Haec
360 1776 612 1826 arqumenta
646 1772 836 1826 Reyinae
878 1771 968 1812 suis
1011 1771 1194 1811 maxime
1226 1770 1396 1823 scriptis
1428 1772 1591 1823 urqent,
1635 1766 1856 1822 uerbisque

75 1838 275 1892 pluribus
302 1842 644 1892 prosequuntur:
676 1851 749 1878 nec
780 1836 908 1877 ualde
941 1840 1165 1887 mouentur
1198 1834 1435 1876 rationibus
1467 1834 1637 1885 nostris,
1671 1847 1778 1887 quae
1802 1832 1853 1873 ab

79 1900 366 1955 [in]s†[itu2{]i
398 1903 534 1943 nostri
566 1903 731 1944 ratione
763 1906 800 1944 et
832 1901 1083 1956 obliqatione
1116 1898 1384 1955 petzmmr0.“

197 1983 291 2018 Num
311 1983 477 2018 canisius
503 1995 549 2017 ex
566 1983 807 2027 Magdalenae
834 1984 870 2017 et
890 1981 1049 2016 Helenae
1075 1981 1209 2015 litteris
1228 1981 1306 2026 ipsa
1325 1991 1447 2015 earum
1465 1979 1578 2014 verba
1595 1977 1855 2023 transcripsit?

79 2036 250 2081 Reginae,
276 2037 336 2071 vel
362 2036 482 2082 potius
508 2036 725 2081 Magdalena
751 2047 815 2070 suo
843 2037 879 2069 et
904 2046 1066 2069 sororum
1092 2035 1245 2076 nomine,
1281 2033 1487 2077 germanice
1513 2032 1720 2067 scribebant
1746 2031 1855 2065 etiam

78 2091 168 2136 ipsis
201 2090 418 2136 praepositis
453 2089 646 2125 Societatis
681 2089 912 2134 generalibus
950 2088 1011 2132 (cf.
1042 2089 1131 2123 Can.
1162 2088 1209 2122 [V
1242 2088 1311 2123 949
1347 2087 1446 2131 950).
1506 2086 1654 2120 Duabus
1690 2084 1856 2130 epistulis

79 2144 284 2188 germanice
311 2144 354 2178 ad
375 2143 538 2178 Lainium
566 2144 660 2178 datis
687 2143 766 2188 ipsa
785 2142 1003 2187 Magdalena
1030 2142 1232 2176 versionem
1260 2141 1410 2176 latinam
1429 2140 1695 2183 adiungendam
1713 2138 1856 2172 curavit

84 2198 190 2241 (Can.
217 2197 268 2232 IV
293 2198 362 2232 949
389 2197 495 2241 950);
531 2199 569 2231 at
596 2197 761 2231 Canisius
791 2196 997 2241 germanice
1023 2196 1170 2230 sciebat.
1225 2195 1343 2237 Quare
1370 2205 1449 2228 eam
1475 2205 1540 2228 suo
1565 2192 1770 2236 sororisque
1796 2203 1854 2225 no-

80 2251 175 2285 mine
202 2250 345 2286 Canisio
370 2250 576 2295 germanice
611 2250 811 2296 scripsisse,
847 2250 942 2284 hunc
968 2251 1091 2284 autem
1117 2249 1195 2283 eius
1220 2248 1332 2282 verba
1357 2247 1468 2281 latine
1494 2246 1692 2281 reddidisse
1719 2245 1855 2290 opinor.

82 2378 235 2415 1550.
335 2379 555 2414 CANISIUS
583 2377 851 2415 SANGTO
880 2375 1272 2414 FRANGISGO
1300 2372 1620 2411 B‹)RG1AE
1653 2373 1858 2418 praeposito

271 2433 432 2477 generali
458 2432 651 2468 Societatis
678 2433 771 2467 Iesu.
1158 2430 1358 2475 Oeniponte
1385 2429 1441 2463 22.
1470 2427 1679 2462 Decembris
1708 2426 1810 2462 1567.

202 2503 258 2538 Ex
283 2503 481 2549 archetypo
509 2504 588 2548 (2⁰;
617 2505 637 2538 5
664 2515 743 2549 pp.;
771 2504 807 2538 in
833 2516 866 2549 p.
887 2505 907 2539 6
934 2502 1070 2547 insen),
1104 2502 1223 2538 Germ.
1247 2502 1314 2537 183
1341 2513 1374 2536 n.
1402 2501 1471 2535 222
1500 2500 1540 2544 (f.
1568 2499 1637 2535 342
1664 2499 1732 2534 343
1759 2498 1857 2543 344).

83 2556 250 2592 Canisius
288 2569 354 2592 sua
389 2569 496 2592 manu
534 2558 677 2593 litteras
713 2558 921 2592 emendavit
959 2557 1075 2601 iisque
1113 2567 1243 2590 nomen
1281 2554 1474 2598 („Seruus“
1506 2553 1590 2597 etc.)
1632 2552 1859 2598 subscripsit.

84 2610 232 2645 Litteris
262 2610 319 2645 usi
344 2614 429 2646 sunt
454 2613 581 2654 Boero,
610 2611 696 2645 Can.
723 2610 912 2645 326—327
943 2610 1020 2655 (qui
1047 2621 1109 2644 eas
1139 2608 1425 2653 „autographas“
1456 2607 1574 2641 minus
1600 2609 1699 2641 recte
1726 2605 1860 2650 vocat),

84 2666 120 2698 et
146 2665 272 2708 Κνϋ33,
299 2663 385 2699 Can.
408 2664 486 2699 181.

204 2740 231 2772 a)
263 2741 335 2766 Tria
361 2749 404 2766 vv.
424 2748 483 2773 sqq.
504 2741 540 2765 ab
566 2741 629 2773 ipso
650 2741 679 2766 C.
698 2749 792 2772 supra
821 2748 935 2765 versum
955 2739 1066 2771 scripta
1086 2742 1162 2764 suan.
1256 2736 1286 2769 h)
1317 2739 1353 2763 In
1379 2746 1423 2769 ep.
1445 2738 1474 2762 C.
1494 2744 1570 2762 corr.
1597 2744 1633 2761 ex
1662 2735 1862 2768 magnificam.

84 2782 110 2813 c)
140 2783 176 2807 In
205 2790 248 2814 ep.
279 2783 308 2808 C.
337 2790 411 2807 corr.
441 2790 478 2807 ex
506 2781 760 2815 relinqueremus.
853 2780 884 2813 d)
914 2782 979 2806 Duo
1009 2788 1051 2806 vv.
1080 2788 1139 2812 sqq.
1167 2781 1202 2805 ab
1232 2780 1296 2812 ipso
1324 2781 1353 2805 C.
1378 2787 1473 2811 supra
1502 2786 1619 2803 versum
1645 2779 1757 2809 scripta
1783 2780 1860 2803 sunt.

84 2824 112 2855 e)
134 2824 273 2856 Sequitur
293 2823 434 2855 maxime,
454 2824 544 2849 omitt.

208 2920 217 2939 ¹
243 2918 492 2954 Maximiliano
520 2919 564 2953 ΙΙ.
591 2919 820 2964 imperatore,
847 2916 1075 2952 Ferdinando
1101 2916 1146 2952 II.
1174 2918 1211 2951 et
1238 2915 1366 2951 Carolo
1392 2915 1660 2950 archiducibus.

205 2973 218 2993 ²
244 2973 294 3006 At
319 2984 354 3007 v.
381 2984 415 3016 g.
434 2973 586 3007 Iacobus
604 2974 763 3007 Lamias
788 2970 1017 3016 praepositus
1043 2969 1226 3013 generalis
1252 2969 1384 3003 litteris
1411 2969 1524 3003 Roma
1543 2968 1574 3003 2.
1594 2967 1753 3002 ianuarii
1773 2967 1863 3002 1565

86 3026 181 3061 datis
207 3037 310 3060 omne
333 3026 543 3071 obsequium
566 3026 741 3069 „Nostrae
759 3024 981 3059 Professioni
999 3023 1202 3058 conform&
1224 3022 1313 3068 ipsis
1332 3022 1548 3068 promiserat
1566 3021 1675 3065 (Can.
1695 3020 1746 3055 IV
1765 3020 1863 3064 949).

207 3081 219 3099 ³
245 3079 337 3115 Vide
366 3080 454 3114 Can.
480 3079 531 3114 IV
557 3080 653 3121 949¹,
681 3081 717 3113 et
742 3090 852 3124 supra
878 3090 911 3123 p.
940 3078 986 3112 72.
