<?xml version="1.0" encoding="UTF-8"?>
<!DOCTYPE html PUBLIC "-//W3C//DTD XHTML 1.0 Transitional//EN"
    "http://www.w3.org/TR/xhtml1/DTD/xhtml1-transitional.dtd">
<html xmlns="http://www.w3.org/1999/xhtml" xml:lang="en" lang="en">
 <head>
  <title>
</title>
<meta http-equiv="Content-Type" content="text/html;charset=utf-8" />
  <meta name='ocr-system' content='tesseract 3.04.00' />
  <meta name='ocr-capabilities' content='ocr_page ocr_carea ocr_par ocr_line ocrx_word'/>
</head>
<body>
  <div class='ocr_page' id='page_1' title='image "beatipetricanisi06cani_0401.png"; bbox 0 0 2044 3335; ppageno 0'>
   <div class='ocr_carea' id='block_1_1' title="bbox 762 88 1867 129">
    <p class='ocr_par' dir='ltr' id='par_1_1' title="bbox 762 88 1867 129">
     <span class='ocr_line' id='line_1_1' title="bbox 762 88 1867 129; baseline 0.005 -5"><span class='ocrx_word' id='word_1_1' title='bbox 762 90 874 124; x_wconf 86' lang='lat' dir='ltr'>Roma</span> <span class='ocrx_word' id='word_1_2' title='bbox 902 89 956 124; x_wconf 88' lang='lat'>15.</span> <span class='ocrx_word' id='word_1_3' title='bbox 975 89 1066 124; x_wconf 90' lang='lat' dir='ltr'>Iunii</span> <span class='ocrx_word' id='word_1_4' title='bbox 1088 88 1189 124; x_wconf 84' lang='lat'><strong>1569.</strong></span> <span class='ocrx_word' id='word_1_5' title='bbox 1783 89 1867 129; x_wconf 77' lang='grc'>327</span> 
     </span>
    </p>
   </div>
   <div class='ocr_carea' id='block_1_2' title="bbox 96 205 1878 2612">
    <p class='ocr_par' dir='ltr' id='par_1_2' title="bbox 96 205 1874 1360">
     <span class='ocr_line' id='line_1_2' title="bbox 98 205 1870 266; baseline -0.004 -12"><span class='ocrx_word' id='word_1_6' title='bbox 98 214 252 266; x_wconf 87' lang='lat' dir='ltr'>questo</span> <span class='ocrx_word' id='word_1_7' title='bbox 285 224 402 266; x_wconf 85' lang='lat' dir='ltr'>peso,</span> <span class='ocrx_word' id='word_1_8' title='bbox 436 210 678 252; x_wconf 71' lang='lat' dir='ltr'>solamente</span> <span class='ocrx_word' id='word_1_9' title='bbox 710 209 740 250; x_wconf 91' lang='lat' dir='ltr'>li</span> <span class='ocrx_word' id='word_1_10' title='bbox 763 209 856 250; x_wconf 83' lang='lat' dir='ltr'>diro</span> <span class='ocrx_word' id='word_1_11' title='bbox 880 209 945 251; x_wconf 81' lang='lat' dir='ltr'>ch’</span> <span class='ocrx_word' id='word_1_12' title='bbox 966 212 988 251; x_wconf 84' lang='grc'>6</span> <span class='ocrx_word' id='word_1_13' title='bbox 1010 211 1129 252; x_wconf 87' lang='lat' dir='ltr'>stato</span> <span class='ocrx_word' id='word_1_14' title='bbox 1152 222 1230 250; x_wconf 93' lang='lat' dir='ltr'>con</span> <span class='ocrx_word' id='word_1_15' title='bbox 1254 208 1391 250; x_wconf 89' lang='lat' dir='ltr'>molta</span> <span class='ocrx_word' id='word_1_16' title='bbox 1412 209 1563 250; x_wconf 86' lang='lat' dir='ltr'>nostra</span> <span class='ocrx_word' id='word_1_17' title='bbox 1586 205 1870 248; x_wconf 82' lang='lat' dir='ltr'>sodisfatione</span> 
     </span>
     <span class='ocr_line' id='line_1_3' title="bbox 98 271 1870 327; baseline -0.005 -8"><span class='ocrx_word' id='word_1_18' title='bbox 98 280 143 319; x_wconf 89' lang='lat' dir='ltr'>et</span> <span class='ocrx_word' id='word_1_19' title='bbox 175 275 459 325; x_wconf 86' lang='lat' dir='ltr'>edificatione,</span> <span class='ocrx_word' id='word_1_20' title='bbox 503 288 623 317; x_wconf 87' lang='lat' dir='ltr'>come</span> <span class='ocrx_word' id='word_1_21' title='bbox 665 273 802 316; x_wconf 88' lang='lat' dir='ltr'>anche</span> <span class='ocrx_word' id='word_1_22' title='bbox 843 274 873 315; x_wconf 91' lang='lat' dir='ltr'>il</span> <span class='ocrx_word' id='word_1_23' title='bbox 915 274 1042 315; x_wconf 91' lang='lat' dir='ltr'>modo</span> <span class='ocrx_word' id='word_1_24' title='bbox 1075 272 1127 314; x_wconf 88' lang='lat' dir='ltr'>di</span> <span class='ocrx_word' id='word_1_25' title='bbox 1149 273 1344 327; x_wconf 89' lang='lat' dir='ltr'>portarlo</span> <span class='ocrx_word' id='word_1_26' title='bbox 1380 273 1446 314; x_wconf 80' lang='lat'><strong>14.</strong></span> <span class='ocrx_word' id='word_1_27' title='bbox 1472 271 1587 321; x_wconf 88' lang='lat' dir='ltr'>anni,</span> <span class='ocrx_word' id='word_1_28' title='bbox 1631 284 1712 312; x_wconf 89' lang='lat' dir='ltr'>con</span> <span class='ocrx_word' id='word_1_29' title='bbox 1743 272 1870 312; x_wconf 91' lang='lat' dir='ltr'>tanta</span> 
     </span>
     <span class='ocr_line' id='line_1_4' title="bbox 97 334 1870 396; baseline -0.005 -12"><span class='ocrx_word' id='word_1_30' title='bbox 97 341 310 396; x_wconf 86' lang='lat' dir='ltr'>patientia</span> <span class='ocrx_word' id='word_1_31' title='bbox 330 341 427 382; x_wconf 87' lang='lat' dir='ltr'>nele</span> <span class='ocrx_word' id='word_1_32' title='bbox 461 339 663 382; x_wconf 74' lang='lat' dir='ltr'>continue</span> <span class='ocrx_word' id='word_1_33' title='bbox 694 338 858 381; x_wconf 79' lang='lat' dir='ltr'>fatiche</span> <span class='ocrx_word' id='word_1_34' title='bbox 891 339 960 380; x_wconf 85' lang='lat' dir='ltr'>del</span> <span class='ocrx_word' id='word_1_35' title='bbox 993 351 1185 391; x_wconf 86' lang='lat' dir='ltr'>gouerno</span> <span class='ocrx_word' id='word_1_36' title='bbox 1219 351 1348 379; x_wconf 88' lang='lat' dir='ltr'>senza</span> <span class='ocrx_word' id='word_1_37' title='bbox 1377 336 1536 379; x_wconf 90' lang='lat' dir='ltr'>lasciar</span> <span class='ocrx_word' id='word_1_38' title='bbox 1568 335 1598 377; x_wconf 94' lang='lat' dir='ltr'>li</span> <span class='ocrx_word' id='word_1_39' title='bbox 1620 334 1723 378; x_wconf 89' lang='lat' dir='ltr'>altri</span> <span class='ocrx_word' id='word_1_40' title='bbox 1744 334 1870 376; x_wconf 90' lang='lat' dir='ltr'>mini-</span> 
     </span>
     <span class='ocr_line' id='line_1_5' title="bbox 97 400 1872 460; baseline -0.003 -12"><span class='ocrx_word' id='word_1_41' title='bbox 97 406 219 460; x_wconf 70' lang='grc'>61611]</span> <span class='ocrx_word' id='word_1_42' title='bbox 251 405 414 460; x_wconf 85' lang='lat' dir='ltr'>proprij</span> <span class='ocrx_word' id='word_1_43' title='bbox 448 404 516 446; x_wconf 92' lang='lat' dir='ltr'>del</span> <span class='ocrx_word' id='word_1_44' title='bbox 549 405 698 446; x_wconf 85' lang='lat' dir='ltr'>nostro</span> <span class='ocrx_word' id='word_1_45' title='bbox 731 403 947 453; x_wconf 87' lang='lat' dir='ltr'>instituto,</span> <span class='ocrx_word' id='word_1_46' title='bbox 982 406 1026 445; x_wconf 88' lang='lat' dir='ltr'>et</span> <span class='ocrx_word' id='word_1_47' title='bbox 1058 417 1137 445; x_wconf 91' lang='lat' dir='ltr'>con</span> <span class='ocrx_word' id='word_1_48' title='bbox 1170 405 1296 444; x_wconf 91' lang='lat' dir='ltr'>tanto</span> <span class='ocrx_word' id='word_1_49' title='bbox 1329 403 1413 444; x_wconf 89' lang='lat' dir='ltr'>bon</span> <span class='ocrx_word' id='word_1_50' title='bbox 1446 402 1551 451; x_wconf 85' lang='lat' dir='ltr'>zelo,</span> <span class='ocrx_word' id='word_1_51' title='bbox 1584 400 1795 454; x_wconf 76' lang='lat' dir='ltr'>integrita</span> <span class='ocrx_word' id='word_1_52' title='bbox 1827 401 1872 442; x_wconf 87' lang='lat' dir='ltr'>et</span> 
     </span>
     <span class='ocr_line' id='line_1_6' title="bbox 98 465 1873 526; baseline -0.003 -13"><span class='ocrx_word' id='word_1_53' title='bbox 98 470 340 526; x_wconf 85' lang='lat' dir='ltr'>prudentia,</span> <span class='ocrx_word' id='word_1_54' title='bbox 375 470 414 512; x_wconf 92' lang='lat' dir='ltr'>ci</span> <span class='ocrx_word' id='word_1_55' title='bbox 445 470 615 512; x_wconf 88' lang='lat' dir='ltr'>haueua</span> <span class='ocrx_word' id='word_1_56' title='bbox 647 469 704 511; x_wconf 89' lang='lat' dir='ltr'>ali</span> <span class='ocrx_word' id='word_1_57' title='bbox 738 468 823 510; x_wconf 88' lang='lat' dir='ltr'>mei</span> <span class='ocrx_word' id='word_1_58' title='bbox 853 466 1153 522; x_wconf 79' lang='lat' dir='ltr'>predecessori</span> <span class='ocrx_word' id='word_1_59' title='bbox 1185 469 1230 509; x_wconf 90' lang='lat' dir='ltr'>et</span> <span class='ocrx_word' id='word_1_60' title='bbox 1262 469 1287 508; x_wconf 88' lang='grc'>6</span> <span class='ocrx_word' id='word_1_61' title='bbox 1320 480 1388 508; x_wconf 89' lang='grc'>016</span> <span class='ocrx_word' id='word_1_62' title='bbox 1415 467 1549 509; x_wconf 91' lang='lat' dir='ltr'>molto</span> <span class='ocrx_word' id='word_1_63' title='bbox 1582 465 1794 507; x_wconf 86' lang='lat' dir='ltr'>sodisfato</span> <span class='ocrx_word' id='word_1_64' title='bbox 1828 467 1873 507; x_wconf 88' lang='lat' dir='ltr'>et</span> 
     </span>
     <span class='ocr_line' id='line_1_7' title="bbox 98 529 1873 589; baseline -0.004 -10"><span class='ocrx_word' id='word_1_65' title='bbox 98 536 311 587; x_wconf 87' lang='lat' dir='ltr'>edificato‚</span> <span class='ocrx_word' id='word_1_66' title='bbox 346 538 391 578; x_wconf 90' lang='lat' dir='ltr'>et</span> <span class='ocrx_word' id='word_1_67' title='bbox 413 538 694 589; x_wconf 73' lang='lat' dir='ltr'>quantunque</span> <span class='ocrx_word' id='word_1_68' title='bbox 717 534 745 575; x_wconf 94' lang='lat' dir='ltr'>il</span> <span class='ocrx_word' id='word_1_69' title='bbox 769 548 881 575; x_wconf 91' lang='lat' dir='ltr'>nouo</span> <span class='ocrx_word' id='word_1_70' title='bbox 905 533 1177 575; x_wconf 83' lang='lat' dir='ltr'>Prouinciale</span> <span class='ocrx_word' id='word_1_71' title='bbox 1204 534 1248 574; x_wconf 93' lang='lat' dir='ltr'>et</span> <span class='ocrx_word' id='word_1_72' title='bbox 1272 532 1373 574; x_wconf 89' lang='lat' dir='ltr'>altri</span> <span class='ocrx_word' id='word_1_73' title='bbox 1394 532 1501 574; x_wconf 85' lang='lat' dir='ltr'>tutti</span> <span class='ocrx_word' id='word_1_74' title='bbox 1523 531 1622 573; x_wconf 92' lang='lat' dir='ltr'>dela</span> <span class='ocrx_word' id='word_1_75' title='bbox 1643 529 1873 573; x_wconf 88' lang='lat' dir='ltr'>Prouincia</span> 
     </span>
     <span class='ocr_line' id='line_1_8' title="bbox 97 596 1873 651; baseline -0.003 -8"><span class='ocrx_word' id='word_1_76' title='bbox 97 616 177 644; x_wconf 86' lang='lat' dir='ltr'>sua</span> <span class='ocrx_word' id='word_1_77' title='bbox 209 603 254 643; x_wconf 88' lang='lat' dir='ltr'>et</span> <span class='ocrx_word' id='word_1_78' title='bbox 286 601 397 643; x_wconf 89' lang='lat' dir='ltr'>delle</span> <span class='ocrx_word' id='word_1_79' title='bbox 426 600 566 642; x_wconf 89' lang='lat' dir='ltr'>uicine</span> <span class='ocrx_word' id='word_1_80' title='bbox 598 599 785 641; x_wconf 89' lang='lat' dir='ltr'>habbino</span> <span class='ocrx_word' id='word_1_81' title='bbox 809 601 835 640; x_wconf 88' lang='grc'>6</span> <span class='ocrx_word' id='word_1_82' title='bbox 867 601 992 641; x_wconf 88' lang='lat' dir='ltr'>tener</span> <span class='ocrx_word' id='word_1_83' title='bbox 1024 598 1078 641; x_wconf 91' lang='lat' dir='ltr'>V.</span> <span class='ocrx_word' id='word_1_84' title='bbox 1111 597 1161 640; x_wconf 81' lang='lat' dir='ltr'>R.</span> <span class='ocrx_word' id='word_1_85' title='bbox 1195 611 1274 651; x_wconf 90' lang='lat' dir='ltr'>per</span> <span class='ocrx_word' id='word_1_86' title='bbox 1305 597 1446 638; x_wconf 89' lang='lat' dir='ltr'>Padre</span> <span class='ocrx_word' id='word_1_87' title='bbox 1489 599 1534 638; x_wconf 91' lang='lat' dir='ltr'>et</span> <span class='ocrx_word' id='word_1_88' title='bbox 1573 596 1708 639; x_wconf 88' lang='lat' dir='ltr'>molto</span> <span class='ocrx_word' id='word_1_89' title='bbox 1740 596 1873 637; x_wconf 90' lang='lat' dir='ltr'>bene-</span> 
     </span>
     <span class='ocr_line' id='line_1_9' title="bbox 98 660 1873 717; baseline -0.003 -9"><span class='ocrx_word' id='word_1_90' title='bbox 98 666 252 709; x_wconf 86' lang='lat' dir='ltr'>merito</span> <span class='ocrx_word' id='word_1_91' title='bbox 296 666 337 707; x_wconf 92' lang='lat' dir='ltr'>di</span> <span class='ocrx_word' id='word_1_92' title='bbox 378 666 469 707; x_wconf 89' lang='lat' dir='ltr'>loro</span> <span class='ocrx_word' id='word_1_93' title='bbox 512 667 557 707; x_wconf 90' lang='lat' dir='ltr'>et</span> <span class='ocrx_word' id='word_1_94' title='bbox 589 665 641 706; x_wconf 91' lang='lat' dir='ltr'>de</span> <span class='ocrx_word' id='word_1_95' title='bbox 678 666 797 706; x_wconf 85' lang='lat' dir='ltr'>tutta</span> <span class='ocrx_word' id='word_1_96' title='bbox 829 664 872 705; x_wconf 94' lang='grc'>16</span> <span class='ocrx_word' id='word_1_97' title='bbox 905 662 1172 717; x_wconf 83' lang='lat' dir='ltr'>Compagnia</span> <span class='ocrx_word' id='word_1_98' title='bbox 1203 664 1376 712; x_wconf 83' lang='lat' dir='ltr'>nostra,</span> <span class='ocrx_word' id='word_1_99' title='bbox 1419 661 1732 715; x_wconf 86' lang='lat' dir='ltr'>specialmente</span> <span class='ocrx_word' id='word_1_100' title='bbox 1773 660 1873 702; x_wconf 90' lang='grc'>11616</span> 
     </span>
     <span class='ocr_line' id='line_1_10' title="bbox 98 725 1873 782; baseline -0.005 -7"><span class='ocrx_word' id='word_1_101' title='bbox 98 731 344 781; x_wconf 80' lang='lat' dir='ltr'>Germania,</span> <span class='ocrx_word' id='word_1_102' title='bbox 378 730 571 774; x_wconf 87' lang='lat' dir='ltr'>tuttauia</span> <span class='ocrx_word' id='word_1_103' title='bbox 593 730 631 771; x_wconf 90' lang='lat' dir='ltr'>ci</span> <span class='ocrx_word' id='word_1_104' title='bbox 663 729 800 771; x_wconf 87' lang='lat' dir='ltr'>siamo</span> <span class='ocrx_word' id='word_1_105' title='bbox 832 728 1060 782; x_wconf 85' lang='lat' dir='ltr'>rallegrati</span> <span class='ocrx_word' id='word_1_106' title='bbox 1083 728 1124 769; x_wconf 94' lang='lat' dir='ltr'>di</span> <span class='ocrx_word' id='word_1_107' title='bbox 1147 727 1281 769; x_wconf 89' lang='lat' dir='ltr'>ueder</span> <span class='ocrx_word' id='word_1_108' title='bbox 1302 727 1346 769; x_wconf 90' lang='grc'>16</span> <span class='ocrx_word' id='word_1_109' title='bbox 1367 730 1601 781; x_wconf 87' lang='lat' dir='ltr'>prontezza</span> <span class='ocrx_word' id='word_1_110' title='bbox 1623 729 1667 768; x_wconf 92' lang='lat' dir='ltr'>et</span> <span class='ocrx_word' id='word_1_111' title='bbox 1688 725 1873 768; x_wconf 78' lang='lat' dir='ltr'>humilta</span> 
     </span>
     <span class='ocr_line' id='line_1_11' title="bbox 98 790 1872 849; baseline -0.004 -11"><span class='ocrx_word' id='word_1_112' title='bbox 98 811 178 839; x_wconf 89' lang='lat' dir='ltr'>con</span> <span class='ocrx_word' id='word_1_113' title='bbox 200 797 243 838; x_wconf 88' lang='lat' dir='ltr'>la</span> <span class='ocrx_word' id='word_1_114' title='bbox 266 796 392 849; x_wconf 89' lang='lat' dir='ltr'>quale</span> <span class='ocrx_word' id='word_1_115' title='bbox 417 795 467 840; x_wconf 90' lang='lat' dir='ltr'>V.</span> <span class='ocrx_word' id='word_1_116' title='bbox 484 796 534 838; x_wconf 82' lang='lat' dir='ltr'><strong>R.</strong></span> <span class='ocrx_word' id='word_1_117' title='bbox 552 794 747 837; x_wconf 84' lang='lat' dir='ltr'>offerisce</span> <span class='ocrx_word' id='word_1_118' title='bbox 768 795 812 836; x_wconf 95' lang='grc'>16</span> <span class='ocrx_word' id='word_1_119' title='bbox 834 808 913 836; x_wconf 88' lang='grc'>606</span> <span class='ocrx_word' id='word_1_120' title='bbox 935 792 1181 835; x_wconf 82' lang='lat' dir='ltr'>obedientia</span> <span class='ocrx_word' id='word_1_121' title='bbox 1204 793 1244 834; x_wconf 90' lang='lat' dir='ltr'>al</span> <span class='ocrx_word' id='word_1_122' title='bbox 1269 806 1380 833; x_wconf 93' lang='lat' dir='ltr'>nouo</span> <span class='ocrx_word' id='word_1_123' title='bbox 1404 791 1690 840; x_wconf 85' lang='grc' dir='ltr'>Ρ10011101616,</span> <span class='ocrx_word' id='word_1_124' title='bbox 1713 790 1872 844; x_wconf 83' lang='lat' dir='ltr'>perche</span> 
     </span>
     <span class='ocr_line' id='line_1_12' title="bbox 97 855 1873 914; baseline -0.004 -10"><span class='ocrx_word' id='word_1_125' title='bbox 97 862 150 904; x_wconf 93' lang='lat' dir='ltr'>de</span> <span class='ocrx_word' id='word_1_126' title='bbox 182 861 262 904; x_wconf 85' lang='lat' dir='ltr'>tali</span> <span class='ocrx_word' id='word_1_127' title='bbox 294 860 457 914; x_wconf 88' lang='lat' dir='ltr'>esempi</span> <span class='ocrx_word' id='word_1_128' title='bbox 488 874 573 901; x_wconf 91' lang='lat' dir='ltr'>non</span> <span class='ocrx_word' id='word_1_129' title='bbox 606 874 690 914; x_wconf 91' lang='lat' dir='ltr'>puo</span> <span class='ocrx_word' id='word_1_130' title='bbox 725 873 869 901; x_wconf 87' lang='lat' dir='ltr'>essere</span> <span class='ocrx_word' id='word_1_131' title='bbox 903 859 980 900; x_wconf 90' lang='lat' dir='ltr'>che</span> <span class='ocrx_word' id='word_1_132' title='bbox 1012 872 1097 900; x_wconf 92' lang='lat' dir='ltr'>non</span> <span class='ocrx_word' id='word_1_133' title='bbox 1131 858 1166 899; x_wconf 91' lang='lat' dir='ltr'>si</span> <span class='ocrx_word' id='word_1_134' title='bbox 1194 857 1421 899; x_wconf 89' lang='lat' dir='ltr'>edifichino</span> <span class='ocrx_word' id='word_1_135' title='bbox 1445 857 1579 899; x_wconf 85' lang='lat' dir='ltr'>molto</span> <span class='ocrx_word' id='word_1_136' title='bbox 1602 856 1709 898; x_wconf 86' lang='lat' dir='ltr'>tutti</span> <span class='ocrx_word' id='word_1_137' title='bbox 1742 855 1873 909; x_wconf 90' lang='lat' dir='ltr'>quelli</span> 
     </span>
     <span class='ocr_line' id='line_1_13' title="bbox 97 921 1874 979; baseline -0.004 -10"><span class='ocrx_word' id='word_1_138' title='bbox 97 927 176 969; x_wconf 90' lang='lat' dir='ltr'>che</span> <span class='ocrx_word' id='word_1_139' title='bbox 208 941 286 969; x_wconf 89' lang='lat' dir='ltr'>son</span> <span class='ocrx_word' id='word_1_140' title='bbox 318 925 423 968; x_wconf 89' lang='lat' dir='ltr'>stati</span> <span class='ocrx_word' id='word_1_141' title='bbox 455 928 580 968; x_wconf 91' lang='lat' dir='ltr'>tanto</span> <span class='ocrx_word' id='word_1_142' title='bbox 612 927 758 979; x_wconf 88' lang='lat' dir='ltr'>tempo</span> <span class='ocrx_word' id='word_1_143' title='bbox 792 927 908 967; x_wconf 87' lang='lat' dir='ltr'>sotto</span> <span class='ocrx_word' id='word_1_144' title='bbox 941 924 985 966; x_wconf 91' lang='lat' dir='ltr'>la</span> <span class='ocrx_word' id='word_1_145' title='bbox 1017 923 1263 965; x_wconf 87' lang='lat' dir='ltr'>obedientia</span> <span class='ocrx_word' id='word_1_146' title='bbox 1296 922 1338 964; x_wconf 91' lang='lat' dir='ltr'>di</span> <span class='ocrx_word' id='word_1_147' title='bbox 1360 922 1412 964; x_wconf 93' lang='lat' dir='ltr'>V.</span> <span class='ocrx_word' id='word_1_148' title='bbox 1436 922 1488 964; x_wconf 81' lang='lat' dir='ltr'><strong>R.</strong></span> <span class='ocrx_word' id='word_1_149' title='bbox 1514 924 1558 964; x_wconf 93' lang='lat' dir='ltr'>et</span> <span class='ocrx_word' id='word_1_150' title='bbox 1583 923 1708 964; x_wconf 86' lang='lat' dir='ltr'>tanto</span> <span class='ocrx_word' id='word_1_151' title='bbox 1742 921 1815 975; x_wconf 84' lang='lat' dir='ltr'>piu</span> <span class='ocrx_word' id='word_1_152' title='bbox 1837 921 1874 963; x_wconf 88' lang='lat' dir='ltr'>si</span> 
     </span>
     <span class='ocr_line' id='line_1_14' title="bbox 98 986 1874 1041; baseline -0.003 -7"><span class='ocrx_word' id='word_1_153' title='bbox 98 991 363 1034; x_wconf 88' lang='lat' dir='ltr'>confermino</span> <span class='ocrx_word' id='word_1_154' title='bbox 386 990 484 1032; x_wconf 87' lang='grc'>0616</span> <span class='ocrx_word' id='word_1_155' title='bbox 514 990 627 1031; x_wconf 88' lang='grc'>11006</span> <span class='ocrx_word' id='word_1_156' title='bbox 649 990 830 1032; x_wconf 79' lang='lat' dir='ltr'>uolunta</span> <span class='ocrx_word' id='word_1_157' title='bbox 854 989 931 1031; x_wconf 88' lang='lat' dir='ltr'>che</span> <span class='ocrx_word' id='word_1_158' title='bbox 953 989 1096 1031; x_wconf 89' lang='lat' dir='ltr'>hanno</span> <span class='ocrx_word' id='word_1_159' title='bbox 1122 987 1164 1030; x_wconf 93' lang='lat' dir='ltr'>di</span> <span class='ocrx_word' id='word_1_160' title='bbox 1187 987 1360 1030; x_wconf 89' lang='lat' dir='ltr'>obedire</span> <span class='ocrx_word' id='word_1_161' title='bbox 1384 1001 1462 1029; x_wconf 91' lang='lat' dir='ltr'>con</span> <span class='ocrx_word' id='word_1_162' title='bbox 1487 987 1587 1040; x_wconf 85' lang='lat' dir='ltr'>ogni</span> <span class='ocrx_word' id='word_1_163' title='bbox 1610 986 1874 1041; x_wconf 84' lang='lat' dir='ltr'>perfettione</span> 
     </span>
     <span class='ocr_line' id='line_1_15' title="bbox 97 1051 1874 1110; baseline -0.003 -11"><span class='ocrx_word' id='word_1_164' title='bbox 97 1057 171 1099; x_wconf 88' lang='lat' dir='ltr'>alli</span> <span class='ocrx_word' id='word_1_165' title='bbox 205 1055 424 1110; x_wconf 85' lang='lat' dir='ltr'>Superiori</span> <span class='ocrx_word' id='word_1_166' title='bbox 456 1055 562 1104; x_wconf 89' lang='lat' dir='ltr'>suoi,</span> <span class='ocrx_word' id='word_1_167' title='bbox 606 1054 647 1096; x_wconf 90' lang='lat' dir='ltr'>di</span> <span class='ocrx_word' id='word_1_168' title='bbox 681 1057 766 1108; x_wconf 76' lang='lat' dir='ltr'>qua</span> <span class='ocrx_word' id='word_1_169' title='bbox 798 1054 959 1096; x_wconf 90' lang='lat' dir='ltr'>uedera</span> <span class='ocrx_word' id='word_1_170' title='bbox 982 1054 1034 1097; x_wconf 93' lang='lat' dir='ltr'>V.</span> <span class='ocrx_word' id='word_1_171' title='bbox 1058 1053 1110 1097; x_wconf 82' lang='lat' dir='ltr'>R.</span> <span class='ocrx_word' id='word_1_172' title='bbox 1143 1053 1222 1095; x_wconf 90' lang='lat' dir='ltr'>che</span> <span class='ocrx_word' id='word_1_173' title='bbox 1263 1066 1350 1095; x_wconf 91' lang='lat' dir='ltr'>non</span> <span class='ocrx_word' id='word_1_174' title='bbox 1391 1052 1604 1095; x_wconf 88' lang='lat' dir='ltr'>accadera</span> <span class='ocrx_word' id='word_1_175' title='bbox 1636 1051 1799 1106; x_wconf 89' lang='lat' dir='ltr'>aspetti</span> <span class='ocrx_word' id='word_1_176' title='bbox 1831 1051 1874 1093; x_wconf 91' lang='grc'>16</span> 
     </span>
     <span class='ocr_line' id='line_1_16' title="bbox 96 1117 1874 1177; baseline -0.003 -13"><span class='ocrx_word' id='word_1_177' title='bbox 96 1121 338 1177; x_wconf 82' lang='lat' dir='ltr'>penitentia</span> <span class='ocrx_word' id='word_1_178' title='bbox 380 1121 458 1163; x_wconf 90' lang='lat' dir='ltr'>che</span> <span class='ocrx_word' id='word_1_179' title='bbox 491 1120 694 1162; x_wconf 91' lang='lat' dir='ltr'>dimanda</span> <span class='ocrx_word' id='word_1_180' title='bbox 735 1134 812 1174; x_wconf 89' lang='lat' dir='ltr'>per</span> <span class='ocrx_word' id='word_1_181' title='bbox 853 1119 883 1161; x_wconf 89' lang='lat' dir='ltr'>li</span> <span class='ocrx_word' id='word_1_182' title='bbox 916 1118 1084 1162; x_wconf 83' lang='lat' dir='ltr'>deffetti</span> <span class='ocrx_word' id='word_1_183' title='bbox 1117 1118 1344 1160; x_wconf 89' lang='lat' dir='ltr'>commessi</span> <span class='ocrx_word' id='word_1_184' title='bbox 1378 1118 1477 1160; x_wconf 85' lang='lat' dir='ltr'>nell’</span> <span class='ocrx_word' id='word_1_185' title='bbox 1497 1117 1874 1160; x_wconf 85' lang='lat' dir='ltr'>administratione</span> 
     </span>
     <span class='ocr_line' id='line_1_17' title="bbox 97 1182 1874 1240; baseline -0.003 -11"><span class='ocrx_word' id='word_1_186' title='bbox 97 1187 167 1229; x_wconf 91' lang='lat' dir='ltr'>del</span> <span class='ocrx_word' id='word_1_187' title='bbox 200 1187 341 1229; x_wconf 81' lang='lat' dir='ltr'>officio</span> <span class='ocrx_word' id='word_1_188' title='bbox 374 1200 465 1229; x_wconf 88' lang='lat' dir='ltr'>suo.</span> <span class='ocrx_word' id='word_1_189' title='bbox 500 1186 596 1228; x_wconf 88' lang='lat' dir='ltr'>anzi</span> <span class='ocrx_word' id='word_1_190' title='bbox 628 1198 755 1240; x_wconf 87' lang='lat' dir='ltr'>spero</span> <span class='ocrx_word' id='word_1_191' title='bbox 788 1185 828 1227; x_wconf 87' lang='lat' dir='ltr'>io</span> <span class='ocrx_word' id='word_1_192' title='bbox 861 1185 905 1226; x_wconf 88' lang='lat' dir='ltr'>in</span> <span class='ocrx_word' id='word_1_193' title='bbox 927 1185 1008 1226; x_wconf 88' lang='lat' dir='ltr'>Dio</span> <span class='ocrx_word' id='word_1_194' title='bbox 1032 1184 1087 1227; x_wconf 89' lang='lat' dir='ltr'>N.</span> <span class='ocrx_word' id='word_1_195' title='bbox 1112 1184 1294 1237; x_wconf 81' lang='lat' dir='ltr'>Signore</span> <span class='ocrx_word' id='word_1_196' title='bbox 1327 1183 1356 1225; x_wconf 84' lang='lat' dir='ltr'>li</span> <span class='ocrx_word' id='word_1_197' title='bbox 1391 1183 1497 1225; x_wconf 86' lang='lat' dir='ltr'>dara</span> <span class='ocrx_word' id='word_1_198' title='bbox 1529 1183 1664 1225; x_wconf 85' lang='lat' dir='ltr'>molto</span> <span class='ocrx_word' id='word_1_199' title='bbox 1699 1182 1874 1236; x_wconf 88' lang='lat' dir='ltr'>copiosa</span> 
     </span>
     <span class='ocr_line' id='line_1_18' title="bbox 96 1247 1874 1303; baseline -0.003 -9"><span class='ocrx_word' id='word_1_200' title='bbox 96 1252 436 1294; x_wconf 89' lang='lat' dir='ltr'>rimuneratione</span> <span class='ocrx_word' id='word_1_201' title='bbox 469 1251 564 1293; x_wconf 90' lang='lat' dir='ltr'>dele</span> <span class='ocrx_word' id='word_1_202' title='bbox 596 1253 722 1292; x_wconf 88' lang='lat' dir='ltr'>sante</span> <span class='ocrx_word' id='word_1_203' title='bbox 765 1253 809 1293; x_wconf 92' lang='lat' dir='ltr'>et</span> <span class='ocrx_word' id='word_1_204' title='bbox 841 1250 1059 1293; x_wconf 80' lang='lat' dir='ltr'>fruttuose</span> <span class='ocrx_word' id='word_1_205' title='bbox 1100 1249 1263 1292; x_wconf 88' lang='lat' dir='ltr'>fatiche</span> <span class='ocrx_word' id='word_1_206' title='bbox 1305 1263 1383 1303; x_wconf 88' lang='lat' dir='ltr'>per</span> <span class='ocrx_word' id='word_1_207' title='bbox 1414 1262 1492 1290; x_wconf 87' lang='lat' dir='ltr'>suo</span> <span class='ocrx_word' id='word_1_208' title='bbox 1526 1247 1708 1290; x_wconf 86' lang='lat' dir='ltr'>seruicio</span> <span class='ocrx_word' id='word_1_209' title='bbox 1748 1261 1874 1302; x_wconf 87' lang='lat' dir='ltr'>prese</span> 
     </span>
     <span class='ocr_line' id='line_1_19' title="bbox 97 1316 773 1360; baseline -0.003 -1"><span class='ocrx_word' id='word_1_210' title='bbox 97 1318 196 1360; x_wconf 82' lang='lat' dir='ltr'>uela</span> <span class='ocrx_word' id='word_1_211' title='bbox 229 1318 351 1360; x_wconf 89' lang='lat' dir='ltr'>detta</span> <span class='ocrx_word' id='word_1_212' title='bbox 384 1316 773 1359; x_wconf 86' lang='lat' dir='ltr'>administratione.</span> 
     </span>
    </p>

    <p class='ocr_par' dir='ltr' id='par_1_3' title="bbox 97 1379 1875 1568">
     <span class='ocr_line' id='line_1_20' title="bbox 217 1379 1875 1425; baseline -0.003 0"><span class='ocrx_word' id='word_1_213' title='bbox 217 1383 297 1425; x_wconf 90' lang='lat' dir='ltr'>Del</span> <span class='ocrx_word' id='word_1_214' title='bbox 321 1383 468 1425; x_wconf 91' lang='lat' dir='ltr'>dottor</span> <span class='ocrx_word' id='word_1_215' title='bbox 490 1382 684 1424; x_wconf 89' lang='grc' dir='ltr'>Τ1101061</span> <span class='ocrx_word' id='word_1_216' title='bbox 717 1395 803 1423; x_wconf 92' lang='lat' dir='ltr'>non</span> <span class='ocrx_word' id='word_1_217' title='bbox 837 1381 997 1423; x_wconf 87' lang='lat' dir='ltr'>accade</span> <span class='ocrx_word' id='word_1_218' title='bbox 1030 1380 1194 1422; x_wconf 87' lang='lat' dir='ltr'>scriuer</span> <span class='ocrx_word' id='word_1_219' title='bbox 1226 1380 1339 1422; x_wconf 88' lang='lat' dir='ltr'>altro</span> <span class='ocrx_word' id='word_1_220' title='bbox 1362 1393 1415 1421; x_wconf 90' lang='grc'>06</span> <span class='ocrx_word' id='word_1_221' title='bbox 1439 1379 1577 1421; x_wconf 87' lang='lat' dir='ltr'>anche</span> <span class='ocrx_word' id='word_1_222' title='bbox 1601 1379 1670 1421; x_wconf 90' lang='lat' dir='ltr'>del</span> <span class='ocrx_word' id='word_1_223' title='bbox 1692 1379 1738 1421; x_wconf 89' lang='lat' dir='ltr'>P.</span> <span class='ocrx_word' id='word_1_224' title='bbox 1755 1379 1875 1421; x_wconf 89' lang='lat' dir='ltr'>Mar-</span> 
     </span>
     <span class='ocr_line' id='line_1_21' title="bbox 98 1444 1874 1491; baseline -0.003 0"><span class='ocrx_word' id='word_1_225' title='bbox 98 1448 189 1491; x_wconf 77' lang='lat' dir='ltr'>tino</span> <span class='ocrx_word' id='word_1_226' title='bbox 229 1447 515 1491; x_wconf 83' lang='lat' dir='ltr'>Steuordiano</span> <span class='ocrx_word' id='word_1_227' title='bbox 561 1449 587 1489; x_wconf 97' lang='grc'>6</span> <span class='ocrx_word' id='word_1_228' title='bbox 628 1447 680 1489; x_wconf 89' lang='lat' dir='ltr'>V.</span> <span class='ocrx_word' id='word_1_229' title='bbox 716 1446 766 1489; x_wconf 82' lang='lat' dir='ltr'><strong>R.</strong></span> <span class='ocrx_word' id='word_1_230' title='bbox 810 1460 943 1488; x_wconf 90' lang='lat' dir='ltr'>senon</span> <span class='ocrx_word' id='word_1_231' title='bbox 986 1446 1141 1488; x_wconf 86' lang='lat' dir='ltr'>laudar</span> <span class='ocrx_word' id='word_1_232' title='bbox 1184 1446 1211 1487; x_wconf 83' lang='grc' dir='ltr'><strong>Γ</strong></span> <span class='ocrx_word' id='word_1_233' title='bbox 1241 1445 1383 1487; x_wconf 87' lang='lat' dir='ltr'>officio</span> <span class='ocrx_word' id='word_1_234' title='bbox 1427 1445 1542 1487; x_wconf 85' lang='lat' dir='ltr'>fatto</span> <span class='ocrx_word' id='word_1_235' title='bbox 1587 1444 1760 1486; x_wconf 89' lang='lat' dir='ltr'>intorno</span> <span class='ocrx_word' id='word_1_236' title='bbox 1804 1445 1874 1486; x_wconf 88' lang='lat' dir='ltr'>ala</span> 
     </span>
     <span class='ocr_line' id='line_1_22' title="bbox 97 1509 1873 1568; baseline -0.002 -13"><span class='ocrx_word' id='word_1_237' title='bbox 97 1528 284 1568; x_wconf 87' lang='lat' dir='ltr'>persona</span> <span class='ocrx_word' id='word_1_238' title='bbox 317 1513 359 1555; x_wconf 91' lang='lat' dir='ltr'>di</span> <span class='ocrx_word' id='word_1_239' title='bbox 391 1527 487 1556; x_wconf 90' lang='grc'>6660</span> <span class='ocrx_word' id='word_1_240' title='bbox 511 1513 577 1554; x_wconf 91' lang='grc'>001</span> <span class='ocrx_word' id='word_1_241' title='bbox 601 1512 800 1566; x_wconf 85' lang='lat' dir='ltr'>Principe</span> <span class='ocrx_word' id='word_1_242' title='bbox 814 1513 843 1562; x_wconf 78' lang='lat'>2,</span> <span class='ocrx_word' id='word_1_243' title='bbox 878 1511 907 1553; x_wconf 88' lang='lat' dir='ltr'>il</span> <span class='ocrx_word' id='word_1_244' title='bbox 930 1514 1047 1554; x_wconf 89' lang='lat' dir='ltr'>resto</span> <span class='ocrx_word' id='word_1_245' title='bbox 1076 1511 1112 1552; x_wconf 91' lang='lat' dir='ltr'>si</span> <span class='ocrx_word' id='word_1_246' title='bbox 1145 1510 1339 1553; x_wconf 91' lang='lat' dir='ltr'>scriuera</span> <span class='ocrx_word' id='word_1_247' title='bbox 1361 1511 1402 1553; x_wconf 89' lang='lat' dir='ltr'>al</span> <span class='ocrx_word' id='word_1_248' title='bbox 1425 1525 1537 1552; x_wconf 91' lang='lat' dir='ltr'>nouo</span> <span class='ocrx_word' id='word_1_249' title='bbox 1561 1509 1832 1552; x_wconf 88' lang='lat' dir='ltr'>Prouinciale</span> <span class='ocrx_word' id='word_1_250' title='bbox 1845 1510 1873 1552; x_wconf 83' lang='lat'>3.</span> 
     </span>
    </p>

    <p class='ocr_par' dir='ltr' id='par_1_4' title="bbox 97 1575 1876 1829">
     <span class='ocr_line' id='line_1_23' title="bbox 217 1575 1876 1631; baseline -0.002 -11"><span class='ocrx_word' id='word_1_251' title='bbox 217 1579 271 1620; x_wconf 89' lang='lat' dir='ltr'>Di</span> <span class='ocrx_word' id='word_1_252' title='bbox 304 1578 435 1631; x_wconf 88' lang='lat' dir='ltr'>quelli</span> <span class='ocrx_word' id='word_1_253' title='bbox 467 1578 545 1620; x_wconf 90' lang='lat' dir='ltr'>che</span> <span class='ocrx_word' id='word_1_254' title='bbox 578 1578 629 1620; x_wconf 91' lang='lat' dir='ltr'>V.</span> <span class='ocrx_word' id='word_1_255' title='bbox 665 1578 714 1620; x_wconf 83' lang='lat' dir='ltr'><strong>R.</strong></span> <span class='ocrx_word' id='word_1_256' title='bbox 749 1580 876 1619; x_wconf 91' lang='lat' dir='ltr'>tocca</span> <span class='ocrx_word' id='word_1_257' title='bbox 908 1577 986 1618; x_wconf 90' lang='lat' dir='ltr'>che</span> <span class='ocrx_word' id='word_1_258' title='bbox 1023 1576 1223 1630; x_wconf 89' lang='lat' dir='ltr'>potriano</span> <span class='ocrx_word' id='word_1_259' title='bbox 1257 1575 1527 1630; x_wconf 87' lang='lat' dir='ltr'>promouersi</span> <span class='ocrx_word' id='word_1_260' title='bbox 1559 1575 1617 1617; x_wconf 88' lang='lat' dir='ltr'>ali</span> <span class='ocrx_word' id='word_1_261' title='bbox 1649 1575 1787 1628; x_wconf 81' lang='lat' dir='ltr'>gradi,</span> <span class='ocrx_word' id='word_1_262' title='bbox 1832 1577 1876 1617; x_wconf 91' lang='lat' dir='ltr'>et</span> 
     </span>
     <span class='ocr_line' id='line_1_24' title="bbox 98 1640 1874 1694; baseline -0.002 -8"><span class='ocrx_word' id='word_1_263' title='bbox 98 1644 166 1686; x_wconf 93' lang='lat' dir='ltr'>del</span> <span class='ocrx_word' id='word_1_264' title='bbox 198 1644 245 1687; x_wconf 92' lang='lat' dir='ltr'>P.</span> <span class='ocrx_word' id='word_1_265' title='bbox 270 1644 466 1694; x_wconf 77' lang='lat' dir='ltr'>Peltano,</span> <span class='ocrx_word' id='word_1_266' title='bbox 502 1646 546 1686; x_wconf 89' lang='lat' dir='ltr'>et</span> <span class='ocrx_word' id='word_1_267' title='bbox 578 1643 716 1685; x_wconf 88' lang='lat' dir='ltr'>anche</span> <span class='ocrx_word' id='word_1_268' title='bbox 750 1642 791 1684; x_wconf 87' lang='lat' dir='ltr'>di</span> <span class='ocrx_word' id='word_1_269' title='bbox 824 1642 1084 1685; x_wconf 81' lang='lat' dir='ltr'>christoforo</span> <span class='ocrx_word' id='word_1_270' title='bbox 1118 1655 1233 1692; x_wconf 80' lang='lat' dir='ltr'>coco,</span> <span class='ocrx_word' id='word_1_271' title='bbox 1270 1641 1305 1683; x_wconf 83' lang='lat' dir='ltr'>si</span> <span class='ocrx_word' id='word_1_272' title='bbox 1339 1641 1531 1683; x_wconf 85' lang='lat' dir='ltr'>scriuera</span> <span class='ocrx_word' id='word_1_273' title='bbox 1564 1641 1606 1682; x_wconf 91' lang='lat' dir='ltr'>al</span> <span class='ocrx_word' id='word_1_274' title='bbox 1638 1640 1874 1682; x_wconf 88' lang='lat' dir='ltr'>medesimo</span> 
     </span>
     <span class='ocr_line' id='line_1_25' title="bbox 97 1705 1874 1762; baseline -0.002 -11"><span class='ocrx_word' id='word_1_275' title='bbox 97 1709 143 1753; x_wconf 89' lang='lat' dir='ltr'>P.</span> <span class='ocrx_word' id='word_1_276' title='bbox 168 1709 332 1760; x_wconf 55' lang='lat' dir='ltr'>Paulo.</span> <span class='ocrx_word' id='word_1_277' title='bbox 353 1710 394 1751; x_wconf 88' lang='lat' dir='ltr'>al</span> <span class='ocrx_word' id='word_1_278' title='bbox 428 1709 527 1762; x_wconf 90' lang='lat' dir='ltr'>qual</span> <span class='ocrx_word' id='word_1_279' title='bbox 551 1708 684 1751; x_wconf 87' lang='lat' dir='ltr'>etiam</span> <span class='ocrx_word' id='word_1_280' title='bbox 717 1708 753 1750; x_wconf 87' lang='lat' dir='ltr'>si</span> <span class='ocrx_word' id='word_1_281' title='bbox 786 1708 979 1750; x_wconf 87' lang='lat' dir='ltr'>scriuera</span> <span class='ocrx_word' id='word_1_282' title='bbox 1013 1707 1091 1749; x_wconf 89' lang='lat' dir='ltr'>che</span> <span class='ocrx_word' id='word_1_283' title='bbox 1124 1720 1229 1761; x_wconf 90' lang='lat' dir='ltr'>pare</span> <span class='ocrx_word' id='word_1_284' title='bbox 1262 1706 1377 1749; x_wconf 89' lang='lat' dir='ltr'>basti</span> <span class='ocrx_word' id='word_1_285' title='bbox 1400 1721 1456 1748; x_wconf 86' lang='lat' dir='ltr'>un</span> <span class='ocrx_word' id='word_1_286' title='bbox 1488 1705 1737 1760; x_wconf 88' lang='lat' dir='ltr'>predicator</span> <span class='ocrx_word' id='word_1_287' title='bbox 1759 1705 1874 1747; x_wconf 89' lang='lat' dir='ltr'>ordi-</span> 
     </span>
     <span class='ocr_line' id='line_1_26' title="bbox 97 1774 562 1829; baseline -0.004 -12"><span class='ocrx_word' id='word_1_288' title='bbox 97 1774 220 1817; x_wconf 88' lang='lat' dir='ltr'>nario</span> <span class='ocrx_word' id='word_1_289' title='bbox 253 1789 331 1829; x_wconf 89' lang='lat' dir='ltr'>per</span> <span class='ocrx_word' id='word_1_290' title='bbox 362 1774 562 1828; x_wconf 83' lang='lat' dir='ltr'>Jspruch.</span> 
     </span>
    </p>

    <p class='ocr_par' dir='ltr' id='par_1_5' title="bbox 96 1836 1877 2090">
     <span class='ocr_line' id='line_1_27' title="bbox 216 1836 1876 1893; baseline -0.002 -12"><span class='ocrx_word' id='word_1_291' title='bbox 216 1840 302 1882; x_wconf 87' lang='lat' dir='ltr'>Che</span> <span class='ocrx_word' id='word_1_292' title='bbox 335 1839 371 1882; x_wconf 88' lang='lat' dir='ltr'>si</span> <span class='ocrx_word' id='word_1_293' title='bbox 394 1840 645 1882; x_wconf 88' lang='lat' dir='ltr'>contentino</span> <span class='ocrx_word' id='word_1_294' title='bbox 679 1838 810 1893; x_wconf 87' lang='lat' dir='ltr'>quelli</span> <span class='ocrx_word' id='word_1_295' title='bbox 834 1837 1006 1892; x_wconf 81' lang='lat' dir='ltr'>Signori</span> <span class='ocrx_word' id='word_1_296' title='bbox 1029 1838 1221 1891; x_wconf 83' lang='lat' dir='ltr'>Fuggeri</span> <span class='ocrx_word' id='word_1_297' title='bbox 1253 1838 1305 1880; x_wconf 92' lang='lat' dir='ltr'>de</span> <span class='ocrx_word' id='word_1_298' title='bbox 1338 1841 1433 1880; x_wconf 87' lang='lat' dir='ltr'>star</span> <span class='ocrx_word' id='word_1_299' title='bbox 1464 1851 1594 1879; x_wconf 85' lang='lat' dir='ltr'>senza</span> <span class='ocrx_word' id='word_1_300' title='bbox 1626 1836 1876 1891; x_wconf 87' lang='lat' dir='ltr'>predicator</span> 
     </span>
     <span class='ocr_line' id='line_1_28' title="bbox 98 1901 1877 1959; baseline -0.002 -12"><span class='ocrx_word' id='word_1_301' title='bbox 98 1906 196 1948; x_wconf 90' lang='lat' dir='ltr'>dela</span> <span class='ocrx_word' id='word_1_302' title='bbox 229 1905 494 1959; x_wconf 81' lang='lat' dir='ltr'>Compagnia</span> <span class='ocrx_word' id='word_1_303' title='bbox 527 1907 553 1946; x_wconf 89' lang='grc'>6</span> <span class='ocrx_word' id='word_1_304' title='bbox 585 1905 721 1947; x_wconf 85' lang='lat' dir='ltr'>Santo</span> <span class='ocrx_word' id='word_1_305' title='bbox 757 1904 977 1955; x_wconf 83' lang='lat' dir='ltr'>Mauritio,</span> <span class='ocrx_word' id='word_1_306' title='bbox 1011 1903 1195 1946; x_wconf 89' lang='lat' dir='ltr'>sarebbe</span> <span class='ocrx_word' id='word_1_307' title='bbox 1229 1904 1308 1945; x_wconf 58' lang='grc' dir='ltr'>(16εὶ</span> <span class='ocrx_word' id='word_1_308' title='bbox 1339 1903 1517 1945; x_wconf 86' lang='grc'>11606110</span> <span class='ocrx_word' id='word_1_309' title='bbox 1551 1903 1680 1945; x_wconf 85' lang='grc'>011610</span> <span class='ocrx_word' id='word_1_310' title='bbox 1713 1901 1877 1956; x_wconf 87' lang='lat' dir='ltr'>purche</span> 
     </span>
     <span class='ocr_line' id='line_1_29' title="bbox 96 1967 1876 2024; baseline -0.002 -11"><span class='ocrx_word' id='word_1_311' title='bbox 96 1985 183 2013; x_wconf 87' lang='lat' dir='ltr'>non</span> <span class='ocrx_word' id='word_1_312' title='bbox 224 1970 463 2013; x_wconf 89' lang='lat' dir='ltr'>restassino</span> <span class='ocrx_word' id='word_1_313' title='bbox 497 1984 575 2012; x_wconf 92' lang='lat' dir='ltr'>con</span> <span class='ocrx_word' id='word_1_314' title='bbox 618 1970 801 2024; x_wconf 89' lang='lat' dir='ltr'>qualche</span> <span class='ocrx_word' id='word_1_315' title='bbox 843 1970 959 2011; x_wconf 88' lang='lat' dir='ltr'>mala</span> <span class='ocrx_word' id='word_1_316' title='bbox 1000 1968 1320 2019; x_wconf 85' lang='lat' dir='ltr'>sodisfattione,</span> <span class='ocrx_word' id='word_1_317' title='bbox 1365 1982 1492 2010; x_wconf 88' lang='lat' dir='ltr'>uerso</span> <span class='ocrx_word' id='word_1_318' title='bbox 1534 1968 1578 2010; x_wconf 92' lang='lat' dir='ltr'>la</span> <span class='ocrx_word' id='word_1_319' title='bbox 1616 1967 1876 2022; x_wconf 84' lang='lat' dir='ltr'>compagnia</span> 
     </span>
     <span class='ocr_line' id='line_1_30' title="bbox 98 2033 1711 2090; baseline -0.001 -13"><span class='ocrx_word' id='word_1_320' title='bbox 98 2039 251 2079; x_wconf 87' lang='lat' dir='ltr'>nostra</span> <span class='ocrx_word' id='word_1_321' title='bbox 283 2037 326 2078; x_wconf 89' lang='lat' dir='ltr'>la</span> <span class='ocrx_word' id='word_1_322' title='bbox 358 2037 485 2090; x_wconf 88' lang='lat' dir='ltr'>quale</span> <span class='ocrx_word' id='word_1_323' title='bbox 518 2036 627 2077; x_wconf 89' lang='lat' dir='ltr'>deue</span> <span class='ocrx_word' id='word_1_324' title='bbox 660 2035 930 2088; x_wconf 85' lang='lat' dir='ltr'>gratitudine</span> <span class='ocrx_word' id='word_1_325' title='bbox 963 2034 1037 2076; x_wconf 87' lang='lat' dir='ltr'>alli</span> <span class='ocrx_word' id='word_1_326' title='bbox 1070 2034 1267 2088; x_wconf 83' lang='lat' dir='ltr'>beneficij</span> <span class='ocrx_word' id='word_1_327' title='bbox 1302 2034 1356 2076; x_wconf 91' lang='lat' dir='ltr'>da</span> <span class='ocrx_word' id='word_1_328' title='bbox 1388 2034 1480 2076; x_wconf 89' lang='lat' dir='ltr'>loro</span> <span class='ocrx_word' id='word_1_329' title='bbox 1514 2033 1711 2075; x_wconf 89' lang='lat' dir='ltr'>riceuuti.</span> 
     </span>
    </p>

    <p class='ocr_par' dir='ltr' id='par_1_6' title="bbox 96 2097 1878 2612">
     <span class='ocr_line' id='line_1_31' title="bbox 217 2097 1878 2154; baseline -0.002 -11"><span class='ocrx_word' id='word_1_330' title='bbox 217 2101 280 2143; x_wconf 92' lang='lat' dir='ltr'>La</span> <span class='ocrx_word' id='word_1_331' title='bbox 311 2101 547 2143; x_wconf 86' lang='lat' dir='ltr'>residentia</span> <span class='ocrx_word' id='word_1_332' title='bbox 579 2101 622 2142; x_wconf 89' lang='lat' dir='ltr'>in</span> <span class='ocrx_word' id='word_1_333' title='bbox 654 2100 832 2154; x_wconf 81' lang='lat' dir='ltr'>Dilinga</span> <span class='ocrx_word' id='word_1_334' title='bbox 865 2100 917 2142; x_wconf 91' lang='lat' dir='ltr'>de</span> <span class='ocrx_word' id='word_1_335' title='bbox 950 2100 1002 2142; x_wconf 92' lang='lat' dir='ltr'>V.</span> <span class='ocrx_word' id='word_1_336' title='bbox 1038 2100 1087 2142; x_wconf 80' lang='lat' dir='ltr'><strong>R.</strong></span> <span class='ocrx_word' id='word_1_337' title='bbox 1122 2100 1205 2141; x_wconf 89' lang='lat' dir='ltr'>ben</span> <span class='ocrx_word' id='word_1_338' title='bbox 1248 2099 1376 2141; x_wconf 87' lang='lat' dir='ltr'>credo</span> <span class='ocrx_word' id='word_1_339' title='bbox 1409 2112 1511 2141; x_wconf 89' lang='lat' dir='ltr'>sara</span> <span class='ocrx_word' id='word_1_340' title='bbox 1544 2097 1769 2140; x_wconf 88' lang='lat' dir='ltr'>commoda</span> <span class='ocrx_word' id='word_1_341' title='bbox 1800 2111 1878 2152; x_wconf 89' lang='lat' dir='ltr'>per</span> 
     </span>
     <span class='ocr_line' id='line_1_32' title="bbox 98 2163 1877 2220; baseline -0.003 -11"><span class='ocrx_word' id='word_1_342' title='bbox 98 2169 226 2209; x_wconf 90' lang='lat' dir='ltr'>conto</span> <span class='ocrx_word' id='word_1_343' title='bbox 269 2166 337 2208; x_wconf 91' lang='lat' dir='ltr'>del</span> <span class='ocrx_word' id='word_1_344' title='bbox 379 2165 582 2217; x_wconf 85' lang='lat' dir='ltr'>scriuere‚</span> <span class='ocrx_word' id='word_1_345' title='bbox 626 2180 672 2208; x_wconf 90' lang='grc'>66</span> <span class='ocrx_word' id='word_1_346' title='bbox 714 2180 796 2220; x_wconf 89' lang='lat' dir='ltr'>pur</span> <span class='ocrx_word' id='word_1_347' title='bbox 836 2166 866 2207; x_wconf 91' lang='grc'>11</span> <span class='ocrx_word' id='word_1_348' title='bbox 908 2165 1092 2219; x_wconf 87' lang='lat' dir='ltr'>rispetto</span> <span class='ocrx_word' id='word_1_349' title='bbox 1136 2165 1204 2207; x_wconf 90' lang='lat' dir='ltr'>del</span> <span class='ocrx_word' id='word_1_350' title='bbox 1243 2165 1326 2207; x_wconf 89' lang='lat' dir='ltr'>ben</span> <span class='ocrx_word' id='word_1_351' title='bbox 1360 2178 1585 2206; x_wconf 87' lang='lat' dir='ltr'>commune</span> <span class='ocrx_word' id='word_1_352' title='bbox 1618 2163 1877 2206; x_wconf 88' lang='lat' dir='ltr'>ricerchassi</span> 
     </span>
     <span class='ocr_line' id='line_1_33' title="bbox 96 2228 1877 2284; baseline -0.003 -10"><span class='ocrx_word' id='word_1_353' title='bbox 96 2233 123 2274; x_wconf 80' lang='grc' dir='ltr'><strong>Γ</strong></span> <span class='ocrx_word' id='word_1_354' title='bbox 144 2232 396 2274; x_wconf 88' lang='lat' dir='ltr'>assistentia</span> <span class='ocrx_word' id='word_1_355' title='bbox 423 2231 465 2273; x_wconf 92' lang='lat' dir='ltr'>di</span> <span class='ocrx_word' id='word_1_356' title='bbox 488 2231 539 2275; x_wconf 92' lang='lat' dir='ltr'>V.</span> <span class='ocrx_word' id='word_1_357' title='bbox 563 2231 613 2274; x_wconf 79' lang='lat' dir='ltr'>R.</span> <span class='ocrx_word' id='word_1_358' title='bbox 638 2231 707 2273; x_wconf 87' lang='lat' dir='ltr'>inb</span> <span class='ocrx_word' id='word_1_359' title='bbox 732 2231 944 2284; x_wconf 79' lang='lat' dir='ltr'>Augusta,</span> <span class='ocrx_word' id='word_1_360' title='bbox 979 2245 1065 2272; x_wconf 90' lang='lat' dir='ltr'>non</span> <span class='ocrx_word' id='word_1_361' title='bbox 1098 2230 1321 2273; x_wconf 84' lang='lat' dir='ltr'>dubitamo</span> <span class='ocrx_word' id='word_1_362' title='bbox 1355 2230 1452 2272; x_wconf 88' lang='lat' dir='ltr'>dela</span> <span class='ocrx_word' id='word_1_363' title='bbox 1485 2244 1564 2271; x_wconf 88' lang='lat' dir='ltr'>sua</span> <span class='ocrx_word' id='word_1_364' title='bbox 1597 2228 1765 2271; x_wconf 79' lang='lat' dir='ltr'>charita</span> <span class='ocrx_word' id='word_1_365' title='bbox 1799 2228 1877 2270; x_wconf 88' lang='lat' dir='ltr'>che</span> 
     </span>
     <span class='ocr_line' id='line_1_34' title="bbox 97 2294 1876 2349; baseline -0.002 -10"><span class='ocrx_word' id='word_1_366' title='bbox 97 2297 331 2340; x_wconf 85' lang='lat' dir='ltr'>uoluntieri</span> <span class='ocrx_word' id='word_1_367' title='bbox 372 2296 408 2339; x_wconf 89' lang='grc'>61</span> <span class='ocrx_word' id='word_1_368' title='bbox 449 2296 638 2338; x_wconf 74' lang='grc'>16101616</span> <span class='ocrx_word' id='word_1_369' title='bbox 679 2297 751 2347; x_wconf 66' lang='grc'>114,</span> <span class='ocrx_word' id='word_1_370' title='bbox 792 2297 875 2338; x_wconf 91' lang='lat' dir='ltr'>ben</span> <span class='ocrx_word' id='word_1_371' title='bbox 913 2297 943 2338; x_wconf 91' lang='lat' dir='ltr'>li</span> <span class='ocrx_word' id='word_1_372' title='bbox 976 2296 1098 2338; x_wconf 86' lang='lat' dir='ltr'>auiso</span> <span class='ocrx_word' id='word_1_373' title='bbox 1132 2298 1296 2349; x_wconf 90' lang='lat' dir='ltr'>quanto</span> <span class='ocrx_word' id='word_1_374' title='bbox 1331 2296 1371 2337; x_wconf 90' lang='lat' dir='ltr'>al</span> <span class='ocrx_word' id='word_1_375' title='bbox 1405 2295 1596 2337; x_wconf 89' lang='lat' dir='ltr'>scriuere</span> <span class='ocrx_word' id='word_1_376' title='bbox 1630 2296 1804 2336; x_wconf 82' lang='lat' dir='ltr'>contrac</span> <span class='ocrx_word' id='word_1_377' title='bbox 1835 2294 1876 2335; x_wconf 91' lang='grc'>16</span> 
     </span>
     <span class='ocr_line' id='line_1_35' title="bbox 98 2359 1876 2416; baseline -0.003 -11"><span class='ocrx_word' id='word_1_378' title='bbox 98 2362 306 2413; x_wconf 81' lang='lat' dir='ltr'>centurie,</span> <span class='ocrx_word' id='word_1_379' title='bbox 350 2363 427 2404; x_wconf 91' lang='lat' dir='ltr'>che</span> <span class='ocrx_word' id='word_1_380' title='bbox 469 2363 512 2404; x_wconf 91' lang='lat' dir='ltr'>la</span> <span class='ocrx_word' id='word_1_381' title='bbox 551 2362 767 2404; x_wconf 86' lang='lat' dir='ltr'>intention</span> <span class='ocrx_word' id='word_1_382' title='bbox 802 2362 872 2403; x_wconf 92' lang='lat' dir='ltr'>del</span> <span class='ocrx_word' id='word_1_383' title='bbox 905 2362 1025 2416; x_wconf 90' lang='lat' dir='ltr'>Papa</span> <span class='ocrx_word' id='word_1_384' title='bbox 1058 2375 1141 2403; x_wconf 92' lang='lat' dir='ltr'>non</span> <span class='ocrx_word' id='word_1_385' title='bbox 1177 2362 1199 2403; x_wconf 80' lang='grc'>6</span> <span class='ocrx_word' id='word_1_386' title='bbox 1232 2361 1304 2415; x_wconf 81' lang='lat' dir='ltr'>gia</span> <span class='ocrx_word' id='word_1_387' title='bbox 1337 2363 1457 2403; x_wconf 88' lang='lat' dir='ltr'>stata</span> <span class='ocrx_word' id='word_1_388' title='bbox 1491 2360 1569 2402; x_wconf 90' lang='lat' dir='ltr'>che</span> <span class='ocrx_word' id='word_1_389' title='bbox 1602 2359 1638 2401; x_wconf 87' lang='lat' dir='ltr'>si</span> <span class='ocrx_word' id='word_1_390' title='bbox 1672 2359 1876 2401; x_wconf 89' lang='lat' dir='ltr'>scriuessi</span> 
     </span>
     <span class='ocr_line' id='line_1_36' title="bbox 97 2425 1877 2481; baseline -0.002 -11"><span class='ocrx_word' id='word_1_391' title='bbox 97 2430 252 2471; x_wconf 88' lang='lat' dir='ltr'>contra</span> <span class='ocrx_word' id='word_1_392' title='bbox 292 2430 410 2470; x_wconf 85' lang='lat' dir='ltr'>tutte</span> <span class='ocrx_word' id='word_1_393' title='bbox 454 2427 596 2480; x_wconf 90' lang='lat' dir='ltr'>quelle</span> <span class='ocrx_word' id='word_1_394' title='bbox 639 2427 798 2481; x_wconf 88' lang='lat' dir='ltr'>perche</span> <span class='ocrx_word' id='word_1_395' title='bbox 841 2429 997 2480; x_wconf 88' lang='lat' dir='ltr'>questa</span> <span class='ocrx_word' id='word_1_396' title='bbox 1040 2440 1173 2481; x_wconf 89' lang='lat' dir='ltr'>opera</span> <span class='ocrx_word' id='word_1_397' title='bbox 1220 2426 1403 2468; x_wconf 77' lang='lat' dir='ltr'>sai-ebbe</span> <span class='ocrx_word' id='word_1_398' title='bbox 1446 2426 1580 2468; x_wconf 87' lang='lat' dir='ltr'>molto</span> <span class='ocrx_word' id='word_1_399' title='bbox 1623 2425 1784 2478; x_wconf 82' lang='lat' dir='ltr'>longha</span> <span class='ocrx_word' id='word_1_400' title='bbox 1832 2427 1877 2467; x_wconf 92' lang='lat' dir='ltr'>et</span> 
     </span>
     <span class='ocr_line' id='line_1_37' title="bbox 98 2490 1877 2546; baseline -0.003 -10"><span class='ocrx_word' id='word_1_401' title='bbox 98 2493 397 2536; x_wconf 87' lang='lat' dir='ltr'>ricercarebbe</span> <span class='ocrx_word' id='word_1_402' title='bbox 431 2507 516 2534; x_wconf 89' lang='lat' dir='ltr'>una</span> <span class='ocrx_word' id='word_1_403' title='bbox 548 2506 659 2546; x_wconf 82' lang='lat' dir='ltr'>gran</span> <span class='ocrx_word' id='word_1_404' title='bbox 685 2492 821 2535; x_wconf 83' lang='lat' dir='ltr'>fatica</span> <span class='ocrx_word' id='word_1_405' title='bbox 854 2496 898 2535; x_wconf 90' lang='lat' dir='ltr'>et</span> <span class='ocrx_word' id='word_1_406' title='bbox 920 2495 1082 2546; x_wconf 88' lang='lat' dir='ltr'>tempo,</span> <span class='ocrx_word' id='word_1_407' title='bbox 1117 2506 1188 2534; x_wconf 87' lang='lat' dir='ltr'>ma</span> <span class='ocrx_word' id='word_1_408' title='bbox 1211 2492 1289 2534; x_wconf 89' lang='lat' dir='ltr'>che</span> <span class='ocrx_word' id='word_1_409' title='bbox 1312 2491 1569 2544; x_wconf 83' lang='lat' dir='ltr'>raccogliesi</span> <span class='ocrx_word' id='word_1_410' title='bbox 1588 2491 1638 2532; x_wconf 94' lang='lat' dir='ltr'>V.</span> <span class='ocrx_word' id='word_1_411' title='bbox 1659 2490 1709 2532; x_wconf 80' lang='lat' dir='ltr'><strong>R.</strong></span> <span class='ocrx_word' id='word_1_412' title='bbox 1734 2490 1877 2532; x_wconf 88' lang='lat' dir='ltr'>alcuni</span> 
     </span>
     <span class='ocr_line' id='line_1_38' title="bbox 98 2555 1877 2612; baseline -0.003 -11"><span class='ocrx_word' id='word_1_413' title='bbox 98 2559 275 2601; x_wconf 87' lang='lat' dir='ltr'>absurdi</span> <span class='ocrx_word' id='word_1_414' title='bbox 316 2558 358 2600; x_wconf 92' lang='lat' dir='ltr'>di</span> <span class='ocrx_word' id='word_1_415' title='bbox 400 2558 520 2600; x_wconf 86' lang='lat' dir='ltr'>dette</span> <span class='ocrx_word' id='word_1_416' title='bbox 563 2571 693 2612; x_wconf 88' lang='lat' dir='ltr'>opere</span> <span class='ocrx_word' id='word_1_417' title='bbox 735 2557 820 2599; x_wconf 90' lang='lat' dir='ltr'>deli</span> <span class='ocrx_word' id='word_1_418' title='bbox 853 2557 970 2611; x_wconf 87' lang='lat' dir='ltr'>quali</span> <span class='ocrx_word' id='word_1_419' title='bbox 1003 2557 1040 2599; x_wconf 88' lang='lat' dir='ltr'>si</span> <span class='ocrx_word' id='word_1_420' title='bbox 1071 2557 1241 2599; x_wconf 86' lang='lat' dir='ltr'>facesse</span> <span class='ocrx_word' id='word_1_421' title='bbox 1274 2571 1331 2598; x_wconf 91' lang='lat' dir='ltr'>un</span> <span class='ocrx_word' id='word_1_422' title='bbox 1364 2557 1474 2597; x_wconf 87' lang='lat' dir='ltr'>libro</span> <span class='ocrx_word' id='word_1_423' title='bbox 1507 2559 1602 2598; x_wconf 84' lang='lat' dir='ltr'>atto</span> <span class='ocrx_word' id='word_1_424' title='bbox 1636 2557 1661 2597; x_wconf 87' lang='grc'>6</span> <span class='ocrx_word' id='word_1_425' title='bbox 1693 2555 1816 2597; x_wconf 88' lang='grc'>16061</span> <span class='ocrx_word' id='word_1_426' title='bbox 1846 2556 1877 2597; x_wconf 88' lang='grc'>11</span> 
     </span>
    </p>
   </div>
   <div class='ocr_carea' id='block_1_3' title="bbox 97 2642 1877 2712">
    <p class='ocr_par' dir='ltr' id='par_1_7' title="bbox 97 2642 1877 2712">
     <span class='ocr_line' id='line_1_39' title="bbox 219 2642 1877 2677; baseline -0.002 -7"><span class='ocrx_word' id='word_1_427' title='bbox 219 2646 245 2677; x_wconf 79' lang='lat' dir='ltr'>a)</span> <span class='ocrx_word' id='word_1_428' title='bbox 273 2646 309 2670; x_wconf 82' lang='lat' dir='ltr'>In</span> <span class='ocrx_word' id='word_1_429' title='bbox 334 2653 382 2677; x_wconf 73' lang='lat' dir='ltr'>ap.</span> <span class='ocrx_word' id='word_1_430' title='bbox 402 2646 536 2677; x_wconf 69' lang='lat' dir='ltr'>sequitur</span> <span class='ocrx_word' id='word_1_431' title='bbox 560 2643 746 2675; x_wconf 79' lang='lat' dir='ltr'>desiderare,</span> <span class='ocrx_word' id='word_1_432' title='bbox 772 2653 790 2669; x_wconf 81' lang='grc' dir='ltr'>(ι</span> <span class='ocrx_word' id='word_1_433' title='bbox 817 2645 883 2669; x_wconf 78' lang='lat' dir='ltr'>libr.</span> <span class='ocrx_word' id='word_1_434' title='bbox 904 2644 995 2668; x_wconf 74' lang='lat' dir='ltr'>oblitt.</span> <span class='ocrx_word' id='word_1_435' title='bbox 1088 2643 1117 2675; x_wconf 87' lang='lat' dir='ltr'>b)</span> <span class='ocrx_word' id='word_1_436' title='bbox 1145 2644 1284 2675; x_wconf 61' lang='lat' dir='ltr'>Sequitur</span> <span class='ocrx_word' id='word_1_437' title='bbox 1304 2642 1434 2676; x_wconf 79' lang='lat' dir='ltr'>Dilinga,</span> <span class='ocrx_word' id='word_1_438' title='bbox 1461 2643 1550 2668; x_wconf 73' lang='lat' dir='ltr'>oblitt.</span> <span class='ocrx_word' id='word_1_439' title='bbox 1645 2642 1670 2672; x_wconf 88' lang='lat' dir='ltr'>c)</span> <span class='ocrx_word' id='word_1_440' title='bbox 1698 2643 1745 2667; x_wconf 76' lang='lat' dir='ltr'>Ita</span> <span class='ocrx_word' id='word_1_441' title='bbox 1771 2643 1801 2667; x_wconf 62' lang='lat' dir='ltr'>‘in</span> <span class='ocrx_word' id='word_1_442' title='bbox 1829 2651 1877 2674; x_wconf 71' lang='lat' dir='ltr'>ap.</span> 
     </span>
     <span class='ocr_line' id='line_1_40' title="bbox 97 2685 767 2712; baseline -0.001 -1"><span class='ocrx_word' id='word_1_443' title='bbox 97 2690 257 2712; x_wconf 77' lang='lat' dir='ltr'>correctum</span> <span class='ocrx_word' id='word_1_444' title='bbox 278 2690 319 2711; x_wconf 77' lang='lat' dir='ltr'>cst</span> <span class='ocrx_word' id='word_1_445' title='bbox 339 2694 375 2711; x_wconf 66' lang='lat' dir='ltr'>eac</span> <span class='ocrx_word' id='word_1_446' title='bbox 396 2685 424 2711; x_wconf 89' lang='lat' dir='ltr'>di</span> <span class='ocrx_word' id='word_1_447' title='bbox 448 2688 490 2712; x_wconf 79' lang='lat' dir='ltr'>vel</span> <span class='ocrx_word' id='word_1_448' title='bbox 511 2685 548 2711; x_wconf 86' lang='lat' dir='ltr'>da</span> <span class='ocrx_word' id='word_1_449' title='bbox 571 2687 612 2711; x_wconf 67' lang='lat' dir='ltr'>nel</span> <span class='ocrx_word' id='word_1_450' title='bbox 632 2686 724 2711; x_wconf 80' lang='lat' dir='ltr'>simili</span> <span class='ocrx_word' id='word_1_451' title='bbox 747 2694 767 2710; x_wconf 78' lang='lat' dir='ltr'>r.</span> 
     </span>
    </p>
   </div>
   <div class='ocr_carea' id='block_1_4' title="bbox 99 2773 1877 3087">
    <p class='ocr_par' dir='ltr' id='par_1_8' title="bbox 222 2773 1095 2819">
     <span class='ocr_line' id='line_1_41' title="bbox 222 2773 1095 2819; baseline -0.001 -10"><span class='ocrx_word' id='word_1_452' title='bbox 222 2776 232 2796; x_wconf 75' lang='lat'>²</span> <span class='ocrx_word' id='word_1_453' title='bbox 258 2775 431 2810; x_wconf 85' lang='lat' dir='ltr'>Thomam</span> <span class='ocrx_word' id='word_1_454' title='bbox 459 2775 604 2810; x_wconf 84' lang='lat' dir='ltr'>Gallum</span> <span class='ocrx_word' id='word_1_455' title='bbox 632 2775 737 2815; x_wconf 86' lang='lat' dir='ltr'>dicit;</span> <span class='ocrx_word' id='word_1_456' title='bbox 765 2786 799 2809; x_wconf 87' lang='lat' dir='ltr'>V.</span> <span class='ocrx_word' id='word_1_457' title='bbox 827 2786 935 2819; x_wconf 85' lang='lat' dir='ltr'>supra</span> <span class='ocrx_word' id='word_1_458' title='bbox 962 2786 996 2818; x_wconf 87' lang='lat' dir='ltr'>p.</span> <span class='ocrx_word' id='word_1_459' title='bbox 1015 2773 1095 2809; x_wconf 86' lang='lat'><strong>310.</strong></span> 
     </span>
    </p>

    <p class='ocr_par' dir='ltr' id='par_1_9' title="bbox 218 2827 1783 2872">
     <span class='ocr_line' id='line_1_42' title="bbox 218 2827 1783 2872; baseline -0.002 -8"><span class='ocrx_word' id='word_1_460' title='bbox 218 2830 231 2850; x_wconf 79' lang='lat'><strong>²</strong></span> <span class='ocrx_word' id='word_1_461' title='bbox 258 2829 406 2864; x_wconf 88' lang='lat' dir='ltr'>Alberto</span> <span class='ocrx_word' id='word_1_462' title='bbox 424 2829 468 2864; x_wconf 90' lang='lat' dir='ltr'>V.</span> <span class='ocrx_word' id='word_1_463' title='bbox 501 2828 680 2863; x_wconf 83' lang='lat' dir='ltr'>Bavariae</span> <span class='ocrx_word' id='word_1_464' title='bbox 707 2828 815 2868; x_wconf 88' lang='lat' dir='ltr'>duce;</span> <span class='ocrx_word' id='word_1_465' title='bbox 843 2840 877 2862; x_wconf 89' lang='lat' dir='ltr'>V.</span> <span class='ocrx_word' id='word_1_466' title='bbox 905 2839 1015 2872; x_wconf 84' lang='lat' dir='ltr'>supra</span> <span class='ocrx_word' id='word_1_467' title='bbox 1041 2840 1075 2872; x_wconf 89' lang='lat' dir='ltr'><strong>p.</strong></span> <span class='ocrx_word' id='word_1_468' title='bbox 1093 2827 1294 2862; x_wconf 76' lang='lat'><strong>311—312.</strong></span> <span class='ocrx_word' id='word_1_469' title='bbox 1443 2828 1455 2848; x_wconf 77' lang='grc'><strong>3</strong></span> <span class='ocrx_word' id='word_1_470' title='bbox 1481 2827 1594 2861; x_wconf 86' lang='lat' dir='ltr'>Paulo</span> <span class='ocrx_word' id='word_1_471' title='bbox 1623 2827 1783 2861; x_wconf 86' lang='lat' dir='ltr'>Hoffaeo.</span> 
     </span>
    </p>

    <p class='ocr_par' dir='ltr' id='par_1_10' title="bbox 99 2880 1877 3087">
     <span class='ocr_line' id='line_1_43' title="bbox 219 2880 1877 2925; baseline -0.001 -8"><span class='ocrx_word' id='word_1_472' title='bbox 219 2884 231 2903; x_wconf 67' lang='lat'>4</span> <span class='ocrx_word' id='word_1_473' title='bbox 258 2882 371 2917; x_wconf 85' lang='lat' dir='ltr'>Roma</span> <span class='ocrx_word' id='word_1_474' title='bbox 397 2884 454 2917; x_wconf 83' lang='lat'><strong>24.</strong></span> <span class='ocrx_word' id='word_1_475' title='bbox 469 2883 557 2916; x_wconf 88' lang='lat' dir='ltr'>Maii</span> <span class='ocrx_word' id='word_1_476' title='bbox 578 2883 668 2917; x_wconf 84' lang='lat'>1569</span> <span class='ocrx_word' id='word_1_477' title='bbox 695 2882 852 2925; x_wconf 58' lang='lat' dir='ltr'>Borfflas</span> <span class='ocrx_word' id='word_1_478' title='bbox 877 2881 1066 2915; x_wconf 87' lang='lat' dir='ltr'>Hoffaeum</span> <span class='ocrx_word' id='word_1_479' title='bbox 1093 2883 1328 2915; x_wconf 57' lang='lat' dir='ltr'>’&#39;kmonuerat:</span> <span class='ocrx_word' id='word_1_480' title='bbox 1360 2880 1448 2923; x_wconf 79' lang='lat' dir='ltr'>„Del</span> <span class='ocrx_word' id='word_1_481' title='bbox 1474 2881 1514 2915; x_wconf 88' lang='lat' dir='ltr'>P.</span> <span class='ocrx_word' id='word_1_482' title='bbox 1533 2881 1575 2915; x_wconf 95' lang='lat' dir='ltr'>D.</span> <span class='ocrx_word' id='word_1_483' title='bbox 1596 2881 1717 2916; x_wconf 87' lang='lat' dir='ltr'>Pietro</span> <span class='ocrx_word' id='word_1_484' title='bbox 1732 2880 1877 2915; x_wconf 84' lang='lat' dir='ltr'>Canisio</span> 
     </span>
     <span class='ocr_line' id='line_1_44' title="bbox 100 2934 1877 2980; baseline -0.001 -10"><span class='ocrx_word' id='word_1_485' title='bbox 100 2937 135 2970; x_wconf 88' lang='lat' dir='ltr'>di</span> <span class='ocrx_word' id='word_1_486' title='bbox 160 2948 253 2970; x_wconf 92' lang='lat' dir='ltr'>nouo</span> <span class='ocrx_word' id='word_1_487' title='bbox 289 2936 319 2970; x_wconf 89' lang='lat' dir='ltr'>si</span> <span class='ocrx_word' id='word_1_488' title='bbox 345 2936 463 2971; x_wconf 86' lang='lat' dir='ltr'>scriue</span> <span class='ocrx_word' id='word_1_489' title='bbox 489 2936 609 2980; x_wconf 86' lang='lat' dir='ltr'>quello</span> <span class='ocrx_word' id='word_1_490' title='bbox 646 2935 711 2970; x_wconf 90' lang='lat' dir='ltr'>che</span> <span class='ocrx_word' id='word_1_491' title='bbox 738 2935 799 2979; x_wconf 84' lang='lat' dir='ltr'>gia</span> <span class='ocrx_word' id='word_1_492' title='bbox 826 2935 864 2968; x_wconf 80' lang='lat' dir='ltr'>fu</span> <span class='ocrx_word' id='word_1_493' title='bbox 890 2934 1016 2969; x_wconf 83' lang='lat' dir='ltr'>scritto</span> <span class='ocrx_word' id='word_1_494' title='bbox 1053 2934 1118 2968; x_wconf 88' lang='lat' dir='ltr'>che</span> <span class='ocrx_word' id='word_1_495' title='bbox 1145 2945 1210 2968; x_wconf 82' lang='lat' dir='ltr'>sua</span> <span class='ocrx_word' id='word_1_496' title='bbox 1236 2934 1433 2968; x_wconf 82' lang='lat' dir='ltr'>residentia</span> <span class='ocrx_word' id='word_1_497' title='bbox 1468 2935 1505 2968; x_wconf 91' lang='lat' dir='ltr'>in</span> <span class='ocrx_word' id='word_1_498' title='bbox 1531 2935 1699 2978; x_wconf 82' lang='lat' dir='ltr'>Augusta</span> <span class='ocrx_word' id='word_1_499' title='bbox 1725 2934 1877 2969; x_wconf 86' lang='lat' dir='ltr'>sarebbe</span> 
     </span>
     <span class='ocr_line' id='line_1_45' title="bbox 99 2987 1877 3034; baseline -0.001 -11"><span class='ocrx_word' id='word_1_500' title='bbox 99 2989 347 3030; x_wconf 84' lang='lat' dir='ltr'>conueniente,</span> <span class='ocrx_word' id='word_1_501' title='bbox 373 2990 463 3024; x_wconf 90' lang='lat' dir='ltr'>doue</span> <span class='ocrx_word' id='word_1_502' title='bbox 489 2989 661 3034; x_wconf 85' lang='lat' dir='ltr'>potrebbe</span> <span class='ocrx_word' id='word_1_503' title='bbox 681 2999 802 3024; x_wconf 82' lang='lat' dir='ltr'>essere</span> <span class='ocrx_word' id='word_1_504' title='bbox 821 2988 1004 3033; x_wconf 85' lang='lat' dir='ltr'>superiore</span> <span class='ocrx_word' id='word_1_505' title='bbox 1031 2987 1093 3022; x_wconf 87' lang='lat' dir='ltr'>alli</span> <span class='ocrx_word' id='word_1_506' title='bbox 1120 2987 1204 3022; x_wconf 84' lang='lat' dir='ltr'>altri</span> <span class='ocrx_word' id='word_1_507' title='bbox 1231 2990 1266 3022; x_wconf 79' lang='lat' dir='ltr'>et</span> <span class='ocrx_word' id='word_1_508' title='bbox 1284 2987 1397 3022; x_wconf 85' lang='lat' dir='ltr'>hauer</span> <span class='ocrx_word' id='word_1_509' title='bbox 1415 2988 1631 3022; x_wconf 73' lang='lat' dir='ltr'>commodita</span> <span class='ocrx_word' id='word_1_510' title='bbox 1657 2988 1691 3022; x_wconf 86' lang='lat' dir='ltr'>di</span> <span class='ocrx_word' id='word_1_511' title='bbox 1717 2988 1877 3022; x_wconf 89' lang='lat' dir='ltr'>scriuere</span> 
     </span>
     <span class='ocr_line' id='line_1_46' title="bbox 100 3040 1875 3087; baseline -0.002 -10"><span class='ocrx_word' id='word_1_512' title='bbox 100 3045 136 3077; x_wconf 83' lang='lat' dir='ltr'>et</span> <span class='ocrx_word' id='word_1_513' title='bbox 162 3042 276 3077; x_wconf 85' lang='lat' dir='ltr'>anche</span> <span class='ocrx_word' id='word_1_514' title='bbox 302 3043 373 3077; x_wconf 87' lang='grc'>6116</span> <span class='ocrx_word' id='word_1_515' title='bbox 400 3043 497 3077; x_wconf 89' lang='lat' dir='ltr'>uolte</span> <span class='ocrx_word' id='word_1_516' title='bbox 524 3042 709 3087; x_wconf 81' lang='lat' dir='ltr'>predicare</span> <span class='ocrx_word' id='word_1_517' title='bbox 736 3042 771 3075; x_wconf 94' lang='lat' dir='ltr'>in</span> <span class='ocrx_word' id='word_1_518' title='bbox 799 3041 908 3076; x_wconf 82' lang='lat' dir='ltr'>Santo</span> <span class='ocrx_word' id='word_1_519' title='bbox 936 3041 1126 3075; x_wconf 78' lang='lat' dir='ltr'>Mauritio“</span> <span class='ocrx_word' id='word_1_520' title='bbox 1161 3041 1222 3085; x_wconf 83' lang='lat' dir='ltr'>(ex</span> <span class='ocrx_word' id='word_1_521' title='bbox 1249 3052 1371 3086; x_wconf 85' lang='lat' dir='ltr'>apogr.</span> <span class='ocrx_word' id='word_1_522' title='bbox 1400 3041 1512 3076; x_wconf 88' lang='lat' dir='ltr'>eiusd.</span> <span class='ocrx_word' id='word_1_523' title='bbox 1531 3044 1661 3086; x_wconf 82' lang='lat' dir='ltr'>temp.;</span> <span class='ocrx_word' id='word_1_524' title='bbox 1691 3040 1811 3076; x_wconf 78' lang='lat' dir='ltr'>Germ.</span> <span class='ocrx_word' id='word_1_525' title='bbox 1831 3041 1875 3075; x_wconf 82' lang='lat'>67</span> 
     </span>
    </p>
   </div>
   <div class='ocr_carea' id='block_1_5' title="bbox 100 3096 267 3139">
    <p class='ocr_par' dir='ltr' id='par_1_11' title="bbox 100 3096 267 3139">
     <span class='ocr_line' id='line_1_47' title="bbox 100 3096 267 3139; baseline 0 -8"><span class='ocrx_word' id='word_1_526' title='bbox 100 3097 125 3132; x_wconf 82' lang='lat' dir='ltr'>f.</span> <span class='ocrx_word' id='word_1_527' title='bbox 152 3096 267 3139; x_wconf 66' lang='lat'><strong>26422).</strong></span> 
     </span>
    </p>
   </div>
  </div>
 </body>
</html>
