2044 3335
946 628 1021 671 VI.

782 736 1182 792 EXPLIGATIO

151 843 386 895 signorum
416 844 460 881 et
488 843 700 880 notarum
730 840 1224 893 (‚‚abbreviationum“)
1255 840 1436 890 saepius
1467 841 1815 881 occurrentium.

239 949 359 984 Sicubi
389 949 575 992 signum
603 949 620 968 *
646 948 682 982 in
710 947 1002 982 adnotationibus
1028 949 1064 982 et
1090 947 1392 993 explicationibus
1418 948 1648 993 comparebit,
1689 948 1869 990 indicabit,

97 1005 267 1040 editorem
293 1003 392 1037 fonte
417 1003 471 1036 uti
496 1001 652 1036 nondum
683 1001 791 1046 (quod
818 1002 895 1047 ipse
922 1001 1064 1045 quidem
1092 1002 1202 1044 norit)
1232 1001 1337 1036 edito.
1382 1001 1417 1036 Si
1445 1013 1537 1045 quae
1564 1004 1685 1035 autem
1713 1013 1758 1036 ex
1781 1001 1869 1047 ipsis

97 1058 228 1093 litteris
263 1055 576 1099 monumentisque
612 1056 807 1090 canisianis
841 1067 936 1089 nunc
967 1055 1118 1099 primum
1147 1056 1182 1089 in
1209 1055 1324 1088 lucem
1354 1059 1457 1089 erunt
1485 1055 1635 1095 emissa,
1671 1055 1704 1089 id
1733 1068 1777 1089 ex
1802 1055 1870 1090 hoc

96 1113 173 1158 ipso
199 1110 363 1154 intellegi
389 1109 533 1154 poterit,
565 1109 657 1153 quod
686 1112 767 1154 post
793 1109 959 1154 exempla
985 1120 1093 1142 manu
1119 1109 1266 1153 scripta,
1293 1121 1339 1142 ex
1365 1109 1494 1153 quibus
1520 1111 1605 1142 sunt
1630 1109 1728 1154 typis
1754 1112 1869 1143 trans-

97 1167 243 1211 scripta,
270 1164 361 1198 ]iber
386 1175 456 1197 non
483 1162 552 1196 erit
577 1163 768 1203 indicatus,
795 1174 865 1207 quo
891 1163 960 1196 iam
988 1162 1047 1196 vel
1074 1163 1216 1206 integra
1242 1162 1301 1196 vel
1329 1174 1372 1196 ex
1399 1165 1503 1207 parte
1528 1162 1681 1206 vulgata
1707 1163 1790 1198 sint.

236 1217 448 1252 Notabitur:

238 1272 382 1315 Signo
410 1290 453 1294 —
481 1290 536 1311 -‚
564 1270 698 1314 aliquid
727 1270 760 1303 in
789 1269 866 1314 ipso
893 1270 991 1303 fonte
1018 1269 1163 1310 deesse;

238 1325 434 1371 punctis
461 1324 636 1369 appositis
666 1324 688 1366 (.
710 1351 716 1358 .
738 1327 776 1366 .)‚
804 1323 941 1367 aliquid
968 1323 1012 1357 ab
1039 1323 1175 1357 editore
1201 1322 1338 1364 omitti;

236 1379 374 1413 uncis
400 1378 659 1422 quadratis
688 1376 740 1421 []‚
768 1377 902 1421 aliquid
931 1377 975 1410 ab
1003 1377 1138 1411 editore
1164 1377 1370 1422 suppletum
1398 1377 1455 1411 vel
1483 1377 1645 1411 additum
1673 1389 1770 1417 esse;

237 1432 336 1478 typis
370 1431 524 1465 latius
560 1430 845 1476 dispositis,
883 1430 1067 1464 Canisium
1102 1430 1239 1464 aliosve
1275 1442 1345 1464 non
1381 1431 1477 1472 suis,
1514 1430 1577 1465 sed
1603 1431 1717 1476 ipsius
1743 1443 1868 1466 sacrae

95 1486 300 1532 Scripturae
327 1485 448 1519 verbis
473 1484 583 1529 loqui.

99 1586 414 1631 „Autographum“
445 1600 489 1614 :-
516 1585 610 1629 quod
637 1587 763 1619 auctor
789 1596 854 1619 sua
880 1595 988 1618 manu
1014 1584 1170 1629 scripsit.

99 1640 386 1685 „Archetypum“
417 1654 460 1669 z
488 1639 580 1683 quod
607 1641 754 1673 auctore
781 1638 940 1672 dictante
967 1637 1025 1672 vel
1052 1638 1246 1672 mandante
1273 1638 1448 1683 scriptum
1475 1640 1540 1673 est.

101 1693 444 1737 „Commentariuw
474 1707 518 1722 z
545 1693 740 1737 scriptum,
777 1704 846 1736 quo
883 1691 1038 1736 epistula
1064 1691 1123 1726 vel
1150 1691 1267 1726 contio
1295 1695 1362 1726 etc.
1390 1692 1545 1737 primum
1572 1695 1628 1726 est
1654 1695 1868 1738 praeparata

237 1747 296 1781 vel
322 1746 536 1781 adumbrata
564 1746 752 1791 (Konzept,
779 1745 964 1786 brouillon‚
992 1744 1159 1789 minuta).

101 1801 323 1846 „Libra1·ius“
347 1815 389 1830 z
410 1800 471 1845 qui
497 1800 689 1845 epistulam
717 1802 785 1834 etc.
805 1799 863 1833 vel
890 1800 1049 1834 auctoris
1068 1799 1240 1833 mandatu
1260 1799 1431 1833 eodemve
1450 1799 1609 1834 dictante
1627 1800 1783 1845 scripsit,
1811 1800 1868 1834 vel

239 1866 284 1888 ex
303 1853 538 1899 autographo,
557 1853 755 1898 archetypo
775 1856 842 1887 etc.
857 1852 1089 1898 transcripsit
1105 1852 1350 1896 (secretarius,
1370 1853 1535 1898 scriptor,
1554 1854 1683 1895 scriba,
1703 1854 1868 1899 copista).

97 1909 134 1943 2⁰
160 1923 203 1938 -Ξ
230 1908 266 1942 in
292 1907 395 1949 foli03
424 1908 454 1942 &a
482 1921 525 1936 Ξ
553 1910 607 1946 et:
635 1910 678 1940 ὠή
705 1922 748 1936 z
776 1909 822 1940 et.

236 1961 352 1996 Notae
387 1961 564 2005 quaedam
600 1972 620 1994 a
648 1960 791 1994 Canisio
826 1959 980 2004 aliisque
1016 1960 1060 1993 ad
1097 1960 1282 2005 complura
1319 1962 1355 1994 et
1389 1961 1479 1995 satis
1514 1960 1659 1995 diversa
1694 1960 1870 1995 vocabula

97 2015 333 2060 significanda
360 2014 596 2055 adhibentur;
633 2016 792 2048 attamen
820 2014 904 2058 quid
932 2013 1086 2057 singulis
1113 2013 1201 2048 locis
1227 2014 1445 2057 significent,
1472 2026 1517 2048 ex
1544 2014 1623 2059 ipsa
1649 2016 1809 2049 oratione
1836 2018 1872 2048 et

96 2069 251 2104 maxime
278 2081 323 2103 ex
349 2068 411 2110 iis,
448 2080 540 2113 quae
565 2069 671 2102 notas
698 2068 780 2102 illas
812 2067 976 2113 proxime
1010 2070 1086 2101 tum
1113 2068 1327 2102 antecedent
1363 2070 1438 2102 tum
1465 2071 1672 2112 sequentur,
1709 2069 1870 2112 dignosci

96 2124 236 2168 poterit.
288 2122 461 2156 Similiter
486 2121 730 2165 intellegetur,
756 2124 878 2156 utrum
904 2134 938 2155 v.
966 2133 1000 2165 g.
1032 2121 1112 2164 „P.“
1144 2122 1328 2165 significet
1357 2121 1504 2164 „Pater“
1536 2134 1579 2156 an
1612 2123 1770 2165 „Patris‘
1803 2126 1869 2158 etc.

96 2176 164 2211 Hic
190 2176 301 2211 verba
326 2176 401 2210 fere
428 2176 503 2210 solo
530 2187 615 2210 casu
643 2178 753 2217 recto,
781 2187 888 2220 quem
916 2187 1098 2216 vocamus,
1124 2178 1316 2220 ponuntur.

96 2284 127 2308 a.
154 2287 198 2302 z
225 2283 350 2306 annus.
1004 2270 1042 2304 B.
1070 2285 1113 2299 Ξ
1141 2271 1286 2305 Beatus.

96 2328 138 2361 A.
165 2340 209 2356 --
236 2325 393 2367 Altezza,
420 2325 557 2359 Annus.
1002 2324 1034 2358 b.
1062 2336 1109 2359 m.
1136 2339 1180 2354 z
1207 2324 1335 2359 beatae
1362 2325 1564 2359 memoriae.

96 2380 161 2413 AA
188 2394 232 2409 z
258 2379 414 2413 Altezze.
1003 2379 1041 2412 B.
1062 2379 1109 2412 M.
1130 2378 1173 2412 V.
1201 2392 1245 2407 Ξ
1274 2378 1386 2412 Beata
1412 2378 1527 2412 Maria
1555 2378 1677 2422 Virgo.

96 2435 167 2467 Act
193 2447 237 2462 z
264 2433 379 2466 Actus
406 2431 674 2477 Apostolorum.
1002 2432 1041 2466 B.
1061 2431 1099 2465 P.
1120 2431 1163 2466 N.
1193 2446 1236 2461 z
1263 2432 1398 2466 Beatus
1425 2433 1533 2466 Pater
1558 2432 1699 2467 Noster.

97 2486 188 2526 adn..
214 2486 335 2521 adnot.
363 2500 407 2515 z
433 2485 629 2519 adnotatio.
1004 2485 1055 2519 Bd
1083 2500 1127 2515 z
1152 2485 1265 2519 Band.

96 2540 179 2583 Agg
205 2554 248 2569 z
275 2539 469 2584 Prophetia
494 2538 646 2582 Aggaei.
1002 2539 1062 2573 ΒΓ.
1091 2553 1134 2568 Ξ
1160 2539 1347 2582 Breisgau.

97 2594 165 2627 Am
191 2608 235 2623 z
263 2593 457 2638 Prophetia
483 2594 604 2626 Amos.

97 2647 180 2681 Ant.
209 2661 253 2676 z
281 2646 471 2681 Antonius.
1004 2658 1034 2680 c.
1061 2660 1105 2675 z
1133 2648 1251 2691 caput.

98 2712 153 2745 ap.
181 2715 225 2729 z
252 2699 511 2745 apographum.
1005 2700 1042 2733 C.
1071 2714 1115 2728 z
1143 2699 1322 2741 canisius,
1351 2700 1478 2746 Caput.

98 2755 175 2799 Apc
201 2769 244 2783 Ξ
272 2753 513 2799 Apocalypsis
539 2753 579 2788 B.
607 2753 752 2787 Ioannis
778 2753 953 2798 Apostoli.
1005 2754 1042 2787 C.
1061 2753 1105 2788 V.
1133 2768 1177 2782 Ξ
1205 2753 1391 2788 Celsitudo
1418 2755 1560 2790 Vestra.

98 2819 219 2852 apogr.
246 2822 290 2835 z
316 2806 574 2852 apographum.
1005 2807 1108 2842 Caes.
1136 2822 1180 2836 z
1208 2807 1419 2843 Caesareus.

99 2861 206 2902 arch„
233 2860 368 2895 archet.
396 2875 440 2890 z
467 2860 717 2906 archetypum.
1005 2872 1081 2895 can.
1110 2875 1154 2890 z
1182 2873 1306 2896 canon.

99 2917 165 2949 art.
192 2929 236 2944 :-
264 2914 449 2949 articulus.
1006 2914 1091 2948 Can.
1120 2929 1164 2944 z
1192 2914 1370 2950 Canisius.

97 2967 190 3003 Aufl.
218 2982 262 2997 Ξ
289 2968 460 3011 Auflage.
1008 2968 1095 3002 Can.
1116 2968 1141 3009 I,
1170 2968 1203 3002 II
1230 2971 1298 3004 etc.
1319 2984 1362 2998 z
1382 2969 1486 3003 Beati
1509 2969 1608 3004 Petri
1632 2970 1766 3005 Canisii
1792 2970 1826 3005 S.
1842 2971 1874 3004 J.

98 3032 178 3064 aug.
206 3036 250 3050 z
277 3024 514 3065 augustanus.
1053 3021 1243 3066 Epistulae
1279 3026 1315 3056 et
1346 3023 1459 3065 Acta,
1498 3023 1675 3058 Volumen
1710 3024 1875 3069 primum,

99 3078 237 3118 autogr.
266 3089 309 3104 Ξ
337 3074 614 3120 autographum.
1053 3076 1252 3110 secundum
1279 3078 1346 3111 etc.
