2044 3335
141 98 225 139 700
338 96 432 129 Mon.
462 95 550 129 1048
576 95 653 128 sive
680 94 749 128 litt.
772 93 861 136 (43).
905 93 936 126 A
962 105 1005 128 111.
1026 93 1121 127 Maio
1149 93 1240 127 1570
1266 92 1309 126 ad
1335 92 1567 127 Februarium
1596 93 1694 127 1571.

140 213 184 256 P.
219 212 413 254 Canisius
446 211 499 252 ad
532 209 750 251 officium1
783 209 937 259 redire,
972 223 1052 262 ego
1086 223 1189 250 vero
1223 208 1381 250 alicubi
1414 208 1671 259 concionari,
1705 209 1770 252 vti
1793 224 1831 252 v,
1856 223 1896 263 g.

139 275 381 330 Oeniponti,
416 274 486 316 vbi
520 274 632 315 forte
664 273 779 327 plebi
813 276 857 315 et
878 273 1095 326 Regimini
1127 287 1200 314 ero
1233 287 1317 314 non
1349 273 1548 326 ingratus
1573 308 1580 315 .
1601 274 1766 315 vtinam
1792 308 1799 316 .
1824 278 1899 316 aut

139 342 187 383 R..
215 341 258 384 P.
283 340 476 382 Canisius
509 337 670 392 poterit
702 338 770 379 vel
794 337 1023 392 Archiducj
1043 337 1058 363 2
1088 337 1345 387 concionari,
1379 338 1450 379 vel
1482 338 1575 380 loco
1598 338 1644 380 P.
1670 337 1867 392 Gregorij
1885 339 1900 365 3

139 407 375 458 Augustae,
419 417 471 445 110
504 403 549 445 P.
587 402 819 455 Gregorius
862 402 929 444 hic
962 402 1089 444 nimis
1123 402 1192 444 diu
1230 402 1412 444 haerere
1444 402 1666 445 videatur:
1709 406 1753 445 et
1785 405 1901 445 esset

137 470 250 511 forte
282 469 349 511 hic
371 483 482 510 Vnus
514 469 665 509 modus
697 468 896 510 tentandi
929 467 1095 510 animos
1117 467 1472 520 Augustanorum
1505 468 1618 510 circa
1641 467 1900 510 erectionem

139 534 315 587 Collegij
359 547 444 586 qua
485 533 527 574 111
560 547 606 574 re
641 532 803 586 frigere
836 533 964 575 valde
996 532 1099 574 mihi
1130 532 1355 574 videntur:
1400 532 1475 573 sed
1516 532 1596 574 hoc
1628 532 1720 574 fere
1753 535 1902 585 egeret

138 598 299 640 maiore
333 597 719 640 considerationes
777 598 953 651 Dilinga
985 599 1129 639 autem
1166 599 1234 640 31.
1259 597 1355 639 Iulii
1391 599 1503 640 1570
1537 597 1582 640 P.
1624 599 1903 640 Theodericus

142 664 340 705 Cccnisius
394 663 564 716 collegii
621 665 767 705 rector
819 663 873 704 ad
926 662 1130 715 Borgiam
1182 663 1290 704 haec
1342 662 1540 705 rettulit:
1601 662 1904 712 „Reuerendus

138 728 184 770 P.
219 727 426 777 Canisius,
467 731 515 770 vt
555 730 714 782 potest,
758 729 801 769 in
844 742 973 782 opere
1007 727 1308 770 Centuriarum
1349 727 1639 782 progreditur.
1704 728 1905 770 Absoluit

138 794 293 835 librum
327 795 506 843 1111111114,
547 796 779 847 supersunt
811 793 894 835 duo
927 793 1014 846 alij.
1078 793 1239 835 Vtilius
1281 792 1428 835 forsan
1462 793 1642 847 posthac
1674 793 1717 834 in
1748 793 1904 835 libellis

140 858 393 912 vulgaribus
426 859 662 901 vernacula
693 859 842 912 lingua
875 857 1079 900 aedendis
1112 857 1382 900 versabitur:
1417 872 1516 899 nam
1548 858 1592 900 in
1626 858 1793 900 erudito
1825 857 1905 900 hoc

140 923 353 965 scribendi
396 937 568 977 genere,
614 924 679 966 cui
723 925 923 966 assuetus
958 937 1043 964 non
1077 925 1156 973 est,
1199 937 1332 977 supra
1363 923 1536 964 modum
1569 937 1664 965 sese
1697 926 1904 971 macerat,

142 991 185 1030 et
218 989 291 1030 vix
314 1003 504 1042 vnquam
538 989 618 1030 sibi
651 988 908 1031 satisfacit.“
965 989 1024 1031 Et
1055 988 1213 1031 iterum
1237 989 1442 1042 Hoffaeus
1474 988 1751 1042 provincialis
1776 987 1906 1030 Oeni-

141 1056 272 1107 ponte
306 1055 343 1096 5.
370 1053 634 1107 Septembris
672 1055 782 1096 1570
816 1054 1021 1107 Borgiam
1055 1053 1240 1095 monuit:
1276 1053 1476 1107 Dilingae
1514 1067 1650 1104 „nunc
1683 1054 1907 1095 laboratur

144 1122 191 1160 vt
223 1121 313 1160 tres
345 1119 442 1160 libri
475 1119 776 1161 Centuriales5
809 1119 982 1161 tandem
1018 1134 1043 1161 a
1075 1119 1125 1160 R:
1160 1119 1206 1161 P.
1241 1118 1410 1161 Canisio
1444 1119 1740 1169 absoluantur,
1780 1132 1906 1171 quem

147 1184 300 1225 Patres
332 1183 525 1227 iudicant
558 1198 643 1225 non
676 1198 771 1226 esse
805 1186 952 1238 aptum
986 1184 1084 1225 huic
1117 1183 1331 1225 scribendi
1362 1184 1542 1238 munerj,
1585 1184 1661 1225 sed
1693 1197 1908 1238 occupan-

147 1250 245 1290 dum
287 1249 429 1303 potius
469 1249 513 1290 in
547 1249 820 1291 concionibus
853 1253 897 1292 et
938 1249 1241 1303 scriptionibus
1282 1249 1524 1291 libellorum
1562 1249 1909 1301 germanicorum

146 1329 221 1356 seu
255 1314 434 1356 alicuius
466 1314 669 1368 postillae
702 1317 782 1357 etc.
813 1314 989 1356 nimium
1025 1317 1068 1356 et
1101 1328 1146 1355 se
1170 1317 1213 1356 et
1245 1314 1354 1356 alios
1387 1313 1574 1359 confecit
1605 1314 1742 1355 bonus
1764 1313 1908 1363 Pater,

147 1383 190 1421 et
230 1393 448 1432 nunquam
491 1383 639 1422 tamen
680 1380 761 1421 sibi
803 1379 1032 1423 satisfacit.
1097 1379 1201 1421 Eius
1235 1393 1364 1433 opere
1404 1380 1526 1421 finito
1567 1380 1681 1432 quod
1721 1393 1834 1420 nunc
1867 1379 1909 1419 in

147 1444 344 1486 manibus
382 1458 605 1487 censorum
649 1448 728 1495 est,
772 1445 913 1486 iudico
947 1445 1007 1486 illi
1041 1459 1096 1486 ex
1129 1445 1235 1486 vrbe
1277 1444 1580 1499 imponendum
1614 1458 1709 1486 esse
1743 1447 1791 1486 vt
1830 1443 1910 1485 im-

146 1510 453 1563 pugnationem
487 1510 829 1553 centuriatorum
854 1510 1031 1552 missam
1064 1510 1211 1557 faciat,
1247 1510 1359 1563 quod
1392 1513 1436 1552 et
1468 1509 1549 1563 ipsi
1582 1523 1633 1551 ac
1654 1509 1777 1551 nobis
1810 1522 1911 1562 gra-

147 1574 359 1616 tissimum
384 1575 505 1617 erit.“'
557 1575 722 1617 Deinde
750 1576 1034 1617 leeodoricus
1059 1576 1257 1618 Caozz'sa‘us
1280 1575 1455 1628 Dilinga
1481 1577 1546 1617 10.
1573 1574 1773 1617 Octobris
1799 1575 1908 1616 1570

146 1639 349 1692 Borgiam
394 1641 620 1683 certiorem
662 1640 790 1683 fecit:
840 1640 1146 1691 „Reuerendus
1188 1644 1313 1695 pater
1355 1640 1563 1691 Canisius,
1606 1640 1642 1681 si
1683 1653 1761 1694 per
1792 1640 1912 1681 vale-

145 1705 338 1747 tudinem
381 1706 539 1756 licebit,
582 1706 860 1760 praecipuam
902 1705 1090 1748 instituti
1133 1706 1277 1760 operis
1310 1706 1374 1747 sui
1417 1708 1585 1760 partem
1619 1705 1674 1747 ad
1706 1704 1911 1747 Natalem

149 1770 317 1812 Domini
351 1771 627 1814 absoluturus
660 1771 870 1813 videtur.“

148 1894 287 1931 1048
314 1896 391 1930 sive
418 1894 527 1931 litt.
548 1894 683 1941 (43).
751 1895 780 1931 A
806 1905 852 1931 m.
872 1895 965 1931 Maio
991 1895 1072 1931 1570
1099 1895 1143 1931 ad
1171 1894 1411 1931 Februarium
1437 1894 1521 1931 1571.

267 1955 322 1988 Ex
348 1955 556 1989 Theodorici
585 1954 717 1989 Canisii
745 1959 779 1989 et
806 1955 946 1990 Hoffaei
974 1955 1219 2000 autographis,
1246 1967 1337 1999 quae
1363 1957 1447 1989 sunt
1473 1956 1507 1988 111
1536 1954 1576 1989 G.
1609 1955 1672 1999 Ep.
1696 1954 1757 1989 XI.
1784 1955 1808 1989 f·.
1829 1954 1913 1989 2332

149 2010 184 2042 et
211 2007 250 2042 G.
280 2008 342 2052 Ep.
372 2008 450 2042 coll.
479 2008 493 2042 1
520 2010 543 2042 f.
571 2007 666 2049 ‘280‘3
694 2011 729 2042 et
756 2020 801 2042 ex
828 2008 1063 2053 epistularum
1091 2008 1243 2052 Borgiae
1275 2008 1493 2052 apographis
1520 2008 1595 2042 eod.
1622 2010 1731 2052 temp.
1759 2008 1912 2053 scriptis,

148 2073 238 2106 quae
265 2064 349 2095 sunt
374 2062 409 2095 in
438 2061 555 2095 Germ.
577 2062 620 2096 70
647 2062 671 2095 f.
694 2062 776 2096 lf-Jssh
800 2062 892 2096 155³.

270 2121 408 2155 Canisii
436 2123 471 2154 in
497 2122 680 2155 scribendo
706 2123 896 2155 adiutores.
952 2122 1128 2163 Querelae.
1180 2122 1355 2163 Hoffaezcs
1381 2125 1411 2154 et
1440 2121 1588 2155 Canisc'i.

265 2179 304 2213 P.
338 2180 573 2213 Τὴεόᾱονὶιίια.Ἰ
603 2181 770 2214 Οαηῖείιιε
796 2180 829 2214 S.
857 2181 889 2214 J.
918 2180 1165 2214 universitatis
1192 2179 1402 2224 collegiique
1428 2179 1600 2223 dilingani
1626 2181 1744 2213 rector
1768 2178 1913 2222 Dilinga

149 2234 202 2268 10.
230 2233 396 2268 Octobris
436 2234 524 2267 1570
559 2234 603 2267 ad
631 2233 664 2268 S.
691 2233 923 2268 Franciscum
951 2233 1118 2276 Borgiam
1154 2234 1398 2278 praepositum
1434 2233 1638 2276 generalem
1666 2233 1708 2266 de
1739 2232 1774 2266 P.
1800 2232 1913 2267 Paulo

147 2286 294 2320 Hoffaeo
322 2286 534 2321 Germaniae
559 2287 755 2331 superioris
789 2286 1001 2332 provinciali
1032 2287 1197 2331 scripsit:
1239 2287 1391 2330 ,Magna
1416 2286 1661 2331 superioribus
1687 2286 1811 2320 diebus
1837 2297 1912 2330 per-

146 2351 313 2373 sonarum
348 2340 444 2373 facta
472 2342 526 2374 est
553 2351 572 2373 a
599 2342 701 2384 patre
735 2340 947 2384 prouinciali
974 2341 1144 2374 mutatio:
1181 2340 1353 2373 tredecim
1381 2339 1475 2373 enim
1500 2339 1584 2373 111110
1609 2339 1786 2380 auocauit,
1821 2339 1914 2372 inter

147 2404 235 2436 quos
269 2393 338 2426 fuit
373 2393 410 2426 P.
448 2393 604 2427 Joannes
639 2393 823 2427 Rastellus
853 2393 1003 2437 Anglus,
1039 2394 1158 2427 socius
1193 2393 1354 2427 laborum
1390 2393 1592 2427 Reuerendi
1627 2404 1659 2437 p.
1697 2392 1843 2438 Canisij,
1879 2394 1914 2426 et

148 2446 186 2482 P.
214 2445 490 2490 Christophorus
526 2446 707 2490 Ziglerus;
745 2449 781 2480 et
818 2447 989 2480 tredecim
1025 2446 1115 2480 alios
1150 2447 1335 2480 reddidit*
1398 2445 1474 2487 Qua
1510 2458 1547 2479 re
1583 2446 1727 2488 cognita
1761 2447 1915 2489 Borqias

148 2500 294 2533 Hoffaeo
321 2499 431 2533 Roma
458 2500 513 2533 25.
533 2500 746 2534 Novembris
775 2500 865 2534 1570
892 2500 1055 2545 scripsit:
1086 2500 1255 2542 „intendo
1279 2499 1381 2533 che’l
1401 2500 1607 2544 Compagno
1627 2499 1691 2533 che
1717 2499 1777 2543 qui
1803 2499 1834 2533 si
1853 2510 1914 2532 era

149 2553 230 2586 dato
266 2552 299 2586 al
328 2553 364 2586 P.
393 2552 535 2586 Canisio
571 2565 634 2597 per
668 2553 820 2587 aiutarlo
856 2553 937 2586 nell'
958 2565 1065 2598 opera
1094 2565 1160 2587 sua
1186 2553 1217 2587 si
1244 2556 1261 2586 e
1290 2553 1457 2586 mandato
1483 2554 1518 2585 in
1546 2552 1638 2586 Hala
1657 2579 1663 2586 .
1684 2553 1776 2586 auisi
1802 2552 1845 2586 V.
1872 2551 1912 2586 R.

150 2617 247 2639 come
274 2606 304 2639 si
331 2606 407 2639 fece
435 2609 571 2649 questo,
598 2609 634 2640 et
659 2618 697 2640 se
724 2606 749 2639 il
774 2606 814 2641 P.
843 2606 985 2640 Canisio
1012 2606 1042 2639 si
1069 2607 1267 2640 contento*
1318 2607 1490 2648 Hoffaens
1516 2609 1635 2639 autem
1661 2605 1814 2648 Borgiae
1841 2604 1913 2638 Mo—

150 2658 275 2691 nachio
303 2658 333 2692 3.
362 2659 515 2692 Ianuarii
546 2660 631 2693 1571
661 2659 855 2704 respondit.
899 2661 952 2693 Ac
978 2660 1130 2704 primum
1158 2659 1300 2702 quidem
1328 2670 1408 2692 eum
1434 2659 1587 2701 rogavit,
1618 2661 1658 2691 ut
1683 2657 1915 2702 provincialis

151 2722 305 2748 munere,
333 2722 401 2754 quo
427 2712 497 2744 iam
524 2715 597 2746 tres
616 2724 727 2746 annos
753 2712 899 2746 functus
918 2715 1025 2753 esset,
1051 2724 1089 2746 se
1116 2712 1273 2750 levaret;
1303 2712 1485 2746 Canisium
1503 2711 1538 2745 id
1557 2711 1713 2745 officium
1732 2711 1914 2755 suscipere

151 2774 265 2807 posse.
305 2764 438 2797 Deinde
466 2764 552 2798 haec
579 2765 715 2799 addidit
742 2765 784 2799 de
811 2765 881 2799 PP.
904 2765 1009 2799 Petro
1035 2765 1187 2806 Canisio,
1214 2765 1433 2798 Theodorico
1461 2764 1603 2798 Canisio
1633 2764 1786 2807 (rectore
1812 2763 1913 2798 dilin-

152 2824 271 2858 gano).
300 2817 427 2850 loanne
454 2817 614 2851 Rastello
644 2819 807 2861 (Anglo).
834 2818 989 2852 Antonio
1009 2818 1167 2852 Guisano
1189 2818 1395 2861 (Flandro):
1428 2816 1546 2859 „Quod
1573 2817 1699 2851 deinde
1717 2817 1846 2851 attinet
1869 2817 1914 2850 ad

153 2869 191 2901 P.
218 2869 390 2901 Joannem
410 2871 564 2912 Anglum
592 2882 696 2914 quem
724 2872 762 2905 P.
782 2871 825 2905 V.
846 2871 1011 2905 adiunxit
1038 2871 1076 2906 P.
1096 2871 1238 2906 Canisio
1265 2872 1305 2904 vt
1330 2870 1448 2915 ipsum
1475 2871 1616 2904 iuuaret
1642 2870 1676 2904 111
1704 2881 1808 2914 opere
1835 2881 1913 2904 cen-

275 2975 283 2994 ¹
312 2974 509 3018 Praepositi
540 2977 782 3020 provincialis.
928 2977 940 2997 ²
966 2977 1188 3011 Ferdinando
1216 2977 1258 3010 11.
1287 2976 1486 3021 Oeniponte
1512 2975 1700 3010 habitanti.

274 3027 286 3047 3
312 3027 468 3061 Roseffii.
616 3032 628 3048 ⁴
655 3029 706 3062 De
734 3029 766 3063 S.
787 3030 918 3064 Ioanne
945 3031 1120 3074 Baptista.

277 3079 288 3097 5
314 3079 365 3112 De
392 3079 425 3113 S.
453 3080 592 3114 Ioanne.
621 3081 659 3114 B.
687 3082 811 3123 Maria,
840 3082 873 3116 S.
901 3083 1027 3123 Petro:
1056 3095 1089 3117 v,
1117 3094 1223 3127 supra
1251 3094 1283 3127 p.
1310 3082 1391 3117 438.
