2044 3335
181 128 263 168 724
800 122 898 157 Mon.
929 122 1019 157 1070
1044 121 1122 156 sive
1149 133 1225 156 var.
1247 121 1312 165 (6).

180 241 275 276 Ettal
295 241 425 281 vocari,
453 251 532 274 cum
557 240 591 272 in
611 238 875 279 commentario,
902 249 970 281 quo
989 238 1065 282 ipse
1083 249 1170 271 usus
1190 239 1255 281 est,
1283 240 1446 271 neutrum
1467 249 1605 279 nomen,
1633 238 1668 272 in
1687 238 1941 272 commentario

178 294 307 328 Raderi
334 305 460 327 nomen
487 294 626 326 tantum
649 291 756 332 Ettal,
783 291 890 335 idque
918 303 996 324 cum
1025 291 1245 324 dubitatione
1264 292 1427 335 quadam,
1454 292 1667 336 proferatur.
1710 290 1878 326 Fortasse
1896 303 1941 324 ex

179 347 307 381 Raderi
322 346 411 379 libro
426 346 513 379 haec
528 345 666 383 didicit;
683 344 837 378 fortasse
852 344 991 389 accepit
1006 356 1070 386 „ex
1085 344 1164 377 ore“
1180 343 1329 385 Roccae,
1346 344 1388 378 de
1404 347 1478 378 tota
1493 356 1531 378 re
1546 343 1753 386 diligentius
1767 344 1939 379 meditati.

296 399 446 432 Roccam
474 398 610 432 factum
630 409 699 431 non
717 397 851 438 statim,
878 397 940 431 sed
959 396 1082 431 multis
1109 399 1191 441 post
1208 397 1321 437 annis,
1349 409 1430 431 cum
1456 399 1526 430 iam
1555 397 1589 430 in
1611 396 1750 430 ltaliam
1778 397 1942 438 redisset,

178 452 308 486 litteris
335 452 566 493 consignasse
593 453 692 495 patet
718 462 763 484 ex
789 451 906 490 rebus,
942 461 1031 494 quas
1067 450 1137 483 iam
1172 450 1257 484 dixi.
1308 450 1424 491 Quare
1451 450 1579 483 mirum
1615 461 1684 483 non
1720 452 1785 491 est,
1821 449 1942 494 aliqua

178 506 220 539 de
247 505 322 538 eius
348 504 519 538 memoria
545 503 684 548 dilapsa
720 514 809 544 esse,
845 503 915 537 alia
943 503 1059 537 minus
1094 505 1261 537 accurate
1297 504 1340 537 ab
1377 515 1417 537 eo
1452 503 1597 543 referri;
1633 505 1673 536 ut
1705 514 1785 537 cum
1811 503 1943 537 asserit

177 557 428 601 Magdalenam
455 559 491 591 et
510 556 683 591 Helenam
710 556 973 591 archiducissas
996 556 1292 598 „monasteflunff
1323 556 1494 591 nobilium
1522 556 1703 598 virginum
1730 556 1880 590 condere
1907 558 1941 590 et

175 623 306 645 novam
332 610 519 644 mulierum
543 610 807 653 „religionem“,
833 621 924 653 quae
942 621 962 643 a
981 609 1159 643 societate
1178 613 1399 653 regerentur,
1427 610 1578 643 fundare
1596 609 1771 649 voluisse;
1799 609 1940 643 domum

176 665 315 709 piarum
342 664 522 707 virginum
557 664 746 698 instituere
781 663 959 704 volebant,
996 674 1087 706 quae
1122 663 1329 697 monasterii
1366 663 1508 707 quidem
1545 662 1683 702 similis,
1718 662 1779 696 sed
1816 674 1942 696 verum

176 717 432 751 monasterium
466 729 535 750 non
574 719 670 750 esset
699 718 747 758 (v.
775 728 884 761 supra
911 728 942 760 p.
971 715 1021 758 8).
1074 716 1263 750 Caeterum
1300 716 1366 749 hoc
1402 716 1518 761 ipsum
1546 716 1685 750 Roccae
1718 716 1825 749 fidem
1862 727 1941 749 oon-

177 770 298 805 'ciliare
325 770 439 811 debet,
471 769 563 814 quod
589 781 705 813 neque
731 769 868 803 incerta
894 781 956 814 pro
984 769 1092 803 certis
1121 769 1305 802 venditare
1331 781 1446 813 neque
1474 769 1664 812 quicquam
1690 768 1826 812 fingere
1852 768 1941 803 vult.

295 823 507 857 Franciscus
534 823 661 863 Rocca,
698 822 763 856 sub
790 834 821 856 a.
850 822 937 856 1541
968 821 1109 856 Roehae
1137 824 1341 856 contractae
1370 821 1503 864 (Rocca
1531 822 1709 856 Contrada
1734 822 1810 855 sive
1839 823 1943 855 Arce—

176 877 246 918 via,
282 878 318 910 in
345 875 516 917 Mamhia,
553 876 678 909 ltaliae
714 875 884 910 centralis
914 875 1074 919 regione)
1103 877 1219 916 natus,
1256 887 1347 908 anno
1371 876 1459 909 1561
1489 874 1632 908 Laui-eti
1667 875 1703 908 in
1729 874 1943 909 Societatem

177 930 365 970 admissus,
395 930 484 963 1562
512 930 546 962 in
574 928 802 963 Germaniam
833 929 1050 974 superiorem
1087 929 1219 962 missus
1250 929 1355 972 (Can.
1382 929 1434 962 111
1459 929 1558 971 494),
1585 928 1640 962 22.
1668 928 1754 962 Maii
1783 928 1871 962 1567
1907 927 1942 962 in

175 984 412 1018 universitate
449 982 632 1025 dilingana
671 982 947 1024 „baccalaureus
982 982 1246 1026 philosophiae*⁴
1288 984 1430 1016 creatus
1466 984 1523 1016 est
1549 982 1650 1025 (Cod.
1678 981 1800 1024 diling.
1833 981 1943 1023 „Acta

177 1049 229 1072 ac.
256 1037 345 1071 Dil.“
375 1048 408 1081 p.
429 1036 509 1079 77);
538 1047 616 1069 eum
645 1036 768 1069 eodem
795 1047 886 1070 anno
913 1035 1111 1069 sacerdotio
1138 1036 1318 1069 initiatum
1346 1047 1424 1069 esse
1451 1038 1487 1069 et
1513 1046 1532 1069 a
1560 1035 1743 1076 Sacchino,
1770 1036 1810 1068 ut
1835 1046 1943 1079 supra

177 1090 261 1131 dixi,
288 1090 516 1129 affirmatum,
544 1091 579 1122 et
605 1089 675 1122 iam
702 1091 785 1122 ante
811 1089 846 1122 in
873 1088 1014 1131 collegii
1042 1089 1215 1132 dilingani
1242 1088 1433 1122 *Historia
1460 1100 1566 1122 manu
1592 1088 1727 1132 scripta
1752 1088 1942 1121 memoriae

176 1144 354 1188 proditum
382 1144 437 1176 est
465 1141 565 1184 (Cod.
592 1142 743 1185 friburg.
768 1141 879 1184 ,Hist.
899 1142 977 1176 coll.
998 1142 1087 1175 Dil.“
1118 1142 1142 1175 f.
1163 1141 1227 1185 5²).
1262 1142 1303 1175 In
1321 1143 1518 1185 *Cataloyo
1545 1141 1687 1184 collegii
1714 1141 1940 1185 oenipontani

177 1209 268 1231 anno
308 1196 396 1230 1568
436 1196 566 1237 (medio
602 1195 661 1228 vel
699 1195 897 1238 exeunte?)
936 1195 1070 1239 scripto
1110 1195 1169 1237 „R
1197 1195 1411 1229 Franciscus
1446 1206 1466 1229 a
1499 1195 1639 1229 Rocha“
1678 1196 1828 1228 vocatur
1863 1206 1941 1228 con-

176 1249 349 1284 fessarius
375 1248 558 1289 Italorum,
594 1249 799 1292 praefectus
834 1248 1043 1288 studiorum,
1079 1248 1284 1292 praefectus
1318 1248 1455 1293 templi,
1497 1247 1722 1289 „Catechista
1747 1247 1881 1281 latinus
1907 1250 1943 1281 et

177 1302 388 1347 explanator
415 1301 594 1346 euangelij
621 1301 755 1335 latinus
782 1302 817 1335 in
843 1301 966 1336 schola
993 1301 1118 1335 diebus
1145 1301 1330 1335 dominicis
1358 1304 1392 1335 et
1418 1301 1543 1335 festis“
1575 1301 1678 1343 (GSC
1705 1301 1749 1335 66
1775 1300 1800 1334 f.
1827 1301 1940 1344 359³).

177 1356 340 1389 Exeunte
367 1355 510 1389 saeculo
536 1355 631 1389 XVI.
675 1355 808 1388 Romae
835 1356 870 1388 in
897 1354 1049 1397 collegio
1069 1354 1259 1388 Societatis
1286 1355 1528 1388 confessarius
1555 1357 1591 1388 et
1621 1354 1821 1397 „minister“
1852 1354 1941 1395 fuit;

176 1411 212 1443 et
238 1421 301 1454 per
327 1408 462 1452 aliquot
488 1419 599 1442 annos
626 1408 661 1441 in
687 1408 837 1442 basilica
856 1407 888 1441 S.
910 1408 1007 1442 Petri
1034 1408 1299 1452 poenitentiarii
1325 1408 1443 1442 officio
1468 1408 1614 1442 functus
1641 1410 1697 1441 est
1718 1419 1800 1452 „pro
1818 1407 1942 1450 lingua

177 1461 343 1505 gallica“.
395 1461 598 1495 Venerabili
626 1472 766 1505 quoque
793 1461 947 1495 Roberto
974 1461 1146 1494 cardinali
1167 1461 1382 1494 Bellarmino
1409 1461 1442 1495 S.
1463 1461 1494 1495 J.
1522 1461 1653 1494 multos
1679 1471 1801 1502 annos,
1829 1471 1942 1503 usque

177 1515 219 1549 ad
257 1515 333 1548 eius
368 1518 518 1548 mortem
548 1515 582 1557 (†
612 1514 731 1558 1621),
767 1526 808 1548 ac
844 1514 999 1548 fortasse
1034 1526 1097 1559 per
1132 1517 1246 1548 totum
1281 1517 1424 1558 tempus
1459 1514 1738 1557 (1599—1621),
1777 1525 1846 1557 quo
1881 1514 1941 1547 ille

176 1568 368 1602 cardinalis
395 1570 481 1609 erat,
509 1579 528 1601 a
554 1569 667 1601 sacris
695 1568 977 1602 confessionibus
1003 1568 1073 1602 fuit
1100 1568 1151 1611 (J.
1170 1569 1207 1601 J.
1233 1579 1297 1601 von
1326 1568 1511 1611 Do‘llinyer
1538 1568 1607 1601 und
1634 1568 1698 1601 Fr.
1719 1568 1765 1601 H.
1793 1567 1940 1611 Reuschs,

178 1621 242 1654 Die
262 1620 593 1665 Selbstbiographie
612 1621 674 1655 des
694 1620 881 1654 Cardinals
899 1620 1105 1661 Bellarmin,
1124 1621 1222 1655 Bonn
1245 1621 1345 1660 1887,
1372 1620 1416 1654 83
1436 1621 1523 1661 251;
1551 1621 1647 1655 J.-B.
1670 1621 1826 1655 Condere
1845 1620 1879 1654 S.
1897 1621 1941 1661 J„

180 1675 227 1708 Le
254 1674 454 1708 Venerable
481 1674 648 1708 Cardinal
675 1674 868 1708 Bellarmin
895 1675 939 1715 H,
966 1674 1069 1708 Paris
1098 1674 1199 1714 1893,
1227 1674 1295 1708 323
1322 1674 1420 1717 357).

293 1728 458 1767 Roccam,
486 1739 565 1761 cum
584 1728 840 1761 monasterium
867 1727 954 1761 illud
987 1727 1113 1769 „Ethai
1131 1727 1251 1761 uocari
1278 1728 1455 1772 putaret“,
1482 1727 1688 1761 memoriam
1714 1738 1940 1771 nequaquam

175 1781 348 1815 fefellisse
375 1782 464 1815 satis
492 1784 628 1814 certum
656 1784 711 1814 est
737 1792 782 1814 ex
806 1781 860 1821 iis,
892 1793 983 1824 quae
1020 1782 1089 1814 iam
1125 1781 1210 1815 dixi.
1263 1781 1473 1824 Congruunt
1507 1783 1694 1825 praeterea
1729 1781 1842 1814 eidem
1869 1792 1940 1814 mo-

175 1835 343 1875 nasteriO,
371 1846 462 1878 quae
489 1835 531 1867 de
557 1834 624 1868 loci
651 1834 733 1875 situ,
761 1834 917 1877 regione,
943 1834 1127 1868 monachis
1154 1846 1174 1868 a
1200 1834 1318 1868 Rocca
1343 1834 1543 1868 traduntur.
1597 1833 1771 1875 Canisius,
1800 1837 1838 1867 ut
1863 1834 1940 1878 ipse

176 1890 341 1928 testatur,
369 1899 460 1920 anno
482 1888 571 1921 1558
599 1899 618 1920 a
646 1887 790 1921 Placido
810 1886 890 1921 Gall
917 1888 1046 1921 abbate
1073 1887 1239 1921 ettalensi
1272 1887 1494 1930 „humaniter
1521 1888 1713 1931 exceptus“
1744 1890 1779 1920 et
1809 1887 1942 1928 „sacris

177 1941 339 1986 reliquijs
372 1941 544 1974 donatus“
580 1942 657 1974 erat
694 1940 800 1984 (Can.
829 1941 861 1974 Il
892 1940 989 1983 273).
1041 1941 1297 1974 Monasterium
1334 1940 1508 1974 ettalense
1546 1939 1679 1983 (Ettal,
1715 1940 1750 1974 in
1787 1940 1941 1974 Bavaria

177 1994 396 2039 superiore),
432 1994 565 2027 ordinis
593 1993 626 2027 S.
654 1993 848 2034 Benedicti,
885 1994 919 2026 in
955 1993 1049 2027 edito
1076 1994 1218 2038 Alpium
1255 1994 1348 2037 iugo,
1384 1994 1476 2027 unde
1512 1994 1556 2027 ad
1591 1993 1723 2027 vallem
1750 1994 1941 2028 Ambronis

178 2047 414 2087 descenditur,
441 2058 532 2080 anno
564 2047 652 2080 1330
687 2058 707 2079 a
734 2047 915 2080 Ludovico
941 2047 1163 2081 Bavarorum
1198 2047 1357 2091 principe
1393 2049 1428 2080 et
1454 2047 1693 2080 Romanorum
1728 2047 1941 2091 imperatore

179 2100 370 2141 conditum,
398 2112 428 2134 a.
450 2100 540 2134 1803
559 2110 802 2144 suppressum,
830 2111 860 2133 a.
883 2100 971 2135 1899
991 2101 1209 2142 restitutum,
1237 2100 1425 2134 ecclesiam
1443 2100 1553 2134 habet
1570 2100 1743 2143 singulari
1762 2102 1839 2133 arte
1857 2100 1940 2134 olim

179 2156 433 2190 constructam,
453 2153 650 2196 grandique
669 2152 931 2197 hemisphaerio
950 2156 1162 2195 contectam,
1181 2153 1216 2187 in
1235 2165 1305 2197 qua
1323 2155 1391 2187 iam
1407 2153 1488 2187 inde
1504 2165 1523 2187 a
1537 2153 1756 2198 temporibus
1771 2153 1941 2187 Ludovici

178 2207 406 2252 imperatoris
432 2206 683 2250 antiquissima
710 2206 843 2239 Beatae
870 2206 1006 2240 Mariae
1032 2207 1193 2249 Virginis
1220 2209 1339 2241 statua
1367 2218 1566 2240 marmorea
1593 2207 1636 2240 ab
1663 2206 1880 2240 admirandis
1906 2207 1941 2240 in

179 2260 360 2305 supplices
390 2259 572 2293 beneficiis
607 2259 878 2302 religiosissime
914 2260 1041 2293 colitur
1079 2261 1198 2303 (Gust.
1225 2272 1290 2293 von
1318 2262 1448 2293 Bezold
1483 2260 1553 2293 und
1581 2260 1700 2294 Berth.
1726 2260 1840 2303 Rsekl,
1876 2260 1941 2294 Die

180 2313 490 2347 Kunstdenkmale
517 2313 579 2346 des
605 2312 996 2355 Regierungsbezirkes
1023 2312 1266 2357 Oberbayern,
1294 2313 1473 2347 Munchen
1502 2313 1602 2354 1892,
1630 2313 1844 2355 614-628).

302 2368 469 2400 Canisius
503 2377 581 2399 eum
606 2367 723 2399 Rocca
750 2367 911 2409 Auyusta
942 2368 1165 2410 Oem'pontem
1200 2378 1319 2400 versas
1345 2378 1430 2410 equo
1454 2367 1602 2400 vehitur.
1653 2367 1767 2409 Prope
1793 2367 1942 2400 Ambro-

177 2422 317 2463 9aoiam
355 2421 570 2463 superiorem
608 2420 820 2452 Ambroncm
859 2421 979 2452 omnia
1015 2422 1119 2464 aquis
1154 2421 1385 2453 inundantem
1420 2421 1562 2463 traicit,
1594 2421 1752 2462 payanis
1787 2421 1941 2463 equitum

181 2475 370 2507 audaciam
397 2473 669 2506 admirantibus.
713 2473 772 2505 Aa
797 2474 1050 2506 monasterium
1076 2474 1333 2507 benedictinam
1359 2474 1458 2506 Ettal
1484 2474 1636 2516 divertit,
1662 2473 1778 2515 ibique
1801 2484 1940 2506 sacram

181 2529 375 2559 orationem
402 2527 512 2559 habet.
564 2526 749 2568 Postridie,
785 2527 867 2558 dum
899 2538 968 2568 per
1002 2538 1116 2570 aquas
1144 2527 1315 2569 procedit,
1351 2537 1437 2570 equo
1473 2527 1604 2569 effusus
1639 2529 1669 2558 et
1692 2537 1806 2569 paene
1839 2528 1942 2569 aquis

181 2591 326 2622 mersus,
354 2580 516 2612 educitur
532 2591 596 2622 per
614 2580 789 2612 hominem
806 2580 876 2612 sive
894 2580 1054 2623 anyelum
1076 2585 1213 2622 repente
1231 2584 1498 2622 comparentem,
1524 2584 1663 2622 repente
1680 2584 1940 2612 evanescentem.

301 2651 348 2692 P.
374 2651 630 2692 Franciscus
652 2652 789 2692 Bocoa
812 2652 855 2692 S.
879 2651 922 2694 J.
947 2653 1060 2692 circo.
1084 2652 1250 2693 initium
1275 2651 1432 2692 saecula·
1456 2650 1594 2693 XVII.
1619 2651 1719 2692 haec
1742 2665 1940 2692 commen-

183 2717 293 2756 tario
326 2717 464 2757 italice
496 2717 649 2770 scripto
682 2718 900 2757 narravit:

517 2790 661 2833 [Versio
687 2791 743 2833 A]
1412 2790 1556 2832 [Vm-sio
1582 2791 1636 2833 B]

244 2850 288 2891 P.
339 2850 495 2892 Petrus
543 2850 738 2892 Canisius
787 2864 898 2892 anno
949 2852 1075 2903 1566,
1174 2850 1289 2887 Anno
1321 2850 1442 2887 1566ο
1477 2849 1560 2887 siue
1590 2851 1693 2888 67.⁰¹
1712 2849 1755 2887 P.
1776 2849 1941 2886 Petrusa

185 2913 253 2954 uel
278 2916 328 2955 67
343 2914 357 2933 ¹³
373 2917 398 2965 ¹,
434 2929 526 2956 cum
562 2918 678 2957 esset
700 2915 976 2968 prouincialis
999 2915 1076 2957 So·
1115 2919 1296 2958 Canisius
1318 2932 1403 2957 cum
1417 2920 1676 2958 Prouincialis
1696 2923 1799 2958 esset
1814 2919 1940 2957 Socie—

304 2991 331 3015 a)
353 2990 412 3013 Hoc
431 2997 455 3013 v.
469 2990 500 3013 in
520 2991 546 3014 B
565 2997 657 3020 supra
678 2997 793 3014 versum
811 2990 953 3021 scriptum
973 2992 1023 3014 est.
1097 2988 1127 3020 b)
1148 2988 1172 3013 Il
1191 2987 1225 3015 R.
1239 2988 1270 3014 P.
1285 2987 1388 3013 Pietro
1408 2987 1526 3014 Canisio
1548 2988 1616 3013 nell'
1636 2995 1713 3014 anno
1735 2988 1801 3014 1567
1823 2990 1852 3014 C.

307 3097 316 3116 ¹
343 3097 413 3131 Res
439 3101 543 3140 gesta
561 3102 616 3133 est
642 3111 733 3134 anno
762 3101 869 3141 15673
898 3100 979 3134 vide
999 3112 1089 3144 quae
1108 3101 1173 3135 sub
1201 3101 1315 3145 ipsum
1341 3101 1434 3135 hunc
1453 3101 1747 3135 commentarium
1765 3101 1938 3135 dicentur.
