2044 3335
384 117 485 151 1495.
513 117 547 151 S.
566 117 781 152 Franciscus
809 118 960 162 Borgias
988 118 1073 153 Can.
1124 118 1237 152 Roma
1264 118 1320 153 20.
1342 119 1440 163 Sept.
1462 119 1562 152 1567.
1814 121 1868 161 49

94 235 236 285 Quare
270 235 314 277 P.
349 235 397 277 T.
432 249 552 288 rogo,
596 239 645 278 vt
682 250 735 277 ne
769 236 930 279 diutius
964 236 1183 290 patiamur
1215 236 1377 279 fratres
1411 237 1590 278 destitui
1622 238 1869 279 necessario

94 300 237 354 capite
279 302 412 353 atque
452 300 632 342 meliore
674 300 875 352 Rectore,
920 302 992 355 qui
1034 302 1114 343 hoc
1156 302 1250 343 loco
1293 301 1543 355 cumprimis
1582 301 1867 344 desideratur.

93 366 304 408 Dominus
336 365 508 407 JESVS
542 365 778 408 nobiscum.
1226 366 1228 368 ’
1310 367 1471 408 Seruus
1503 366 1546 408 in
1579 366 1750 409 Christo

211 490 262 532 R.
297 490 342 532 P.
378 489 432 532 N.
469 489 698 531 Generali³
732 490 862 533 s0111.
1382 432 1427 474 Β
1464 432 1673 474 Cdmfflus'

211 583 238 634 †
283 582 527 624 Admodum
572 582 831 625 Reuerendo
877 583 919 625 in
966 584 1136 627 Christo
1183 584 1306 627 Patri
1347 584 1579 626 Francisco
1625 598 1650 626 a
1692 583 1867 637 Borgia,

92 647 349 702 Praeposito
384 647 587 689 Generali
621 647 854 691 Societatis
888 649 1042 693 JESV.
1185 649 1364 692 Romae.

211 739 363 783 Borgias
390 739 532 774 Canisio
559 740 745 784 respondit
771 740 803 775 8.
823 740 1039 775 Novembris
1069 741 1169 775 1567.

92 865 243 903 1495.
311 866 620 903 SANCTUS
645 866 1077 905 FRANCISCUS
1102 866 1417 904 BORGIAS
1443 869 1670 914 praepositus
1689 868 1870 911 generalis

283 920 475 955 Societatis
503 922 584 955 Iesu
612 920 813 957 CANISIO.
1249 921 1362 956 Roma
1389 922 1444 957 20.
1466 922 1689 967 Septembris
1718 923 1819 956 1567.

215 985 270 1019 Ex
297 986 505 1031 apographo
533 986 646 1020 eiusd.
674 989 805 1031 temp,
843 986 878 1020 111
906 987 1080 1030 margine,
1117 986 1240 1020 eadem
1278 998 1405 1021 manu:
1446 988 1634 1030 „Augusta
1660 986 1777 1021 Padre
1804 987 1867 1021 Ca-

91 1038 216 1073 nisio“.
245 1039 366 1074 Germ.
394 1039 438 1073 67
466 1040 490 1074 f.
511 1039 566 1074 65.
604 1039 808 1084 Epistulam
836 1040 871 1073 in
899 1040 1149 1085 compendium
1177 1042 1400 1074 contractam
1428 1041 1548 1085 posuit
1574 1041 1692 1084 Duhr,
1721 1041 1794 1075 Jes.
1822 1052 1866 1074 an

91 1092 356 1126 Fiirstenhofen
384 1093 438 1133 75,
467 1094 503 1126 et
529 1093 602 1127 Jes.
631 1093 643 1125 I
675 1094 754 1127 191.

215 1158 301 1191 Cum
321 1159 508 1191 Societatis
536 1160 697 1191 instituto
721 1162 870 1201 puynaz‘,
893 1170 961 1201 per
981 1159 1103 1192 Socios
1128 1159 1179 1191 vel
1205 1159 1387 1202 colle-qiam
1407 1160 1586 1203 vir-(sinum
1613 1159 1755 1192 kalense
1781 1161 1867 1203 reyt',

91 1212 142 1244 vel
167 1212 292 1244 divina
318 1212 439 1254 officia
466 1213 611 1244 cantari
645 1212 684 1243 in
711 1212 863 1244 eiusdem
890 1213 1027 1255 templo.
1082 1213 1183 1253 Quod
1210 1213 1379 1245 Societati
1405 1213 1565 1245 dandum
1590 1224 1660 1246 non
1689 1218 1747 1246 est.
1803 1214 1866 1246 Ca-

92 1266 206 1298 nisius
232 1265 317 1298 haec
342 1267 478 1308 reyinz's
504 1265 695 1308 espla'cahit
722 1269 762 1307 et,
799 1277 885 1298 wrm
912 1277 983 1309 qua
1010 1267 1086 1298 alia
1113 1267 1254 1299 ratione
1282 1267 1380 1299 Socii
1407 1268 1494 1309 ipsis
1519 1267 1700 1309 fmnulari
1725 1271 1866 1310 queant,

90 1319 227 1351 videbit.

519 1377 775 1419 Reuerende
807 1377 849 1418 in
884 1377 1045 1420 christo
1081 1378 1226 1420 Pater.

210 1453 318 1496 Pax.
382 1454 450 1495 Ex
484 1453 623 1496 literis
658 1454 722 1496 R.
747 1453 800 1498 V.
839 1455 905 1496 18.
930 1453 1120 1507 Augusti
1154 1454 1281 1505 datis,
1316 1458 1360 1498 et
1393 1469 1449 1497 ex
1481 1455 1645 1510 scripto
1679 1456 1863 1509 quodam

92 1518 139 1562 P.
167 1519 351 1561 Joannis
392 1519 523 1573 Dirsij
567 1518 864 1561 intelleximus
906 1519 1289 1561 Serenissimarum
1324 1520 1619 1573 Reginarum2
1653 1520 1866 1562 delibera-

90 1583 254 1626 tionem
288 1587 332 1627 et
365 1584 537 1637 quidem
572 1584 624 1626 de
657 1584 849 1638 ipsarum
883 1588 1028 1626 mente
1062 1585 1176 1638 quod
1208 1588 1363 1627 sancta
1397 1585 1570 1627 omnino
1603 1585 1660 1628 sit
1693 1585 1865 1628 minime

90 1649 351 1700 dubitamus,
387 1653 431 1692 et
464 1652 616 1692 nostra
648 1649 838 1692 societas
871 1650 905 1691 si
941 1650 1055 1703 quid,
1090 1650 1213 1692 saluo
1236 1651 1454 1700 instituto,
1489 1651 1544 1692 ad
1571 1651 1765 1704 ipsarum
1789 1651 1864 1693 ob-

85 1715 295 1768 sequium,
330 1718 374 1757 et
398 1714 738 1758 consolationem
763 1718 964 1769 prestare
986 1716 1029 1756 111
1054 1716 1237 1757 Domino
1261 1716 1425 1769 poterit
1447 1716 1596 1770 (prout
1628 1731 1675 1758 se
1709 1717 1865 1758 debere

88 1781 305 1834 agnoscit)
337 1781 604 1835 perlibenter
636 1780 895 1835 praestabit.
945 1781 1055 1831 Quia
1078 1784 1225 1823 tamen
1249 1782 1311 1823 sic
1333 1782 1545 1823 inseruire
1569 1782 1864 1836 proximorum

85 1846 303 1900 spirituali
335 1846 553 1900 profectui
587 1849 631 1888 et
664 1847 952 1888 consolationi
987 1847 1206 1898 debemus,
1242 1850 1290 1889 ut
1322 1847 1462 1889 nostri
1493 1847 1682 1890 instituti
1717 1848 1864 1889 obser-

86 1911 230 1962 uandi,
274 1911 489 1954 rationem
522 1911 762 1953 habeamus
804 1911 937 1965 (quod
980 1911 1017 1954 si
1059 1912 1312 1962 deserimus,
1355 1926 1434 1954 nec
1477 1912 1530 1954 de
1571 1912 1669 1966 alijs
1701 1927 1780 1955 nec
1813 1913 1864 1955 de

85 1977 209 2019 nobis
249 1977 355 2031 ipsis
396 1978 505 2019 bene
547 1977 704 2019 mereri
746 1977 1004 2032 poterimus)
1048 1977 1188 2019 dicam
1231 1978 1332 2031 quid
1375 1978 1427 2019 de
1460 1978 1541 2020 hoc
1574 1978 1756 2020 Halensi
1789 1992 1864 2021 ne-

89 2042 226 2096 gocio,
261 2043 385 2085 nobis
418 2042 459 2084 in
494 2042 679 2084 Domino
713 2039 926 2085 uideatur.

204 2108 429 2162 <Imprimis
463 2108 564 2161 quia
596 2108 973 2151 serenissimarum
1002 2108 1270 2162 Reginarum
1303 2108 1488 2151 intentio
1523 2123 1573 2150 eo
1606 2108 1710 2151 ferri
1745 2110 1863 2151 uide-

86 2176 171 2225 tur,
214 2176 263 2216 ut
304 2173 533 2226 collegium
577 2174 643 2215 uel
689 2173 1073 2227 congregationem
1109 2174 1343 2216 instituant
1378 2174 1619 2227 Virginum‚
1663 2178 1739 2217 aut
1772 2189 1862 2217 ma-

85 2242 311 2281 tronarum
345 2239 641 2289 honestarum,
676 2253 787 2292 quae
810 2239 879 2293 pie
902 2253 953 2281 ac
976 2239 1180 2293 religiose
1204 2240 1403 2292 quamuis
1426 2254 1510 2281 non
1534 2241 1612 2281 sub
1637 2240 1863 2294 disciplina

86 2304 340 2356 monastica,
383 2305 549 2353 uiuant,
593 2305 715 2346 cuius
757 2305 1010 2358 dirigendae
1044 2318 1191 2346 curam
1226 2309 1377 2347 nostra
1410 2305 1608 2347 Societas
1639 2306 1860 2360 suscipiat,

86 2369 166 2411 hoc
199 2369 634 2412 animaduertendum
668 2373 749 2420 est,
784 2371 905 2412 nulla
937 2370 1108 2412 ratione
1134 2370 1228 2412 fieri
1251 2384 1379 2424 posse
1405 2405 1412 2412 .
1437 2374 1605 2424 pugnat
1627 2370 1740 2412 enim
1765 2385 1860 2413 cum

86 2435 247 2478 nostris
280 2435 676 2485 constitutionibus,
721 2439 854 2488 atque
886 2435 1103 2486 instituto,
1147 2436 1261 2488 quod
1303 2450 1389 2477 non
1424 2436 1561 2477 solum
1596 2437 1860 2488 monialium,

85 2501 160 2543 sed
204 2501 496 2554 quarumlibet
537 2514 821 2554 personarum
865 2501 1131 2555 peculiarem
1173 2501 1536 2555 gubernationem
1578 2504 1622 2544 et
1655 2516 1804 2544 curam
1837 2516 1862 2544 a

86 2566 208 2608 nobis
240 2566 400 2620 suscipi
432 2566 634 2620 prohibet
647 2567 675 2609 3.
720 2566 825 2609 Cum
859 2570 1006 2610 autem
1041 2567 1175 2609 Pater
1206 2566 1377 2608 Dirsius
1409 2566 1573 2609 scribat
1605 2567 1710 2609 nihil
1743 2581 1859 2609 sere—

205 2656 232 2682 ξι)
254 2653 394 2685 Sequitur
412 2652 521 2684 solum,
541 2652 631 2678 oblite.

211 2748 219 2767 ¹
248 2748 283 2781 S.
311 2748 531 2783 Franciscus
555 2750 712 2793 Boryias
746 2759 777 2782 a.
808 2749 898 2782 1565
927 2747 984 2782 vel
1014 2749 1103 2782 1566
1131 2748 1417 2782 *constitueram
1457 2748 1735 2791 „Consideretur
1769 2759 1861 2793 quae

86 2810 247 2834 seorsum
274 2801 383 2835 scribi
409 2801 573 2843 debeant,
601 2805 637 2836 et
662 2813 709 2836 an
734 2802 829 2836 inter
855 2801 945 2835 haec
971 2813 1064 2846 quae
1091 2800 1189 2846 [quid
1201 2801 1234 2846 ‘?]
1261 2802 1379 2835 notari
1406 2804 1571 2847 oporteat
1589 2802 1681 2846 quod
1710 2802 1816 2847 [quae
1827 2803 1857 2846 ‘?]

85 2853 152 2887 soli
178 2855 354 2899 superiori
380 2855 583 2890 destinatur
611 2854 851 2899 [destinantur
863 2855 895 2898 5³]
924 2858 960 2889 et
985 2855 1073 2889 talia
1091 2854 1323 2889 includantur
1340 2856 1375 2889 in
1395 2855 1477 2901 alijs
1496 2855 1632 2890 literis“
1658 2858 1717 2899 (ex
1737 2867 1859 2901 apogr.

86 2907 198 2942 eiusd.
224 2908 299 2942 fere
324 2909 508 2953 temporis,
534 2909 571 2942 in
597 2908 676 2943 coll.
704 2908 979 2952 ingolstadiensi
1006 2909 1160 2953 scripto;
1193 2908 1341 2953 Antiqu.
1369 2909 1519 2952 Ingolst.
1547 2909 1570 2944 f.
1599 2909 1695 2953 88'2).

206 2961 219 2980 2
245 2961 474 2996 Venerabilis
500 2962 740 3006 Magdalenae
767 2964 803 2996 et
829 2961 990 2995 Helenae
1016 2973 1179 2996 sororum
1211 2962 1260 3006 (v.
1289 2973 1399 3007 supra
1426 2975 1460 3007 p.
1479 2964 1499 2997 9
1530 2962 1602 3007 17).
1646 2963 1687 2998 P.
1706 2963 1860 2998 Ioannes

86 3012 241 3058 Dyrsius
268 3014 302 3049 S.
323 3014 356 3048 J.
384 3015 623 3059 Magdalenae
650 3016 896 3049 confessarius
922 3017 1012 3049 erat.

206 3068 218 3087 3
249 3068 409 3102 instituti
433 3068 554 3103 locum
582 3068 685 3103 illum
720 3080 755 3102 v.
786 3069 874 3103 Can.
903 3067 935 3102 V
961 3068 1058 3103 353⁸.
1113 3068 1399 3110 ,Particularem
1425 3080 1671 3114 personarum,
1699 3072 1735 3103 et
1761 3081 1860 3115 prae-

85 3119 209 3154 sertim
235 3120 487 3164 foeminarum,
523 3134 645 3156 curaui
673 3133 778 3156 nemo
805 3121 1001 3166 suscipiat3
1040 3125 1076 3155 et
1102 3121 1271 3166 quamvis
1298 3134 1362 3168 pro
1389 3122 1602 3168 confessarij
1630 3134 1787 3164 munere,
1823 3123 1859 3157 in

157 3184 475 3218 Braunsberger,
496 3185 608 3212 Canisii
630 3185 784 3219 Epistulae
805 3185 835 3211 et
856 3185 940 3212 Acta.
962 3185 1012 3212 Vi.
1552 3182 1574 3217 4
