2044 3335
109 109 192 150 506
723 104 818 138 Mon.
838 104 906 139 912
932 104 1010 139 sive
1037 115 1119 147 aug.
1141 104 1239 147 (a2).

106 222 281 256 Bauariae
307 221 504 266 Princeps¹
531 231 610 254 cum
645 219 690 253 ad
724 219 885 253 thermas
920 219 1150 264 proficiscens
1184 219 1252 254 hac
1277 220 1449 255 transiret
1483 231 1660 255 summum
1695 221 1868 266 templum

104 287 175 310 una
201 287 281 309 cum
307 274 457 317 coniuge
484 273 571 317 adijt
588 272 817 316 maximaque
844 284 925 306 cum
951 273 1193 307 consolatione
1212 272 1475 307 Catholicorum
1502 274 1706 308 concionem
1733 276 1769 308 et
1794 286 1868 309 rem

104 340 243 363 sacram
271 327 418 361 audiuit.
454 326 686 360 Postmodum
714 325 796 371 alijs
815 326 939 360 diebus
958 338 1066 360 unum
1085 338 1131 360 ex
1148 326 1282 360 nostris
1301 326 1345 360 ad
1365 325 1559 360 Pallatium
1578 327 1746 361 accersiri
1764 327 1870 362 iussit

104 384 144 415 ut
169 393 243 415 rem
270 380 427 414 diuinam
453 379 531 424 ipso
558 381 747 423 praesente
774 379 996 424 perageret&
1017 407 1023 412 .
1045 407 1052 413 .
1073 406 1079 413 .
1122 379 1220 413 Nihil
1246 379 1304 413 hic
1323 379 1437 413 dicam
1464 380 1506 414 de
1532 380 1767 415 illustrissimi
1787 380 1869 416 Car-

104 434 232 468 dinalis
249 433 361 467 nostri
380 432 608 472 liberalitate,
627 432 687 476 qui
703 432 762 466 diu
780 434 940 466 nostram
959 432 1218 466 incommodam
1239 431 1496 467 habitationem
1514 444 1621 476 aegro
1639 433 1724 467 tulit
1741 434 1869 475 animo,

104 487 318 530 tandemque
344 486 530 531 prospexit
548 485 649 519 nobis
667 485 709 519 de
729 485 977 520 commodiori:
1005 485 1208 528 assignauit
1226 486 1357 530 quippe
1383 486 1486 520 nobis
1503 486 1610 521 aedes
1635 486 1691 521 sui
1708 487 1870 531 nepotis³

104 540 251 585 amplas,
279 551 369 584 quas
389 538 529 584 patricij
556 538 771 573 exedificare
790 541 826 573 et
844 538 977 573 scholis
996 550 1122 573 ornare
1140 539 1215 573 suis
1234 540 1382 583 cupiunt
1399 539 1612 584 sumptibus.
1633 568 1639 574 .
1661 568 1667 573 .
1689 567 1695 573 .
1722 539 1871 574 Vtinam

103 593 300 635 illucescat,
329 592 464 627 Christi
490 593 618 636 gratia,
653 592 714 626 ille
741 592 827 633 dies,
863 603 933 636 quo
960 591 1131 626 Societati
1165 592 1274 626 liceat
1300 591 1464 627 Scholam
1493 592 1549 627 hic
1584 593 1764 638 publicam
1790 605 1870 628 con-

103 647 254 681 stituere
280 648 316 680 et
342 646 385 680 de
410 646 573 691 pluribus
599 646 688 680 bene
715 646 876 680 mereri.“

106 767 204 804 912
240 768 318 803 sive
345 777 468 812 aug.
489 767 546 813 (a
559 767 633 812 2).
702 765 884 802 ΟΤΤΟ
922 765 1321 803 TRUGHSESS
1349 766 1441 803 DE
1468 766 1872 805 W'ALDBURG

293 822 496 863 cardinalis,
513 822 703 866 episcopus
718 821 923 855 albanensis
935 822 971 854 et
982 823 1218 864 augustanus,
1232 821 1373 866 imperii
1385 821 1552 866 princeps
1562 821 1870 857 WOLFGANGO

293 875 432 909 RHEM
468 875 686 908 cathedralis
722 874 896 908 ecclesiae
931 876 1156 917 augustanae
1193 874 1363 909 canonico
1401 877 1437 908 et
1462 875 1662 918 collegialis
1697 876 1870 910 ecclesiae

294 928 328 963 S.
348 927 510 962 Mam-itii
536 928 753 973 praeposito.
1241 927 1385 972 Dilinga
1415 929 1468 962 10.
1487 927 1694 962 Decembris
1723 929 1822 964 1567.

225 993 280 1027 Ex
307 993 524 1037 apographo,
551 992 696 1027 saeculo
722 991 832 1033 XVI„
866 994 907 1025 ut
934 991 1087 1033 videtur,
1114 991 1249 1037 scripto
1279 992 1351 1035 (2⁰3
1380 993 1400 1026 6
1427 993 1501 1037 pp.)
1534 995 1568 1027 et
1594 993 1647 1027 sic
1681 993 1873 1038 inscripto:

111 1045 218 1091 ,Copi
244 1046 361 1080 Herrn
389 1045 474 1080 Otto
502 1045 709 1080 Cardinalss
736 1045 951 1079 Schreibens
981 1056 1025 1079 an
1052 1045 1184 1079 Probst
1208 1044 1343 1079 Remen
1370 1057 1434 1079 zue
1453 1057 1639 1091 augspurg
1659 1073 1666 1080 .
1686 1045 1736 1080 vf3
1754 1046 1844 1081 Rom
1863 1074 1872 1082 .

106 1099 205 1144 [sici]
238 1111 319 1133 vom
355 1100 398 1134 10
424 1099 643 1133 Decembris.
695 1099 798 1133 Anno
827 1098 928 1133 1567.
979 1098 1121 1141 Wegen
1148 1098 1210 1132 der
1237 1099 1397 1133 Jesuiter
1424 1100 1490 1133 wie
1516 1099 1636 1134 solche
1663 1111 1731 1144 gen
1750 1100 1868 1144 Augs-

105 1164 198 1198 purg
224 1152 443 1195 geb1·acht“;
471 1154 593 1186 exstat
618 1153 806 1195 Augustae
833 1151 1101 1185 Vindelicorum
1133 1152 1169 1185 in
1195 1151 1342 1186 archivo
1370 1153 1489 1186 curiae
1524 1153 1748 1197 episcopalis,
1783 1153 1873 1188 fase.

109 1207 294 1249 „Augusta
314 1205 460 1240 Civitat.
481 1205 616 1249 Colleg.
635 1205 705 1239 PP.
726 1205 802 1239 Soc.
822 1205 920 1239 Jesu.
940 1205 1215 1248 Introducirung
1238 1206 1325 1240 etc.“
1372 1206 1448 1240 Has
1474 1206 1616 1240 litteras
1642 1206 1678 1240 in
1695 1217 1873 1240 summam

106 1259 285 1303 quandam
322 1260 529 1293 contractas
565 1259 684 1304 posuit
710 1259 806 1293 Plac.
834 1259 985 1300 Braem,
1025 1258 1242 1292 Geschichte
1277 1258 1339 1293 des
1362 1258 1587 1302 Kollegiums
1623 1260 1685 1293 der
1710 1260 1874 1294 Jesuiten

112 1313 147 1346 in
174 1312 380 1356 Augsburg,
407 1312 588 1347 Miinchen
617 1312 719 1353 1822,
749 1312 898 1346 12—13.
946 1311 1147 1346 Earundem
1174 1312 1390 1346 mentionem
1418 1313 1504 1346 fecit
1531 1313 1737 1356 Schellhass,
1763 1312 1874 1347 Nunt.

110 1366 161 1401 IV
186 1366 306 1400 xx1v³.

231 1426 440 1460 Cardinalis
488 1426 609 1459 Socios
645 1427 845 1469 Auyustam
882 1426 1028 1458 induerit
1071 1426 1119 1458 ad
1169 1426 1446 1459 eontionandum
1482 1430 1511 1458 et
1547 1429 1771 1459 sacramenta
1813 1425 1874 1458 ad-

109 1480 351 1513 ministranda
361 1492 375 1521 ;
408 1480 447 1512 id
481 1480 575 1523 quod
608 1480 679 1522 ‘ipsc'
713 1481 840 1522 optime
872 1480 1043 1522 fecerunt.
1096 1480 1174 1511 Iam
1208 1483 1324 1511 autem
1350 1479 1519 1512 Rhenzz'us
1544 1479 1585 1511 de
1618 1480 1787 1512 mandato
1813 1479 1875 1512 illo

110 1533 224 1566 Sociis
249 1544 271 1566 a
296 1544 462 1576 supremo
487 1543 605 1566 eorum
627 1533 848 1566 moderatore
873 1534 977 1566 misso
1005 1532 1134 1565 certior
1157 1533 1276 1574 factus
1293 1536 1340 1565 est.
1363 1544 1429 1575 per
1449 1532 1659 1574 Canisium;
1684 1533 1747 1575 qui
1772 1532 1875 1565 etiam

108 1588 180 1620 tria
210 1584 490 1631 „re›nediorum“
515 1597 646 1630 yeuera
673 1587 705 1619 ei
723 1587 925 1630 proposuit,
952 1597 994 1619 ex
1012 1586 1139 1629 quibus
1164 1586 1288 1629 aliqua
1306 1586 1452 1619 Rhemio
1473 1587 1700 1628 placuerunt.
1746 1586 1874 1629 Quare,

109 1651 185 1673 cum
207 1650 362 1682 prorsus
400 1650 531 1672 necesse
563 1641 608 1672 sit
643 1640 784 1683 aliquos
812 1640 931 1674 Socios
957 1640 1139 1681 Auyustae
1164 1649 1316 1682 manere,
1352 1640 1446 1672 inter
1480 1639 1700 1672 cardinalem
1726 1642 1757 1672 et
1782 1640 1875 1682 capi-

112 1693 223 1726 tulum
252 1694 417 1726 constitui
442 1694 547 1737 debet,
580 1704 624 1725 ne
650 1694 687 1726 in
711 1697 890 1736 posterum
921 1692 1097 1725 salarium
1134 1692 1389 1725 contionatoris
1415 1692 1528 1725 Sociis
1561 1693 1664 1725 detur
1690 1693 1749 1733 (id
1783 1693 1876 1735 qztod

110 1758 186 1779 cum
213 1757 333 1779 eorum
360 1748 520 1779 instituto
541 1747 712 1790 puynat),
737 1747 907 1788 fundatio
933 1746 1056 1788 aliqua
1083 1747 1128 1778 iis
1153 1746 1260 1779 libere
1285 1750 1315 1778 et
1340 1747 1415 1778 sine
1434 1746 1663 1788 pactionibus
1688 1747 1875 1788 offeratzscr.

114 1800 246 1841 Quodsi
269 1801 362 1842 forte
388 1800 585 1843 aliquando
604 1801 785 1843 Auyustae
810 1800 861 1832 rel
887 1810 957 1832 non
983 1803 1087 1831 erunt
1112 1800 1162 1831 vel
1186 1799 1306 1841 officia
1334 1809 1403 1832 non
1425 1799 1669 1842 praestabunt,
1696 1799 1785 1832 bona
1811 1799 1874 1831 illa

110 1854 148 1885 in
181 1853 271 1885 alios
305 1853 502 1895 transferri
531 1854 728 1896 patientur.
780 1853 923 1886 Dentur
956 1853 1069 1895 iyitur
1095 1863 1115 1884 a
1143 1852 1327 1884 cardinali
1363 1853 1400 1885 in
1430 1856 1611 1895 poster-mn
1647 1863 1781 1895 quoque
1807 1854 1876 1885 500

111 1906 240 1947 florent⁴
265 1916 342 1938 cunt
369 1907 485 1949 lignis,
521 1916 544 1938 a
570 1906 725 1949 capitulo
750 1908 820 1938 200
847 1917 923 1938 cum
959 1906 1059 1938 domo
1094 1915 1161 1948 pro
1188 1907 1280 1938 3-—4
1315 1905 1567 1938 sacerdotibus.
1617 1905 1787 1938 Rhemz'us
1813 1905 1876 1938 So-

113 1961 249 1992 ciorum
276 1960 566 1992 arcessendorum
587 1960 731 2002 primus
747 1969 876 1992 suasor
899 1960 982 2001 fuit.
1017 1959 1096 2001 Ipse
1115 1959 1237 1992 Socios
1262 1963 1291 1991 et
1311 1959 1408 1992 Socii
1433 1960 1548 2001 ipsum
1567 1959 1715 1991 multum
1742 1962 1874 1992 amant.

231 2025 434 2067 Vnnsern
465 2025 740 2078 giinstlichen
773 2038 901 2077 gruss
926 2059 934 2066 .
958 2024 1075 2065 vnnd
1108 2038 1199 2066 was
1231 2024 1311 2065 wir
1342 2024 1450 2065 liebs
1476 2024 1593 2065 vnnd
1624 2027 1755 2077 guetz
1777 2038 1875 2066 ver-

112 2095 269 2143 mogen
300 2093 454 2132 tzuuor
487 2090 650 2141 altzeit,
683 2089 904 2142 wiirdiger
934 2089 1071 2131 lieber
1103 2093 1334 2142 getrewer.

227 2154 453 2197 Nachdem
485 2156 572 2197 Jnn
605 2169 808 2196 vnnserm
843 2154 1109 2197 Gaistlichen
1151 2155 1327 2205 berueff,
1368 2168 1501 2195 vnnss
1542 2153 1690 2196 billich
1731 2153 1874 2196 nichts

108 2220 292 2263 hochers
336 2221 579 2274 angelegen
619 2220 690 2271 ist,
735 2221 848 2262 dann
890 2219 1176 2261 furnemblich
1218 2220 1319 2262 vmb
1362 2220 1429 2261 die
1462 2233 1598 2261 vnnss
1638 2220 1875 2261 beuolchne

109 2286 308 2337 schaflim
352 2286 549 2329 trewlioh
583 2299 806 2338 zesmgen,
840 2285 957 2326 vnnd
990 2285 1054 2327 nit
1086 2284 1228 2338 wenig
1270 2285 1406 2327 daran
1438 2285 1635 2338 gelegen‚
1679 2285 1756 2326 das
1788 2284 1875 2326 Jnn

110 2352 186 2393 der
218 2352 317 2394 Stat
348 2351 585 2405 Augspurg
615 2385 623 2393 .
649 2349 942 2404 Taugenliche
976 2385 984 2392 .
1013 2350 1180 2404 gelerte
1210 2384 1218 2392 .
1250 2349 1593 2404 exemplarische
1626 2349 1836 2402 Prediger
1866 2383 1874 2392 .

112 2417 385 2458 sonnderlich
417 2417 505 2459 Jnn
538 2430 698 2457 vnnser
730 2416 901 2457 Mueter
934 2416 1010 2458 der
1042 2416 1405 2465 Thumbkirchen‚
1440 2415 1605 2468 stetigg
1637 2414 1784 2468 seijen.

227 2482 418 2524 Derhalb
451 2481 530 2523 wir
562 2496 663 2523 auss
695 2481 839 2524 lauter
860 2480 1199 2523 wolmainender
1230 2480 1651 2533 trewhertzigkhait,
1686 2480 1741 2522 Ja
1764 2478 1876 2522 auch

110 2547 189 2589 mit
234 2561 391 2589 ewerm
436 2547 654 2589 sonndern
698 2546 977 2600 guetachten,
1022 2560 1154 2588 vnnss
1199 2545 1410 2596 bearbait,
1458 2545 1615 2588 etliche
1657 2559 1758 2588 auss
1801 2544 1877 2586 der

112 2670 324 2712 Ingolstadii
351 2670 505 2704 ethicam
542 2672 578 2704 et
603 2681 708 2704 casus
735 2669 976 2704 conscientiae
1003 2668 1208 2713 explicavit,
1241 2667 1422 2702 Monachii
1456 2670 1572 2702 rector
1608 2667 1750 2710 collegii
1786 2666 1875 2707 fuit3

114 2722 239 2756 deinde
266 2735 310 2756 ex
337 2723 515 2757 Societate
542 2734 711 2766 egressus
747 2723 782 2756 in
817 2722 1056 2757 universitate
1091 2721 1332 2766 herbipolensi
1367 2732 1498 2764 magna
1533 2732 1613 2755 cum
1647 2720 1753 2754 laude
1778 2719 1877 2753 theo-

115 2775 246 2817 logiam
285 2776 454 2810 moralem
487 2776 636 2810 tradidit
663 2775 796 2818 (Duhr,
834 2776 907 2809 Jes.
934 2775 949 2809 I
979 2774 1071 2810 188¹.
1116 2776 1279 2808 Mederer
1312 2774 1336 2808 l.
1363 2785 1392 2808 c.
1420 2774 1453 2808 Π
1482 2774 1558 2808 126.
1606 2775 1690 2808 Ant.
1717 2773 1876 2816 Ruland,

114 2827 231 2861 Series
266 2831 302 2861 et
326 2828 432 2862 Vitae
458 2830 702 2874 professorum
729 2828 789 2863 SS.
817 2828 1033 2871 Theologiae
1069 2829 1130 2872 qui
1157 2827 1385 2870 XVirceburgi
1415 2827 1621 2869 docuerunt,
1647 2825 1876 2869 Wirceburgi

116 2880 216 2921 1835,
245 2881 413 2924 36—42).
563 2884 570 2902 ¹
599 2883 770 2916 Albertus
796 2881 840 2916 V.
868 2882 950 2915 dux.

234 2933 247 2953 ²
273 2935 375 2967 Anno
404 2935 494 2969 1566
521 2947 565 2968 ex
591 2935 817 2969 senatoribus
852 2935 950 2969 urbis
977 2935 1022 2968 24
1048 2933 1227 2974 catholici,
1263 2934 1305 2967 21
1334 2935 1576 2978 protestantes
1611 2934 1731 2972 e1·ant;
1769 2933 1787 2965 7
1813 2931 1875 2972 illi,

116 2985 175 3029 qui
206 2985 421 3024 „Consilium
457 2987 638 3021 sanctius‘
671 2988 754 3031 (den
781 2988 977 3022 Geheimen
1004 2987 1089 3029 Rat)
1119 2986 1398 3027 constituebant,
1434 2997 1556 3020 omnes
1583 2987 1685 3019 erant
1710 2984 1877 3019 catholici

119 3039 174 3082 (C.
186 3040 221 3072 J.
235 3040 435 3081 Wayemeil,
449 3039 613 3073 Versuch
632 3041 729 3074 einer
744 3040 960 3075 Geschichte
979 3041 1041 3074 der
1056 3039 1159 3074 Stadt
1173 3039 1369 3083 Augsburg
1384 3039 1426 3079 ΙΙ,
1446 3038 1641 3082 Augsburg
1658 3038 1758 3079 1820,
1777 3037 1874 3080 201).

238 3092 250 3111 ³
276 3091 456 3125 Gebhardi
482 3092 699 3127 Truchsess:
727 3105 762 3127 v,
793 3094 880 3127 Can.
907 3093 939 3126 V
965 3094 1036 3127 494
1062 3093 1141 3127 545.
