2044 3335
147 99 231 139 368
644 96 744 130 1693.
777 95 941 129 Canisius
968 95 1001 129 S.
1020 95 1211 129 Francisco
1238 95 1401 139 Borgiae.

144 215 324 266 nepotes
357 212 628 265 aegritudine
662 211 859 264 Venetijs
893 210 1136 264 intercepti,
1173 212 1359 254 nondum
1393 213 1448 254 ad
1480 226 1558 254 nos
1590 212 1908 266 peruenerintl.

143 277 304 330 Jtaque
346 277 530 331 priorem
573 279 744 330 partem
787 275 1018 317 dumtaxat
1059 276 1220 330 accepi,
1264 290 1445 330 eamque
1487 276 1647 319 nostris
1680 276 1910 330 Theologis

143 342 420 394 relegendam
444 344 487 384 et
509 341 782 383 iudicandam
806 341 983 382 offeram
1007 340 1170 383 statim.
1209 342 1235 383 J
1240 341 1391 384 nitium
1416 341 1616 384 editionis
1638 341 1717 383 hoc
1740 341 1908 395 quidem

143 420 256 448 anno
279 420 411 459 aegre
434 406 689 449 uidebimus,
734 406 962 459 Sapientes
994 405 1167 458 quidam
1191 407 1389 456 suadent,
1425 421 1532 460 opus
1554 407 1634 448 1100
1668 420 1761 448 meo
1795 420 1910 448 com-

144 471 410 512 miscendum
443 485 528 512 non
562 485 669 520 esse,
704 471 778 512 sed
812 471 1050 525 separatim
1083 471 1227 524 potius
1260 471 1470 513 edendum
1504 472 1557 513 ob
1590 471 1834 524 argumenti
1867 474 1911 513 et

143 536 248 589 styli
281 535 685 578 dissimilitudinem.
730 536 823 585 Qua
846 536 887 577 in
912 550 957 577 re
981 536 1181 588 quicquid
1205 536 1486 586 effecerimus,
1521 551 1566 578 re
1590 550 1684 578 cum
1709 536 1910 578 Patribus

144 601 304 642 nostris
338 600 590 651 deliberata,
625 615 752 655 spero
785 601 827 642 id
861 601 906 642 P.
941 601 989 644 T.
1023 615 1107 642 non
1141 601 1454 655 displiciturum
1469 602 1498 643 2.

261 665 480 708 Admonet
511 666 622 708 idem
658 667 702 708 P.
727 666 978 714 Turrianus,
1022 669 1070 708 ut
1112 666 1325 720 prioribus
1367 666 1486 708 libris
1520 666 1684 708 duobus
1717 666 1768 708 de
1800 666 1910 707 hier-

143 731 315 773 archica
348 731 618 772 ordinatione
651 731 836 785 scriptis,
871 731 1027 773 tertius
1060 731 1112 772 de
1143 731 1352 773 sacrificio
1376 731 1650 785 adiungatur.
1693 731 1912 785 Respondi

143 798 289 838 autem
323 796 398 846 illi,
432 796 571 838 serius
604 796 714 838 hanc
747 796 1083 838 admonitionem
1116 796 1198 838 huc
1232 810 1327 838 esse
1359 797 1549 846 missam,
1584 796 1789 850 dispersis
1821 796 1912 838 eius

146 861 294 902 excusi
317 861 460 915 operis
482 876 566 902 non
589 861 739 915 paucis
762 861 1082 915 exemplaribus
1097 862 1124 903 3.
1164 861 1329 903 Deinde
1352 862 1407 903 ad
1430 862 1474 903 P.
1492 861 1696 903 Natalem
1719 861 1911 904 rationes

147 926 389 980 complures
416 929 461 969 et
482 940 654 979 graues,
688 929 737 968 ut
768 930 984 980 putamus,
1019 926 1215 980 perlatae
1238 930 1351 977 sunt,
1386 927 1438 968 ob
1472 941 1578 979 quas
1601 940 1684 967 non
1708 926 1912 980 expediat

145 991 354 1045 scriptum
395 990 499 1032 illud
536 991 587 1032 de
619 991 831 1033 sacrificio
864 992 908 1032 in
941 991 1077 1032 lucem
1111 991 1295 1046 prodire,
1339 991 1420 1033 nisi
1454 991 1599 1033 multis
1632 991 1674 1032 in
1707 991 1811 1033 locis
1844 1004 1911 1032 re-

145 1059 326 1098 texatur
357 1059 488 1108 atque
522 1059 726 1098 mutetur.
781 1056 922 1106 Quare
955 1056 1218 1098 arbitramur
1240 1056 1286 1098 P.
1311 1056 1358 1099 T.
1383 1059 1571 1098 mentem
1605 1070 1689 1097 non
1723 1070 1829 1107 esse,
1864 1058 1913 1098 vt

145 1121 254 1162 liber
294 1121 367 1162 ille
409 1135 504 1162 cum
547 1121 691 1173 aliqua
725 1121 956 1163 Societatis
997 1124 1101 1164 nota
1143 1124 1187 1163 et
1225 1121 1446 1164 doctorum
1483 1121 1816 1175 reprehensione
1849 1121 1910 1162 sic

146 1186 350 1239 prodeat:
384 1185 426 1226 in
460 1199 543 1238 quo
570 1189 659 1228 tam
684 1187 821 1229 multa
845 1186 1153 1236 desideramus,
1188 1189 1235 1228 ut
1259 1186 1555 1228 existimemus
1579 1186 1800 1240 optimum,
1835 1188 1911 1228 aut

147 1251 377 1304 supprimia
409 1251 630 1305 scriptum,
666 1254 742 1293 aut
774 1252 827 1292 ab
861 1251 1043 1293 authore
1076 1251 1168 1305 ipso
1202 1251 1464 1304 recognosci,
1500 1251 1700 1304 quicquid
1732 1251 1812 1293 hoc
1845 1253 1911 1293 est

147 1315 301 1369 operis
354 1315 579 1358 Mittemus
611 1319 755 1358 autem
786 1316 904 1367 illud,
939 1331 1034 1358 cum
1068 1316 1250 1370 primum
1274 1331 1299 1358 a
1321 1317 1443 1358 nobis
1465 1316 1598 1358 fuerit
1629 1316 1911 1370 postulatum.

266 1380 384 1430 Quod
427 1381 481 1422 ad
523 1396 662 1423 meum
706 1384 842 1435 opus4
884 1382 1193 1423 absoluendum
1236 1382 1418 1431 attinet,
1461 1384 1662 1423 crescunt
1702 1381 1911 1423 hactenus

147 1446 452 1500 occupationes
486 1445 724 1499 Augustae,
769 1446 922 1499 quibus
960 1461 1141 1488 reuocor
1173 1460 1198 1488 a
1230 1446 1398 1500 studijs.
1462 1447 1637 1488 Possem
1670 1446 1774 1487 illud
1807 1459 1911 1487 sane

147 1511 360 1564 Dilingae,
404 1514 452 1553 ut
494 1511 693 1561 arbitror,
737 1512 886 1565 paucis
927 1512 1145 1553 mensibus
1186 1512 1424 1562 absoluere,
1468 1526 1518 1553 ac
1561 1511 1714 1553 deinde
1756 1524 1912 1565 operae

146 1576 333 1630 pretium
356 1577 483 1627 foret,
511 1591 579 1618 me
602 1577 819 1618 nonnullis
842 1577 1060 1619 mensibus
1084 1576 1324 1630 Dilingensi
1347 1577 1500 1618 adesse
1522 1577 1656 1631 prelo,
1681 1579 1730 1618 vt
1752 1575 1911 1618 rectius

145 1642 187 1682 in
228 1642 368 1683 lucem
411 1642 596 1684 exeantb
639 1642 795 1684 omnia.
869 1642 1027 1696 Scripsi
1071 1645 1216 1684 autem
1259 1642 1381 1684 Patri
1422 1645 1571 1683 nostro
1613 1640 1908 1691 Prouintiali5,

146 1707 246 1759 quid
278 1706 438 1749 iudicet
464 1708 506 1750 P.
531 1707 578 1749 T.
604 1707 655 1748 de
688 1707 922 1761 scriptione
955 1707 1121 1749 scilicet
1154 1710 1332 1761 propter
1354 1707 1616 1760 Confessarij
1650 1720 1802 1748 munus
1825 1719 1910 1747 non

143 1772 485 1822 intermittenda,
519 1773 594 1814 sed
627 1772 771 1826 potius
805 1773 1064 1815 maturanda
1079 1773 1106 1815 6.
1162 1772 1401 1826 Respondit
1424 1772 1509 1823 ille,
1543 1774 1592 1814 ut
1623 1785 1803 1826 pergam
1830 1771 1909 1812 hoc

144 1837 237 1878 loco
271 1840 314 1879 et
346 1837 622 1891 Confessarij,
664 1841 709 1879 et
741 1837 999 1880 Exorcistae
1041 1851 1194 1879 munus
1228 1837 1358 1886 obire,
1402 1851 1496 1878 cum
1530 1837 1661 1879 alium
1694 1836 1736 1877 111
1768 1836 1909 1877 10011111

144 1902 482 1944 ΡᾹΝο11110111117
514 1916 599 1944 non
632 1902 769 1956 possit
791 1903 1077 1945 substituere:
1111 1916 1157 1944 se
1189 1902 1361 1944 interim
1394 1902 1436 1943 in
1456 1902 1615 1943 Vrbem
1649 1901 1908 1955 scripturum

143 1970 187 2009 et
219 1969 416 2009 acturum
449 1967 501 2008 de
534 1967 613 2008 hoc
646 1968 738 2020 ipso
772 1967 961 2020 negotio.
1026 1968 1167 2016 Quare
1199 1967 1404 2009 maiorem
1439 1981 1464 2008 a
1498 1967 1543 2009 P.
1578 1967 1626 2009 T.
1660 1967 1796 2008 lucem
1832 1980 1908 2007 ex-

267 2056 293 2084 a)
315 2055 362 2078 Ita,
383 2056 410 2077 [¹.
432 2054 561 2077 correi-it
581 2061 616 2077 ea·
636 2053 842 2085 supprimend.
916 2053 945 2084 b)
968 2056 991 2078 A
1014 2056 1041 2078 C.
1063 2062 1137 2078 corr.
1158 2061 1194 2078 ex
1214 2052 1342 2079 exirent.

140 2171 337 2215 burgenses
365 2183 405 2204 ea
431 2172 466 2205 in
493 2174 605 2216 parte,
633 2184 703 2216 qua
731 2172 893 2206 Canones
912 2172 1162 2216 Apostolorum
1191 2175 1225 2205 et
1247 2172 1447 2216 „Epistolas
1466 2171 1675 2206 Decretales
1693 2170 1905 2204 Pontificum

140 2225 446 2270 Apostolicoruns‘
471 2225 577 2268 (quas
604 2225 966 2270 pseudo-isidorianas
992 2237 1085 2259 nunc
1112 2227 1259 2269 vocant)
1288 2225 1331 2259 ab
1358 2226 1401 2259 iis
1428 2225 1643 2266 auctoribus,
1672 2235 1820 2268 quorum
1848 2236 1905 2257 110-

140 2278 236 2312 mina
262 2289 346 2322 prae
373 2290 411 2312 se
438 2279 568 2319 ferunt,
595 2279 730 2323 scripta
757 2290 834 2312 esse
862 2281 1005 2321 negant.

262 2333 270 2351 ¹
298 2330 457 2372 Carolus,
476 2334 572 2376 puto,
593 2335 628 2365 et
647 2332 935 2376 Christophorus,
956 2332 1014 2375 qui
1031 2331 1211 2365 Guiliehni
1232 2331 1390 2371 iunioris,
1409 2331 1532 2365 fratris
1551 2330 1744 2364 cardinalis
1763 2329 1905 2364 Ottonis

139 2384 365 2419 Truchsessii
392 2385 434 2418 de
453 2384 664 2428 VValdburg,
692 2384 756 2418 filii
783 2387 885 2418 erant
905 2385 1092 2427 (l'ochezer
1110 2384 1131 2418 l.
1152 2397 1181 2419 c.
1204 2385 1252 2417 III
1273 2385 1292 2418 7
1323 2385 1365 2418 14
1392 2384 1465 2427 53).
1501 2385 1691 2426 Philippus
1708 2384 1906 2416 Eduardus

141 2439 325 2482 Fuyyerzcs
359 2439 394 2472 in
421 2438 746 2482 *Ephemeridibus
773 2439 855 2471 anni
886 2439 995 2472 1569:
1033 2437 1200 2482 [Ianuarii
1231 2437 1300 2482 die]
1334 2438 1396 2479 „25
1423 2437 1479 2471 Ex
1506 2439 1659 2480 augusta
1685 2436 1797 2470 frater
1827 2435 1904 2478 [Oc-

140 2492 308 2525 tavianus
335 2491 420 2525 mihi
447 2490 607 2537 scripsit]
635 2491 699 2525 che
726 2491 775 2534 gli
796 2491 975 2525 Truchses
1001 2491 1121 2536 nepoti
1141 2491 1197 2525 del
1217 2491 1405 2526 Cardinale
1432 2490 1462 2523 d'
1480 2491 1635 2532 augusta
1661 2500 1746 2522 sono
1773 2489 1904 2523 enti-ati

141 2544 198 2577 nel
224 2545 373 2587 collegio
401 2544 633 2589 [germanico]
651 2573 656 2579 .
674 2573 680 2579 .
698 2573 704 2580 .
745 2544 872 2589 [lunio]
901 2546 919 2579 7
940 2545 982 2578 Di
1002 2544 1173 2589 Louayna
1199 2546 1310 2578 frater
1327 2572 1333 2578 .
1350 2573 1355 2578 .
1373 2572 1379 2578 .
1396 2543 1460 2578 che
1487 2543 1536 2586 gli
1562 2544 1679 2587 nepoti
1708 2542 1764 2576 del
1784 2542 1903 2576 Cardi-

140 2597 220 2630 nale
247 2598 277 2630 d*
293 2602 447 2641 augusta
473 2611 541 2632 non
569 2599 734 2641 uogliano
761 2599 821 2643 piu
840 2606 936 2632 stare
955 2599 990 2632 in
1009 2598 1333 2641 collegio‚...d0ue
1360 2597 1442 2640 ogni
1468 2607 1549 2630 cose
1574 2596 1604 2629 si
1630 2596 1815 2638 stringono
1842 2607 1905 2640 per

141 2652 244 2683 conto
280 2651 370 2684 delle
406 2652 558 2694 regole.“
612 2651 676 2685 Die
712 2652 823 2695 igitur
850 2652 903 2686 30.
925 2652 1078 2693 Augusti
1115 2651 1203 2685 duos
1233 2651 1314 2684 illos
1339 2649 1591 2684 Truchsessios
1618 2649 1730 2682 Roma
1756 2649 1791 2682 in
1819 2648 1903 2682 Ger-

142 2704 295 2736 maniam
323 2716 400 2738 esse
428 2705 616 2749 profectos.
669 2704 745 2746 Qui,
784 2708 822 2738 ut
848 2705 941 2738 idem
967 2704 1155 2748 Fuggerus
1182 2706 1292 2743 notat,
1319 2703 1509 2743 Bononiae,
1536 2705 1726 2745 antequam
1756 2702 1902 2736 Romam

142 2755 379 2793 mitterentur,
406 2757 536 2791 litteris
562 2758 754 2792 studebant
784 2759 844 2800 (ex
870 2760 1027 2801 autogr.;
1057 2758 1140 2791 Cod.
1168 2757 1310 2791 vindob.
1338 2757 1426 2790 7447
1456 2756 1480 2789 f.
1498 2756 1559 2789 40²·
1584 2754 1646 2788 41¹³
1672 2756 1733 2788 45³
1758 2756 1847 2798 47³).

262 2809 274 2828 ‘²
300 2810 344 2842 Et
363 2810 512 2852 Borgias
532 2810 674 2845 Canisio
693 2812 1018 2852 commendaverat,
1047 2814 1081 2844 et
1104 2812 1180 2855 ipse
1200 2811 1364 2845 Canisius
1381 2811 1579 2853 optaverat,
1607 2811 1646 2842 ut
1670 2808 1769 2849 libro,
1797 2819 1900 2851 quem

142 2861 218 2905 ipse
238 2865 360 2895 contra
377 2862 644 2897 centuriatores
662 2864 852 2905 scribebat,
871 2863 938 2898 hoc
952 2864 1117 2898 Turriani
1131 2864 1303 2908 scriptum
1318 2862 1587 2905 adiungeretur;
1616 2874 1649 2895 v.
1661 2872 1769 2906 supra
1787 2873 1820 2905 p.
1836 2862 1897 2895 171

145 2916 210 2949 186
237 2915 303 2948 337
332 2916 410 2948 345.

264 2969 275 2987 ³
302 2968 391 3001 Vide
418 2968 520 3007 infra,
547 2981 638 3002 mon.
666 2969 732 3003 litt.
763 2970 852 3013 (30).
1000 2973 1011 2991 ⁴
1038 2970 1302 3004 Refutationem
1329 2969 1589 3003 Centuriarum.

263 3022 275 3040 ⁵
303 3021 413 3054 Paulo
439 3021 596 3055 Hofl'aeo.
742 3024 754 3042 ⁶
780 3023 870 3057 Vide
897 3035 1005 3068 supra
1031 3035 1062 3068 p.
1084 3024 1163 3058 361.

265 3075 276 3093 Τ
304 3073 429 3114 Vijlck,
457 3086 535 3107 cum
562 3074 736 3117 Fuggeris
764 3076 797 3108 in
824 3076 963 3110 ltaliam
992 3077 1161 3121 profecti;
1189 3088 1223 3110 v.
1250 3088 1356 3121 supra
1384 3088 1415 3120 p.
1436 3076 1515 3109 364.
