2044 3335
139 125 194 165 28
650 121 750 156 1487.
778 120 944 155 Canisius
971 121 1003 154 S.
1023 119 1216 154 Francisco
1243 120 1406 163 Borgiae.

137 243 223 283 300
256 244 300 283 et
333 254 383 282 eo
416 240 613 294 amplius,
647 238 949 281 Franciscanis
972 237 1124 279 uicinis
1145 238 1436 280 numerandos
1451 239 1477 282 1.
1521 239 1615 292 Ego
1638 252 1706 280 me
1728 253 1907 293 prorsus

137 305 406 360 opponebam
449 304 539 346 his⁸
579 304 715 347 tantis
757 306 802 345 et
841 303 1028 345 insolitis
1070 303 1285 353 oneribus,
1331 317 1443 356 quae
1483 303 1621 346 nostri
1666 303 1781 346 ferre
1821 318 1906 346 non

138 373 339 424 possent:
380 383 626 424 repugnare
666 368 844 411 literasb
876 367 1157 417 fundat-ionis,
1199 368 1247 410 P.
1281 367 1337 411 N.
1371 368 1628 410 Generalem
1661 382 1746 410 non
1778 369 1906 411 facile

137 449 469 477 consensurum:
512 447 708 488 pugnare
740 433 848 475 haec
881 447 977 475 cum
1009 446 1128 474 more
1140 438 1163 483 ⁰,
1199 432 1425 487 disciplina
1458 436 1502 476 et
1533 433 1737 476 libertate
1768 433 1907 476 nostri

136 500 349 543 instituti:
391 500 434 541 in
475 501 671 552 tempore
713 512 791 540 nos
831 497 1054 540 admoneri
1089 497 1333 551 oportuisse
1366 498 1418 539 de
1450 498 1516 540 his
1548 499 1829 541 incommodis
1861 501 1906 541 et

137 563 493 608 difficultatibusd
525 563 709 605 annexis
741 563 880 605 ueteri
904 562 1184 614 Monasterio,
1218 562 1332 616 quod
1354 563 1478 604 nobis
1501 563 1555 604 ad
1577 577 1701 604 usum
1725 563 1904 618 Collegij

135 631 354 683 integrum
387 632 431 671 et
462 629 645 670 liberum
675 627 1017 681 consignandum
1040 629 1170 670 esset.
1214 628 1403 670 Jurabat
1425 628 1678 682 Episcopus,
1712 631 1757 671 et
1779 629 1906 671 credo

136 708 287 736 uerum
329 708 437 744 esse,
484 694 565 735 sibi
604 707 825 746 nunquam
867 692 910 734 in
951 695 1140 735 mentem
1183 692 1355 734 uenisse
1396 693 1548 735 horum
1589 693 1905 746 grauaminum.

135 759 340 802 Addebat
380 772 427 800 se
468 759 654 801 libenter
695 759 897 800 daturum
937 771 1126 811 operam,
1169 761 1219 800 ut
1250 758 1357 800 haec
1388 757 1484 812 ipsa
1517 772 1649 800 onera
1680 758 1905 812 paulatim,

135 824 393 878 praesertim
436 824 550 876 quod
591 823 646 866 ad
688 823 1051 865 contributionem
1093 822 1338 864 faciendam
1379 823 1423 864 in
1464 825 1528 865 10.
1563 837 1700 865 annos
1732 823 1904 874 attinet,

135 889 327 942 Collegio
369 889 678 939 adimerentur,
722 888 838 941 quod
880 888 971 929 eius
1005 887 1099 929 fieri
1131 890 1304 942 posset:
1349 888 1452 929 nihil
1485 891 1634 930 tamen
1666 888 1775 930 certi
1806 903 1906 942 pro-

134 954 353 997 mittebat.
397 953 680 995 Prouincialis
703 952 969 995 Rhenensise
996 952 1229 1001 iudicabat,
1264 953 1372 995 satis
1402 967 1498 995 esse
1522 953 1906 1007 deprincipalibus

138 1018 257 1060 cumf
287 1019 397 1060 bono
420 1019 636 1073 Episcopo
669 1032 747 1060 nos
773 1017 1049 1060 conuenisse:
1084 1018 1137 1060 de
1160 1018 1256 1072 alijs
1278 1021 1378 1072 post
1399 1022 1649 1061 nostrorum
1671 1018 1906 1061 aduentum

136 1098 227 1126 rem
259 1098 387 1138 posse
418 1084 617 1136 transigi.
676 1083 940 1137 Episcopum
973 1083 1102 1125 facile
1135 1097 1426 1133 assensurum,
1460 1085 1508 1126 ut
1539 1084 1647 1125 haec
1680 1083 1906 1126 obstacula

135 1151 476 1198 remouerentur‚
511 1163 606 1190 cum
639 1149 756 1190 iacta
788 1151 936 1190 essent
968 1148 1101 1190 semel
1125 1148 1304 1201 Collegij
1327 1148 1626 1191 fundamenta.
1671 1149 1765 1202 Ego
1798 1149 1905 1191 haec

134 1214 230 1268 ipsa
262 1214 413 1268 scripsi
447 1215 501 1256 ad
534 1214 580 1256 P.
615 1213 914 1264 Visitatorem,
958 1227 1077 1255 meos
1117 1213 1180 1254 illi
1212 1213 1438 1267 scrupulos
1471 1214 1683 1267 aperiens,
1727 1217 1772 1257 et
1803 1228 1905 1256 con-

136 1279 277 1321 silium
323 1281 490 1333 petens,
536 1279 620 1320 imo
666 1279 799 1322 etiam
845 1279 1093 1327 admonens,
1140 1282 1188 1320 ut
1230 1278 1282 1320 de
1323 1279 1389 1320 his
1431 1292 1576 1320 coram
1618 1283 1771 1332 ageret
1809 1293 1904 1321 cum

137 1345 182 1387 P.
206 1344 395 1387 Antonio
421 1344 693 1394 Prouinciali,
721 1344 835 1386 sicut
857 1344 975 1385 illum
998 1343 1146 1396 Leodij
1169 1344 1254 1385 iam
1278 1344 1420 1397 egisse
1443 1344 1609 1385 confido
1622 1345 1652 1387 2.
1697 1345 1906 1398 Superest

136 1412 181 1451 et
211 1409 344 1452 tertia
377 1409 612 1451 difficultas
645 1423 700 1450 ex
732 1411 858 1463 parte
881 1408 1221 1458 Concionatoris,
1256 1409 1327 1462 qui
1360 1408 1444 1450 etsi
1475 1409 1519 1449 in
1552 1412 1779 1452 contractu
1811 1409 1904 1463 ipso

135 1488 219 1516 non
252 1477 320 1517 est
352 1474 595 1524 adiunctus,
639 1488 719 1515 nec
751 1474 928 1527 adiungi
960 1473 1116 1527 potuit,
1160 1476 1208 1516 ut
1240 1473 1487 1516 necessario
1521 1487 1546 1515 a
1579 1474 1797 1517 Societate
1830 1475 1905 1516 do-

135 1542 285 1582 netur:
319 1542 491 1582 tameng
522 1539 585 1581 ita
616 1539 865 1593 propositus
898 1542 943 1581 et
964 1539 1344 1581 Reuerendissimo
1368 1539 1696 1581 commendatus
1718 1539 1903 1586 uidetur,

138 1607 186 1647 ut
219 1607 339 1646 certa
371 1604 433 1646 illi
465 1618 565 1658 spes
590 1604 745 1646 relicta
767 1604 836 1654 sit,
871 1619 949 1646 nos
972 1618 1027 1646 ex
1049 1604 1251 1646 instituto
1275 1604 1454 1646 daturos
1476 1603 1551 1654 illi,
1586 1604 1756 1657 qualem
1780 1606 1904 1658 optat

138 1670 338 1711 idoneum
380 1669 422 1710 in
465 1683 633 1711 summa
664 1669 776 1711 AEde
809 1669 1171 1712 concionatorem.
1235 1669 1292 1711 Jd
1334 1683 1437 1711 uero
1479 1668 1583 1710 mihi
1627 1669 1903 1723 perdifficileh

137 1734 230 1776 fore
275 1735 460 1784 uidetur,
505 1735 763 1788 praesertim
808 1736 846 1776 si
886 1749 926 1789 p.
968 1735 1187 1789 philippus
1225 1734 1596 1776 Widemstadius3
1637 1738 1712 1776 aut
1753 1734 1903 1775 similis

139 1799 267 1841 aliusi
297 1800 384 1841 illic
408 1800 701 1842 instituendus
724 1800 1029 1849 Ecclesiastes‚
1064 1814 1114 1841 eo
1137 1800 1180 1841 in
1202 1800 1296 1841 loco
1321 1799 1529 1853 linguam,
1563 1813 1728 1848 uocem,
1762 1799 1904 1841 uiresk

137 1867 182 1907 et
222 1864 457 1906 facultates
499 1865 769 1908 desideratas
810 1865 914 1906 nonl
955 1865 1170 1915 adferret,
1214 1878 1448 1918 eorumque
1496 1878 1579 1906 non
1626 1864 1903 1907 satisfaceret

137 1929 445 1983 expectationi.
508 1930 670 1972 Verum
716 1930 769 1972 de
812 1930 878 1972 his
924 1930 988 1973 ita
1031 1944 1172 1972 meam
1217 1930 1386 1984 explico
1428 1929 1706 1979 sententiam,
1751 1932 1800 1971 ut
1838 1929 1902 1971 illi

136 1994 327 2047 Collegio
361 1995 474 2047 quod
506 2008 610 2037 sane
644 1995 767 2049 cupio
801 1995 1060 2049 promoueri,
1094 1995 1258 2037 nullum
1282 2009 1359 2049 per
1388 2009 1456 2036 me
1477 1996 1555 2037 fiat
1576 1994 1899 2048 praeiudicium,

135 2073 275 2112 neque
316 2073 423 2113 opus
462 2060 621 2102 bonum
665 2060 784 2102 breui
825 2060 912 2102 iam
955 2060 1245 2103 inchoandum
1278 2060 1553 2115 impediatur.
1616 2059 1826 2101 Dominus
1857 2059 1901 2100 in

136 2138 258 2166 suam
291 2125 474 2177 gloriam
510 2125 695 2168 omnia4.

254 2189 430 2231 Judieat
444 2204 610 2231 mecum
624 2190 785 2232 Rector
796 2190 909 2232 Dilin
915 2190 1074 2244 gensis,
1091 2189 1244 2242 dignos
1259 2203 1354 2231 esse
1370 2189 1642 2244 promotione
1656 2189 1702 2231 P.
1714 2188 1900 2230 1101111011-

137 2254 246 2297 stein
281 2254 493 2308 Dilingae,
528 2258 572 2296 et
605 2255 652 2298 P.
675 2254 918 2297 Arboreum
951 2255 1230 2309 Jngolstadij,
1265 2258 1345 2297 111;111
1377 2255 1431 2296 ad
1463 2254 1686 2297 Licentiae
1717 2254 1900 2306 gradum

254 2352 282 2383 a)
305 2353 443 2384 Sequitur
462 2352 502 2383 et,
521 2353 612 2377 oblitt.
680 2351 709 2384 1))
730 2354 766 2377 In
786 2353 865 2378 arch.
886 2361 961 2378 corr.
981 2361 1017 2378 eat
1036 2352 1145 2378 literis.
1213 2352 1238 2383 c)
1260 2353 1400 2384 Sequitur
1419 2352 1469 2383 ei:;
1488 2352 1562 2384 quod
1578 2355 1681 2384 postea
1701 2351 1897 2377 oblitteratum

138 2399 198 2417 esse
219 2393 343 2418 videtur.
413 2392 442 2423 d)
464 2391 683 2419 difficultatibus
703 2395 782 2419 arch.
844 2394 872 2425 e)
894 2395 1032 2426 Sequitur
1052 2394 1104 2425 ita,
1124 2394 1214 2419 oblitt.
1275 2394 1299 2425 f)
1320 2395 1381 2419 Hoc
1400 2402 1425 2419 v.
1439 2401 1534 2425 supra
1553 2401 1668 2418 versum
1687 2393 1829 2424 scriptum
1848 2395 1898 2417 est.

136 2434 166 2464 g)
186 2435 325 2465 Sequitur
344 2434 395 2467 qui
415 2435 459 2460 vel
477 2436 574 2460 simile
595 2443 629 2465 v„
648 2436 737 2460 omitt.
808 2434 840 2468 11)
860 2434 1027 2468 pei-dificile
1047 2436 1126 2460 arch.
1200 2434 1221 2466 i)
1242 2435 1382 2467 Sequitur
1401 2434 1463 2467 qui,
1482 2435 1572 2460 oblitt.
1639 2433 1672 2465 k)
1692 2433 1714 2464 1)
1734 2438 1773 2464 m)
1794 2434 1855 2459 Hoc
1874 2441 1899 2458 v.

135 2483 227 2506 supra
248 2483 364 2500 versum
382 2477 524 2508 scriptum
544 2479 594 2501 est.

258 2582 268 2601 ¹
297 2581 491 2623 Canisium,
519 2583 613 2626 quod
640 2583 683 2617 ad
710 2594 937 2617 nummorum
964 2583 1217 2617 solvendorum
1244 2594 1432 2617 numerum
1451 2582 1591 2623 attinet,
1618 2582 1790 2615 memoria
1814 2593 1898 2615 non·

137 2632 227 2666 nihil
253 2633 403 2675 fefellit3
440 2636 622 2677 frumenti,
649 2635 735 2677 vini,
761 2637 1006 2680 pecuniarum,
1033 2647 1125 2680 quae
1151 2636 1330 2670 Minorum
1358 2635 1657 2670 Conventualium
1682 2635 1899 2669 monasterio

137 2685 377 2730 herbipolensi
405 2689 597 2731 quotannis
623 2700 644 2723 a
669 2689 886 2723 monasterio
906 2688 941 2724 S.
961 2690 1114 2733 Agnetis
1135 2690 1245 2733 (quod
1265 2688 1504 2724 Clarissarum
1529 2688 1658 2729 fuerat,
1684 2688 1755 2722 iam
1777 2690 1897 2721 autem

137 2739 317 2773 Sociorum
337 2742 429 2784 erat)
452 2741 638 2783 dabantur,
662 2742 816 2787 pretium
835 2743 1044 2777 universum
1064 2746 1142 2777 erat
1160 2744 1205 2777 50
1222 2743 1456 2782 florenorum;
1483 2743 1671 2786 praeterea
1696 2752 1898 2781 oeconomo,

137 2793 196 2835 qui
223 2792 314 2826 bona
340 2795 547 2828 monasterii
575 2795 609 2829 S.
636 2796 790 2839 Agnetis
817 2796 1106 2837 administrabat,
1141 2797 1216 2830 fere
1243 2796 1288 2831 50
1314 2796 1439 2830 fioreni
1466 2795 1661 2835 dabantur;
1697 2793 1896 2828 subsidium

137 2848 256 2879 autem
283 2857 450 2887 annuum,
478 2848 570 2891 quod
597 2849 771 2892 proximis
800 2849 843 2883 10
867 2849 970 2883 annis
997 2849 1082 2883 belli
1109 2850 1187 2883 sive
1214 2848 1378 2882 solvendi
1403 2849 1498 2882 aeris
1523 2847 1630 2882 alieni
1657 2858 1766 2881 causa
1792 2847 1898 2892 pendi

136 2898 333 2942 oportebat,
359 2899 428 2934 200
453 2900 667 2934 florenorum
694 2903 782 2935 erat.
828 2902 883 2935 Ita
909 2901 1094 2947 Herbipoli
1120 2903 1152 2937 5.
1179 2902 1394 2936 Novembris
1422 2901 1512 2936 1567
1540 2901 1580 2935 P.
1606 2901 1719 2934 Vim-k
1743 2899 1897 2943 Borgiae

137 2950 310 2996 *scripsit
338 2952 399 2994 (ex
425 2956 583 2996 autogr.;
613 2953 654 2988 Gr.
682 2954 745 2998 Ep.
765 2954 849 2988 VIII
876 2954 901 2989 f.
924 2956 1020 2997 159).

256 3004 269 3024 ²
294 3004 333 3038 P.
349 3004 467 3039 Vinck
492 3006 598 3050 paulo
625 3009 708 3041 ante
735 3007 891 3041 medium
917 3019 963 3042 m.
983 3009 1189 3051 Augustum
1209 3007 1329 3042 Leodii
1357 3018 1438 3042 cum
1464 3006 1503 3041 P.
1530 3006 1661 3040 Natale
1687 3006 1761 3050 egit
1789 3005 1894 3050 (Epp.

137 3057 258 3090 Nadal
283 3057 334 3090 III
361 3058 458 3101 514).

255 3110 268 3130 ³
294 3110 582 3152 WVidmanstadQ
610 3124 643 3145 v.
675 3113 760 3146 Can.
780 3113 812 3147 V
832 3112 901 3146 502
928 3113 1007 3148 506.
1155 3115 1166 3134 ⁴
1196 3112 1248 3147 Cf.
1279 3114 1367 3147 Can.
1386 3113 1418 3147 V
1440 3112 1499 3147 18³
1522 3112 1604 3147 430.
