2044 3335
374 101 469 135 Mon.
497 102 565 136 936
591 102 668 136 sive
696 101 754 136 dil.
777 101 843 146 (9).
886 102 940 136 Ab
967 101 1114 136 Octobri
1142 102 1232 136 1569
1260 101 1304 136 ad
1330 101 1534 144 Augustum
1564 100 1666 135 1570.
1818 103 1902 143 541

253 215 310 249 Fr.
337 216 518 249 Hem-icus
543 217 744 250 Winsenius
779 216 813 250 S.
832 217 864 250 J.
898 217 934 250 in
970 215 1145 250 *Litteris
1182 217 1310 251 annuis
1346 216 1489 259 collegii
1528 215 1720 259 dilingani,
1761 215 1906 259 Dilinga

137 269 167 303 1.
195 268 360 303 Octobris
389 269 478 303 1569
506 269 609 310 datis,
636 272 778 304 narrat:
805 269 959 303 Iuvenes
985 269 1020 303 in
1047 269 1286 304 universitate
1313 269 1446 304 litteris
1471 269 1660 303 studentes
1691 268 1754 311 „ad
1782 268 1906 303 Sacra-

134 324 335 356 mentorum
362 322 684 366 frequentationem
711 325 786 356 tam
813 324 897 357 sunt
922 323 1048 357 faciles
1075 324 1111 356 et
1136 323 1301 368 prompti,
1340 326 1380 357 ut
1414 323 1511 357 nullo
1539 323 1649 357 etiam
1684 322 1905 363 cohortante,

133 377 275 409 tantum
301 387 370 409 non
398 376 594 409 obruantur
629 376 874 410 confitentium
909 376 1139 410 multitudine
1165 376 1294 410 Patres
1322 375 1551 421 Confessarij,
1588 376 1648 420 qui
1683 376 1719 409 in
1756 374 1907 409 multam

135 428 244 462 etiam
268 430 409 462 noctem
436 440 551 472 usque
578 429 621 473 ijs
648 429 834 463 audiendis
861 430 1025 473 occupati
1051 430 1230 463 tenentur.
1270 429 1364 463 Hinc
1390 441 1475 463 uero
1501 429 1552 470 fit,
1578 431 1618 462 ut
1644 440 1736 472 quae
1762 428 1798 462 in
1825 428 1906 473 aliJ's

134 481 268 525 passim
295 481 510 526 Academijs,
538 482 627 526 proh
654 482 762 524 dolor,
789 482 1058 516 adolescentum
1084 481 1230 515 licentia
1267 482 1435 523 cernitur,
1470 482 1537 516 hoc
1563 482 1640 516 loco
1676 482 1810 515 aditum
1837 493 1907 515 non

135 534 241 568 facile
268 534 437 575 inueniat,
463 547 533 569 non
553 547 629 569 eam
656 535 777 578 legum
796 535 1002 576 seueritate,
1030 535 1092 569 sed
1111 534 1244 569 Christi
1271 536 1391 579 potius
1417 535 1544 569 timore
1564 535 1777 569 excludente
1796 537 1905 579 atque

134 587 390 632 proscribente.
442 588 599 623 Jubilaei
634 590 804 633 tempore,
840 589 932 632 quod
968 588 1011 622 ad
1048 588 1347 631 tranquillitatem
1375 588 1524 633 Reipub.
1552 588 1812 633 impetrandam
1839 588 1907 622 hoc

134 652 226 674 anno
246 641 512 685 promulgatum
540 642 607 675 fuit
625 643 633 661 ¹
652 669 659 676 .
681 669 688 676 .
709 669 715 676 .
735 641 962 686 paucissimi⁴⁴
985 642 1131 675 fuerunt
1152 641 1206 683 „in
1234 644 1310 675 tota
1328 641 1586 682 Vniuersitate,
1613 642 1674 685 qui
1700 653 1770 675 non
1795 641 1906 675 totius

135 694 232 728 uitae
258 698 465 729 accuratam
484 706 550 729 sua
576 697 703 739 sponte
722 695 1001 729 confessionem‘
1024 695 1195 728 facerent.
1230 693 1493 737 ⁷,Conuictores‚
1521 695 1581 738 qui
1601 722 1607 728 .
1629 722 1634 727 .
1656 722 1662 728 .
1683 694 1717 727 in
1737 694 1905 737 Collegio,

135 748 228 790 quod
255 747 296 782 D.
326 748 535 793 Hieronymi
571 750 721 789 uocant,
758 748 824 782 sub
861 747 1050 792 disciplina
1084 747 1274 781 Societatis
1311 748 1473 789 uiuunt“‚
1505 747 1639 781 habent
1673 750 1811 792 septem
1843 758 1909 790 „ex

133 801 267 835 nostris
294 801 525 846 inspectores,
553 813 641 845 quos
669 801 912 835 cubiculorum
939 801 1141 846 praefectos
1158 802 1300 835 uocant.
1321 828 1328 834 .
1349 827 1356 835 .
1377 827 1383 835 .
1426 800 1583 844 Legibus
1609 800 1737 834 uiuunt
1756 799 1905 845 Collegij

138 853 353 895 Germanici,
390 855 483 898 quod
519 855 554 888 in
581 855 678 889 Vrbe
714 856 825 888 extat.
847 882 853 888 .
875 882 909 888 ..
961 854 1052 888 Sunt
1086 854 1122 887 hi
1156 853 1192 888 in
1227 854 1499 898 frequentandis
1525 853 1768 888 Sacramentis
1804 856 1840 887 et
1871 853 1907 886 in

135 908 229 942 omni
265 907 411 952 pietatis
444 908 554 949 cultu,
593 908 742 952 reliquis
777 908 948 942 studiosis
986 907 1091 950 longe
1127 907 1394 951 diligentiores,
1433 908 1622 951 magisque
1648 906 1794 940 assidui.
1825 933 1832 939 .
1862 933 1869 939 .
1900 934 1906 940 .

135 961 360 995 Exercentur
378 961 540 995 crebrius
566 961 601 994 in
620 960 938 995 declamationibus
956 961 1033 995 siue
1054 961 1200 1002 Latinis,
1227 961 1305 994 siue
1326 960 1560 994 Germanicis.
1596 959 1785 993 Habentur
1811 960 1906 1003 apud

134 1026 194 1048 eos
221 1014 422 1059 peculiares
447 1014 600 1048 subinde
620 1014 899 1048 exhortationes.
920 1041 928 1049 .
948 1042 954 1048 .
975 1041 981 1048 .
1018 1014 1085 1048 Est
1111 1013 1180 1048 alia
1207 1014 1440 1057 congregatio
1458 1025 1655 1058 pauperum
1682 1012 1904 1057 quorundam

133 1068 384 1108 studiosorum,
412 1067 472 1111 qui
492 1067 560 1101 etsi
578 1079 646 1101 non
666 1079 735 1101 uno
761 1067 838 1102 loco
858 1067 973 1102 adhuc
992 1068 1164 1109 habitent,
1192 1067 1301 1102 certis
1319 1069 1438 1101 tamen
1464 1067 1562 1101 horis
1580 1067 1739 1111 quotidie
1765 1066 1807 1100 ad
1826 1078 1905 1111 pre-

133 1121 295 1162 candum,
322 1120 534 1154 sumendum
561 1120 689 1161 cibum,
716 1121 930 1165 repetendas
964 1121 1148 1163 lectiones,
1184 1121 1392 1155 discendum
1428 1122 1572 1155 cantum
1599 1120 1904 1159 Ecclesiasticum,

132 1177 168 1208 et
193 1174 227 1208 id
255 1185 369 1217 genus
395 1174 477 1215 alia,
505 1173 732 1208 conueniunt.
776 1174 867 1208 Sunt
892 1186 1038 1208 numero
1066 1175 1122 1209 30.
1165 1174 1307 1208 Habent
1336 1186 1356 1208 a
1382 1174 1695 1208 Reuerendissimo
1715 1173 1904 1207 Cardinale

132 1239 201 1261 non
228 1227 524 1261 contemnendam
551 1227 816 1272 eleemosynam
837 1228 1055 1271 quottannis.
1103 1228 1250 1262 Praeest
1275 1228 1347 1261 illis
1374 1239 1466 1261 unus
1492 1240 1537 1262 ex
1560 1228 1693 1262 nostris
1720 1227 1904 1268 fratribus,

132 1281 193 1325 qui
219 1283 470 1325 praeterquam
498 1281 590 1324 quod
617 1292 734 1315 mores
761 1293 881 1315 eorum
909 1285 945 1315 et
970 1282 1091 1315 studia
1117 1284 1220 1315 curat
1245 1281 1446 1324 diligenter,
1474 1293 1618 1326 operam
1645 1282 1752 1315 etiam
1779 1281 1840 1314 dat
1865 1283 1907 1314 ut

132 1334 344 1378 conquisitis
370 1334 453 1368 hinc
479 1334 560 1368 inde
587 1333 835 1379 eleemosynis,
862 1334 950 1368 nihil
977 1335 1049 1369 illis
1075 1335 1110 1369 in
1136 1335 1236 1369 uictu
1263 1335 1321 1368 uel
1356 1335 1490 1369 uestitu
1517 1335 1621 1369 desit.
1673 1335 1720 1369 Jn
1754 1334 1810 1368 his
1846 1334 1904 1368 ad-

131 1388 327 1427 mittendis,
353 1399 508 1430 magnus
534 1387 687 1421 habetur
713 1387 884 1430 delectus,
917 1388 1097 1432 habetque
1132 1388 1263 1422 summi
1299 1388 1463 1433 beneficij
1499 1388 1586 1430 loco,
1625 1388 1685 1432 qui
1721 1392 1802 1433 post
1829 1388 1903 1421 diu-

132 1444 275 1476 turnam
302 1441 548 1486 probationem
574 1440 657 1475 huic
683 1442 848 1475 societati
875 1442 1020 1486 adiungi
1046 1444 1214 1476 meretur.
1259 1441 1383 1476 Solent
1408 1444 1529 1475 autem
1556 1442 1615 1476 isti
1642 1441 1836 1475 Dominicis
1863 1453 1905 1475 ac

132 1495 236 1529 festis
262 1495 397 1536 diebus,
424 1494 555 1529 deuota
581 1506 708 1528 uocum
734 1495 975 1529 modulatione
1011 1496 1047 1529 in
1074 1495 1290 1529 Academiae
1322 1495 1465 1535 sacello,
1501 1506 1570 1539 quo
1605 1495 1755 1529 studiosi
1784 1506 1906 1528 omnes

132 1548 358 1589 conueniunt,
386 1548 506 1582 diuina
533 1549 725 1582 decantare
751 1548 890 1582 officia“
925 1549 985 1592 (ex
1012 1549 1176 1594 exemplo
1204 1548 1419 1593 archetypo;
1449 1548 1490 1582 G.
1510 1548 1574 1593 Ep.
1594 1548 1626 1581 X
1652 1548 1677 1582 f.
1700 1548 1796 1592 136).

253 1601 442 1635 Caeterum
459 1602 636 1635 Pozcmcas
653 1602 689 1635 in
707 1601 849 1642 litteris,
869 1613 958 1646 quas
976 1614 1086 1647 supra
1104 1602 1189 1642 dixi,
1209 1602 1251 1636 de
1271 1601 1520 1636 Centuriarum
1539 1601 1906 1645 Magdeburgensium

131 1655 349 1689 refutatione
376 1666 396 1688 a
416 1654 558 1689 Canisio
585 1655 687 1689 iussu
706 1655 760 1688 Pii
779 1655 821 1689 V.
841 1657 1012 1700 suscepta
1037 1656 1209 1690 ÷÷scribit:
1241 1656 1300 1698 „Ci
1329 1655 1557 1698 rallegriamo
1582 1655 1647 1689 che
1673 1654 1699 1689 il
1718 1655 1757 1689 P.
1777 1655 1818 1689 D.
1839 1654 1906 1688 Ca-

132 1708 223 1743 nisio
248 1709 318 1742 stia
345 1709 434 1742 bene
461 1711 496 1742 et
523 1709 670 1743 attenda
697 1708 767 1742 alle
793 1720 856 1742 sue
883 1710 1062 1743 0011111110ιι
1097 1709 1231 1753 (Germ.
1253 1709 1297 1744 70
1324 1709 1349 1743 f.
1370 1708 1435 1753 3¹³).

133 1847 239 1884 936
267 1849 347 1883 sive
376 1846 471 1883 dil.
493 1847 594 1894 (9).
670 1847 722 1883 Ab
751 1847 901 1884 Octobri
926 1847 1009 1884 1569
1037 1847 1083 1884 ad
1109 1847 1315 1895 Augustum
1342 1847 1436 1884 1570.

251 1914 307 1948 Ex
333 1914 540 1959 apographo
567 1915 727 1948 eiusdem
753 1915 936 1959 temporis.
982 1914 1023 1949 G.
1049 1915 1111 1959 Ep.
1130 1914 1181 1948 XI
1208 1915 1231 1948 f.
1251 1915 1319 1948 ‘225
1347 1914 1426 1948 226.

257 1981 424 2013 Cam'szssus
450 1981 618 2023 Dilinyae
653 1981 692 2013 in
721 1983 945 2024 promotione
972 1981 1010 2014 P.
1038 1981 1197 2014 Hae‘vodt'
1231 1982 1429 2014 orationem
1463 1980 1574 2014 habet.
1625 1980 1721 2013 Idem
1757 1981 1798 2012 de
1830 1990 1906 2013 cor-

132 2034 282 2077 ruptelis
302 2035 576 2077 protestantium
601 2035 732 2068 scribit.

255 2100 457 2143 „Antonius
486 2098 691 2133 Gm'scmzt3“
714 2100 750 2134 S.
770 2101 806 2134 J.
833 2101 872 2133 in
899 2101 1034 2143 colleye'i
1060 2101 1241 2143 dilinyani
1260 2101 1409 2133 Litteris
1435 2101 1568 2132 amittis
1587 2100 1736 2143 Dilinqa
1757 2101 1810 2132 16.
1831 2100 1906 2133 Aa·

131 2154 338 2197 qusti1570
364 2153 459 2185 datis
483 2152 577 2196 haec,
597 2158 746 2196 praeter
771 2155 857 2197 alia,
884 2159 1036 2187 narrat:
1063 2153 1263 2196 Collegium
1291 2152 1512 2194 vniuersum,
1539 2153 1631 2196 quod
1658 2153 1702 2186 ad
1729 2164 1845 2186 mores
1872 2154 1908 2186 et

134 2206 430 2250 gubernationem
457 2206 587 2240 attinet
613 2207 656 2240 ad
684 2206 888 2251 exemplum
925 2207 1136 2251 idaeamque
1164 2206 1314 2252 Collegij
1342 2207 1503 2248 Romani,
1541 2217 1610 2250 quo
1646 2205 1689 2240 ad
1726 2206 1801 2239 eius
1827 2205 1905 2239 fieri

134 2261 264 2305 potest,
300 2259 590 2304 componitur...
610 2287 617 2294 .
670 2259 837 2294 Calendis
870 2259 1037 2294 Octobris
1071 2260 1265 2294 lectionum
1301 2260 1484 2293 renouatio
1519 2259 1719 2293 instaurata
1746 2261 1811 2293 est.
1841 2287 1875 2293 ..
1897 2286 1904 2293 .

133 2313 225 2347 Dein
250 2313 346 2347 trina
381 2313 612 2358 promotione,
638 2313 891 2359 Philosophiae
916 2314 1084 2357 Magistri
1120 2313 1322 2358 complures
1354 2314 1476 2354 creati,
1504 2313 1767 2347 Baccalaureus
1793 2312 1905 2347 Theo-

134 2367 251 2411 logiae
283 2378 386 2408 vnus,
422 2369 576 2410 quatuor
601 2365 814 2408 Licentiati,
849 2379 943 2402 vnus
970 2368 1113 2402 Doctor.
1164 2367 1216 2401 De
1242 2366 1396 2401 Doctore
1432 2367 1548 2401 dicam
1586 2366 1730 2410 aliquid.
1782 2366 1824 2400 Js
1851 2368 1907 2401 est

134 2421 174 2455 P.
203 2420 390 2465 Gasparus
416 2420 634 2461 Haiuodus³‚
662 2420 899 2455 Concionator
925 2421 1181 2455 Academicus:
1210 2432 1341 2464 magna
1366 2420 1449 2454 huic
1475 2420 1684 2454 celebritate
1711 2419 1822 2453 honor
1848 2420 1906 2453 de-

135 2476 255 2508 cretus
281 2474 369 2508 fuit:
396 2473 488 2507 Nam
514 2476 550 2508 et
568 2473 609 2508 D.
629 2474 760 2508 Petrus
779 2473 945 2508 Canisius
971 2474 1208 2519 eloquentem,
1235 2474 1269 2507 in
1294 2474 1370 2508 eius
1388 2474 1542 2517 gratiam
1569 2473 1683 2518 pridie
1708 2473 1907 2507 orationem

134 2527 270 2567 habuit,
299 2530 334 2562 et
352 2527 393 2561 D.
413 2527 621 2572 Alphonsus
640 2527 805 2568 Pisanus,
832 2539 972 2562 summa
999 2528 1116 2571 gratia
1143 2530 1179 2562 et
1205 2527 1453 2562 aedificatione
1480 2528 1657 2561 examenb
1682 2538 1701 2560 e
1725 2526 1906 2569 cathedra,

134 2581 222 2622 siue,
248 2583 290 2615 vt
315 2592 379 2615 nos
407 2580 576 2615 Germani
603 2580 792 2624 loquimur,
828 2581 1039 2626 vesperias2
1065 2581 1250 2616 adiunxit:
1288 2583 1429 2626 postero
1456 2591 1541 2614 vero
1568 2581 1634 2622 die,
1671 2592 1740 2625 quo
1776 2580 1908 2614 collata

134 2634 257 2668 laurea
284 2637 349 2675 est,
376 2634 493 2668 omnia
520 2633 751 2668 nihilominus
777 2634 972 2668 solenniter
998 2637 1155 2679 peracta,
1183 2646 1275 2678 quae
1293 2646 1356 2679 pro
1383 2633 1633 2668 vniuersitatis
1651 2633 1908 2668 consuetudine

134 2688 260 2722 solent.
283 2715 290 2722 .
310 2716 316 2722 .
337 2716 344 2722 .
381 2687 481 2730 Quod
507 2687 551 2722 ad
579 2687 618 2722 D.
640 2688 788 2722 Petrum
808 2687 990 2722 Canisium
1017 2689 1184 2733 pertinet,
1212 2688 1272 2732 qui
1299 2688 1368 2722 iam
1395 2687 1530 2722 multos
1555 2699 1696 2722 menses
1722 2687 1908 2722 nobiscum

134 2744 385 2784 commoratur,
412 2753 482 2775 non
509 2744 629 2775 cessat
655 2741 714 2775 ille
741 2741 858 2774 moliri
892 2753 1034 2787 semper
1069 2741 1204 2786 aliquid
1240 2742 1275 2776 in
1303 2741 1486 2776 Ecclesiae
1521 2740 1766 2776 defensionem
1799 2744 1908 2786 atque

253 2815 281 2842 a)
302 2809 461 2836 Hainodus
481 2819 528 2842 ap.
620 2810 650 2843 b)
673 2817 823 2836 vexamen
843 2819 889 2843 ap.

258 2935 268 2954 ¹
294 2933 347 2968 De
373 2933 440 2969 hoc
466 2934 619 2969 iubilaeo
647 2947 681 2969 v.
708 2946 818 2980 supra
844 2947 877 2980 p.
897 2935 993 2969 324².

255 2987 269 3007 ²
294 2986 345 3021 De
384 2987 440 3022 his
482 2988 698 3033 „vesperiis‘
738 3000 772 3022 v.
802 2989 890 3023 Can.
923 2989 938 3022 Ι
974 2988 1069 3023 712².
1132 2988 1188 3022 Ex
1226 2986 1371 3033 „Actis-‘¹
1410 2989 1661 3023 universitatis
1704 2988 1908 3032 dilinganae

134 3040 364 3084 cognoscitur
393 3040 442 3083 (id
468 3041 560 3085 quod
588 3041 674 3076 clar.
693 3041 735 3076 D.
754 3041 805 3075 Dr
828 3042 980 3076 Thomas
1004 3042 1130 3085 Specht
1155 3041 1405 3076 universitatis
1430 3042 1623 3077 historicus
1650 3042 1907 3077 humanissime

134 3105 275 3128 mecum
301 3094 608 3139 communicavit),
635 3095 838 3129 Haivodum
865 3096 921 3130 30.
948 3095 1069 3129 Martii
1096 3095 1276 3130 doctorem
1302 3095 1506 3139 theologiae
1532 3098 1693 3130 creatum
1719 3107 1810 3131 esse.
