2044 3335
646 95 812 139 Augusta
830 95 935 130 Vind.
955 96 1012 130 26.
1032 95 1156 130 Martii
1176 94 1278 130 1569.
1767 96 1850 136 285

202 213 353 255 Placet
375 213 421 255 P.
446 212 580 254 Paulo
613 215 658 255 et
687 212 783 266 alijs
806 213 1070 267 Consiliarijs
1085 214 1113 262 1,
1147 226 1306 254 nouum
1341 210 1442 265 eligi
1476 214 1520 253 et
1551 210 1721 253 institui
1742 210 1854 253 Rec-

83 281 222 321 torem
257 277 501 331 Oeniponti,
544 277 591 320 P.
609 276 915 319 Wendelinum
948 277 1189 331 Populum2
1231 276 1410 326 scilicet,
1453 275 1706 328 nullumque
1740 288 1856 316 com-

83 342 317 385 modiorem
360 342 403 383 in
444 342 549 383 hac⁸
589 342 808 395 prouintia
849 356 1078 396 possumus
1119 341 1323 396 reperire.
1389 341 1529 391 Quare
1572 339 1779 382 maiorem
1812 339 1855 380 in

83 407 255 449 modum
297 405 515 460 rogamus,
558 408 607 448 ut
644 407 790 448 Patris
823 407 878 450 N.
914 406 1140 449 Generalis
1181 405 1352 447 nomine
1394 405 1612 447 scribatur
1644 403 1856 446 Dominae

83 472 269 514 Vrsulae
301 472 531 525 Fuggerae
572 472 625 513 de
658 472 703 514 P.
724 472 981 514 VVendelino
1023 471 1142 513 facto
1176 470 1377 520 Rectore,
1419 470 1548 523 idque
1587 469 1856 512 necessarias

82 536 136 578 ob
170 550 337 586 causas,
381 539 430 578 ut
461 538 695 590 propterea
735 550 820 578 non
859 537 997 578 solum
1029 536 1125 590 ipsa
1157 535 1442 576 mutationem
1475 535 1587 577 hanc
1620 534 1721 576 boni
1754 548 1855 576 con-

82 601 211 652 sulat,
245 601 321 642 sed
354 601 486 643 etiam
520 601 617 655 alijs
650 600 801 642 amicis
824 601 1097 655 comprobet:
1132 614 1216 641 non
1240 599 1489 642 defuturum
1513 599 1685 641 interim
1710 599 1854 649 alium,

81 666 154 719 qui
194 665 309 707 illius
350 666 444 708 loco
485 665 693 708 succedat
733 666 777 707 in
809 680 986 708 munere
1019 664 1280 719 Confessarij
1293 663 1321 707 ¹³.
1386 664 1552 706 Eadem
1585 665 1637 706 de
1669 678 1716 706 re
1748 664 1855 706 scri-

80 732 212 773 batur
252 731 307 772 ad
345 731 467 775 illum
511 744 694 784 quoque,
738 733 787 772 vt
819 731 930 773 sciat
962 744 1009 773 se
1041 730 1257 783 legittime
1299 731 1344 772 et
1375 729 1488 771 serio
1521 729 1692 771 institui
1725 731 1769 771 et
1801 730 1855 770 ad

81 796 162 837 hoc
193 810 348 837 munus
381 795 583 838 accersiri
616 795 887 838 authoritate
921 796 966 838 P.
1001 796 1055 838 N.
1091 794 1329 838 Generalis.
1394 794 1493 836 Non
1528 794 1641 835 enim
1674 794 1856 835 deerunt

81 860 162 902 hoc
193 860 287 902 loco
318 860 587 902 tentationes
620 863 664 903 et
696 860 992 911 difficultates,
1027 874 1137 913 quae
1169 860 1281 901 hanc
1312 858 1598 901 mutationem
1633 861 1678 900 et
1709 862 1855 901 trans-

81 925 287 967 lationem
321 925 513 968 adamati
545 925 690 968 Patris
729 925 983 978 quibusdam
1017 925 1220 968 acerbam
1255 924 1458 975 efficient,
1494 927 1542 966 ut
1574 924 1856 966 uehementer

82 1004 287 1044 egeamus
329 1004 538 1045 expressa
580 991 626 1034 P.
660 990 716 1033 N.
750 991 991 1040 sententia,
1035 1004 1164 1044 quam
1206 989 1587 1044 expostulantibus
1632 988 1855 1030 nobiscum

81 1055 232 1098 amicis
264 1069 482 1110 opponere
514 1055 742 1109 possimus,
788 1056 881 1098 Nec
914 1055 1039 1097 uideo
1073 1055 1145 1109 qui
1171 1055 1310 1109 possit
1334 1055 1436 1097 Doc.
1461 1055 1623 1096 Paulus
1646 1055 1700 1096 ab
1725 1053 1855 1095 Oeni-

80 1120 283 1176 pontanis
309 1120 511 1174 migrare,
546 1120 629 1162 nisi
650 1120 696 1163 P.
716 1120 1023 1162 Wendelinus⁰
1055 1120 1247 1174 acceptis
1281 1134 1336 1161 ex
1358 1120 1476 1161 Vrbe
1498 1119 1636 1162 literis
1668 1119 1853 1173 primum

78 1186 212 1228 adeat
245 1185 547 1240 Oenipontum,
590 1185 735 1238 ibique
776 1186 951 1228 iuuetur
992 1186 1185 1227 nonnihil
1227 1185 1281 1227 ab
1314 1185 1464 1227 eodem
1498 1185 1545 1227 P.
1570 1185 1704 1227 Paulo
1738 1184 1853 1226 circa

79 1250 194 1292 illius
227 1251 397 1304 collegij
431 1250 865 1294 administrationem.
919 1250 1070 1304 Magni
1096 1250 1287 1292 muneris
1318 1250 1413 1292 loco
1447 1250 1722 1304 accipiemus,
1755 1264 1850 1291 cum

80 1315 160 1358 hoc
201 1317 400 1358 effectum
442 1316 678 1358 reddiderit
716 1316 767 1358 R.
802 1316 849 1358 T.
885 1316 951 1357 oui
994 1316 1101 1358 duos
1134 1316 1359 1368 Fuggeros
1391 1315 1531 1357 filios3
1563 1318 1706 1357 mater
1749 1329 1851 1357 uere

79 1381 284 1434 religiosa
317 1382 603 1425 commendat.
665 1381 753 1423 Ora
785 1396 862 1435 pro
896 1396 964 1423 me
998 1381 1129 1423 Pater
1162 1380 1341 1422 chariss.
1376 1380 1444 1422 cui
1475 1380 1620 1422 fateor
1651 1395 1719 1422 me
1751 1394 1851 1435 per-

79 1447 262 1489 multum
296 1447 465 1489 debere.
529 1446 759 1500 Augustae
793 1448 847 1488 26
881 1446 1029 1501 Martij
1067 1448 1195 1488 1569.

979 1523 1139 1565 Seruus
1171 1522 1215 1564 in
1248 1522 1418 1565 Christo
1451 1522 1498 1566 P.
1523 1522 1731 1565 Canisius.

197 1607 225 1659 †
257 1606 513 1648 Reuerendo
554 1606 598 1648 in
639 1606 811 1648 Christo
844 1606 979 1657 Patri,
1022 1606 1080 1648 M.
1113 1605 1271 1647 Joanni
1314 1605 1503 1647 Polanco
1546 1605 1767 1659 Theologo
1809 1609 1852 1648 et

76 1672 323 1714 Secretario
357 1670 587 1715 Societatis
620 1672 739 1722 Jesu,
774 1671 891 1726 patri
925 1671 1104 1713 chariss.
1228 1670 1407 1713 Romae.

200 1757 298 1800 Quae
326 1757 491 1792 Canisius
517 1758 673 1792 Polanco
708 1757 765 1791 his
801 1757 933 1792 litteris
969 1758 1012 1791 de
1038 1758 1250 1797 Octaviano,
1288 1757 1435 1801 Georgii
1461 1758 1505 1792 Π.
1534 1757 1690 1801 Fuggeri
1725 1760 1760 1792 et
1787 1757 1852 1791 Ur-

82 1811 183 1846 sulae
210 1812 253 1846 de
280 1811 527 1846 Lichtenstein
554 1811 637 1852 filio,
673 1811 825 1853 rettulit,
862 1811 1090 1845 illustrantur
1126 1815 1162 1845 et
1188 1811 1403 1856 supplentur
1438 1823 1501 1856 per
1528 1812 1651 1846 varias
1678 1811 1853 1856 epistulas

76 1865 123 1899 ab
150 1864 350 1899 Octaviano
376 1865 544 1908 Augusta
574 1864 837 1899 vindelicorum
873 1865 917 1899 ad
944 1866 1151 1908 Philippum
1177 1866 1394 1899 Eduardum
1430 1866 1581 1899 fratrem
1611 1865 1726 1907 datas,
1763 1877 1852 1909 quas

77 1918 136 1952 hic
162 1918 199 1952 in
217 1918 544 1964 >*Ephemeridibus'
563 1919 868 1952 commemoravit.
905 1919 960 1952 Ita
984 1918 1096 1962 igitur
1113 1918 1321 1964 Philippus:
1352 1919 1441 1953 1569
1460 1930 1506 1952 m.
1521 1918 1651 1952 Martio
1671 1919 1708 1960 „1
1727 1918 1852 1953 Frater

80 1983 124 2006 ex
151 1975 307 2016 augusta
334 1999 341 2007 .
363 2000 368 2006 .
391 2000 397 2006 .
425 1971 490 2006 che
526 1972 551 2006 il
577 1972 617 2006 P.
647 1971 789 2006 Canisio
817 1972 959 2016 parlera
993 1971 1028 2005 al
1064 1972 1187 2015 signor
1212 1972 1323 2016 padre
1358 1971 1423 2005 che
1456 1971 1487 2017 cj
1516 1971 1563 2016 dij
1591 1971 1671 2015 ogn'
1688 1983 1778 2005 anno
1804 1984 1851 2006 un

78 2027 179 2059 tanto
199 2025 365 2060 accioche
384 2026 540 2070 potiamo
559 2037 743 2060 mesni-are
769 2025 802 2059 le
821 2037 925 2070 spese
945 2025 1126 2059 conforme
1152 2025 1187 2059 al
1207 2025 1290 2059 dato
1390 2025 1410 2059 8
1429 2025 1542 2059 frater
1560 2037 1605 2059 ex
1624 2027 1781 2069 augusta
1802 2053 1807 2059 .
1823 2054 1829 2059 .
1845 2054 1850 2058 .

81 2079 145 2113 che
172 2090 252 2113 esso
278 2081 382 2124 porta
409 2079 531 2124 spada,
569 2081 605 2113 et
630 2079 695 2113 che
721 2079 747 2113 il
773 2079 896 2122 signor
921 2079 1051 2123 Joannj
1089 2081 1108 2112 e
1134 2079 1244 2113 molto
1270 2078 1499 2113 affectionato
1535 2090 1555 2113 a
1581 2079 1638 2112 noi
1665 2091 1728 2124 per
1753 2091 1852 2113 amor

81 2132 175 2166 della
210 2132 355 2176 signora
381 2132 516 2173 madre,
552 2135 588 2166 et
622 2132 688 2167 che
721 2133 915 2166 cercheran
941 2132 1106 2177 beneficij
1143 2144 1207 2177 per
1239 2131 1287 2177 luj
1410 2132 1452 2166 15
1481 2158 1488 2166 .
1509 2159 1543 2166 ..
1571 2132 1636 2166 che
1670 2132 1696 2166 il
1730 2133 1853 2176 signer

80 2187 189 2231 padre
224 2186 258 2220 lo
289 2185 374 2220 uuol
400 2186 570 2220 mandare
605 2198 625 2220 o
652 2198 672 2220 a
697 2186 844 2220 Padoua
881 2198 900 2219 o
927 2197 947 2220 a
973 2185 1145 2231 Louayna
1173 2214 1180 2220 .
1201 2213 1235 2220 ..
1263 2186 1308 2219 22
1335 2186 1461 2220 Frater
1496 2198 1540 2219 ex
1568 2189 1742 2229 augusta:
1780 2186 1853 2221 Che

81 2251 150 2274 non
177 2239 262 2274 uuol
288 2241 388 2274 esse'r
413 2239 485 2273 tale
512 2251 611 2273 come
629 2239 679 2283 gli
698 2240 868 2285 Canonicj
896 2240 931 2273 in
950 2242 1106 2284 augusta
1136 2240 1192 2273 die
1210 2239 1288 2274 sich
1306 2239 1508 2283 gewaichte
1527 2240 1692 2273 Edelleut
1710 2240 1853 2274 haissen

84 2297 120 2327 et
146 2293 211 2328 che
238 2293 296 2327 un‘
313 2293 431 2327 anima
458 2292 489 2326 d'
506 2305 552 2327 un
580 2292 759 2327 Canonico
786 2305 940 2338 app-arse
967 2294 1083 2338 doppo
1109 2293 1144 2327 la
1171 2295 1286 2327 morte
1313 2293 1357 2327 ad
1384 2305 1430 2327 un
1457 2293 1549 2327 altro
1576 2293 1798 2336 dicendogli:
1825 2293 1856 2327 si

79 2359 151 2381 non
176 2347 326 2381 fuissem
353 2347 396 2380 de
422 2358 570 2380 numero
597 2347 867 2388 Canonicorum,
893 2358 964 2381 non
991 2358 1108 2381 essem
1135 2347 1178 2380 de
1204 2358 1352 2380 numero
1379 2347 1649 2380 damnatorum⁸⁶
1666 2348 1690 2380 4.
1738 2346 1852 2380 Maio:

86 2401 126 2443 „3
153 2400 266 2434 frater
292 2412 337 2434 ex
364 2402 540 2443 augusta:
579 2400 613 2435 l?
640 2399 705 2434 che
732 2400 757 2434 il
783 2400 908 2444 signor
933 2400 1044 2445 padre
1079 2412 1149 2434 non
1175 2400 1307 2434 uoleua
1332 2400 1551 2443 nominargli
1582 2412 1630 2434 un
1655 2402 1756 2434 tanto
1791 2411 1855 2445 per

80 2453 102 2487 l’
118 2465 209 2488 anno
236 2453 301 2487 che
327 2453 534 2498 spendesse,
570 2464 629 2487 ma
655 2464 676 2487 a
701 2464 758 2487 me
787 2452 866 2498 (per
892 2454 992 2488 auiso
1019 2453 1051 2487 d'
1067 2465 1114 2487 un
1142 2453 1249 2497 altro)
1279 2453 1389 2494 daria,
1429 2455 1465 2486 et
1490 2453 1763 2487 consentirebbe
1789 2453 1855 2487 che

81 2507 217 2552 potessi
251 2509 353 2541 tener
389 2519 436 2540 un
464 2506 612 2540 Cauallo
639 2533 646 2540 .
669 2533 702 2540 ..
731 2506 796 2540 che
823 2507 1029 2552 partirebbe
1064 2506 1120 2541 fra
1148 2507 1215 2542 .10.
1243 2506 1359 2551 giornj
1396 2518 1459 2552 per
1489 2506 1646 2551 louayna
1673 2507 1760 2541 etc.“
1793 2506 1855 2550 (ex

81 2563 239 2604 autog1·.;
268 2560 352 2595 Cod.
373 2560 515 2594 vindob.
531 2560 621 2594 7447
650 2560 675 2594 f.
694 2559 740 2593 42
758 2561 820 2594 43a
836 2560 928 2604 442).
972 2560 1073 2594 Patri
1100 2563 1220 2594 autem
1248 2560 1405 2594 Polanco
1437 2561 1651 2594 Octavianus
1668 2562 1856 2605 Fuyyerus

199 2638 227 2665 a)
247 2638 293 2662 Ita
314 2638 343 2662 C.
363 2637 493 2661 correxit
512 2644 548 2662 ex
566 2634 642 2667 hoc;
661 2636 796 2668 seqnitur
815 2635 953 2668 collegIO,
973 2644 991 2661 (ι
1012 2637 1040 2662 C.
1061 2637 1152 2661 oblitt.
1216 2635 1246 2662 b»
1268 2637 1407 2668 Sequitur
1426 2636 1452 2662 si
1473 2637 1516 2662 vel
1537 2643 1580 2668 se,
1600 2637 1690 2662 oblite.
1757 2637 1783 2667 0)
1806 2638 1854 2662 Se-

81 2679 182 2711 quitur
201 2685 248 2710 ex,
268 2679 357 2703 oblitt.

202 2780 212 2800 ¹
239 2779 279 2813 P.
298 2778 410 2813 Paulo
429 2778 578 2813 Hoffaeo
604 2781 641 2812 et
667 2778 747 2813 aliis
773 2779 969 2824 praepositi
987 2778 1221 2823 provincialis
1242 2779 1507 2814 consultoribus
1529 2779 1615 2824 (ΡΡ.
1634 2780 1854 2815 Theodorico

82 2831 224 2866 Canisio
251 2835 288 2866 et
312 2832 496 2877 Alphonso
524 2832 673 2872 Pisan03
702 2845 736 2867 v.
764 2844 871 2877 supra
898 2844 930 2877 p.
953 2832 1049 2875 116).

201 2886 213 2906 ²
241 2884 471 2920 Germanice:
504 2885 676 2928 „Volck“.

201 2939 214 2958 ³
240 2939 479 2973 Raimundum
506 2941 541 2973 et
568 2940 774 2981 Antonium,
812 2938 957 2983 Georgii
992 2941 1029 2973 et
1054 2939 1209 2974 Ursulae
1241 2939 1345 2982 filios,
1380 2940 1522 2984 collegii
1549 2941 1747 2984 germanici
1774 2953 1853 2976 con-

82 2992 250 3026 victores.

201 3047 214 3066 4
240 3045 413 3080 Homines
439 3045 536 3080 illius
561 3046 693 3080 aetatis
719 3046 755 3080 in
773 3045 1055 3081 narratiunculis
1081 3046 1188 3081 huius
1207 3047 1351 3091 generis
1376 3047 1483 3083 nimis
1501 3048 1667 3082 credulos
1694 3059 1733 3082 se
1752 3060 1851 3093 prae-

79 3098 202 3133 buisse
228 3099 299 3133 iam
326 3110 434 3144 saepe
460 3099 590 3134 monui.
