2044 3335
170 111 253 152 726

168 226 353 267 medium
395 225 583 278 ipsorum
626 225 937 266 transeundum
979 226 1059 266 est.

167 291 275 343 Ego,
300 290 370 342 qui
394 303 613 341 nunquam
631 289 737 331 illud
755 289 839 332 iter
857 290 1060 339 feceram,

167 354 387 408 respondi,
432 354 564 395 Pater
604 368 687 407 quo
732 355 930 396 uolumus
967 354 1062 395 ire?

167 418 481 461 Committimus
530 434 607 460 nos
656 434 813 473 magno
857 420 1061 474 periculo,

168 485 249 526 Sed
283 485 415 526 Pater
456 485 686 534 resolutus,
729 485 926 526 habendo
966 485 1063 539 plus

166 548 347 590 fiduciae
365 549 407 590 in
427 550 545 598 DEo,
565 564 693 602 quam
711 564 805 603 ego,
824 549 1061 604 respondit,

166 628 251 655 non
294 614 489 656 dubitate
528 617 675 669 pater,
720 630 819 657 nam
862 629 941 668 ego
984 615 1063 656 hac

165 679 350 720 transiui
384 679 512 721 etiam
548 680 645 734 alijs
678 680 857 730 uicibus,
893 684 937 722 et
968 680 1064 721 nul-

164 744 252 785 lum
301 747 368 787 est
409 745 667 798 periculum,
716 760 800 787 non
843 746 1061 792 dubitate:

167 811 339 851 tantum
372 810 554 864 pergite.
601 811 720 853 Tunc
743 825 822 864 ego
845 811 949 852 nihil
970 811 1063 852 dico

167 874 295 924 aliud,
339 875 414 917 sed
455 876 567 918 facio
610 876 780 930 signum
825 877 865 918 S.
911 876 1062 925 crucis,

168 942 211 981 et
256 940 348 981 dico
392 941 508 983 intra
552 955 619 983 me
664 941 826 994 ipsum;
874 941 955 982 Hic
996 944 1064 983 est

166 1018 286 1045 meus
311 1005 605 1056 ProuincialiS,
636 1007 755 1049 iubet
777 1021 844 1049 me
867 1020 1061 1060 pergere,

168 1070 387 1112 confidens
419 1072 462 1113 in
490 1072 748 1122 obedientia,
782 1086 984 1127 pergann
1020 1075 1064 1114 et

166 1134 228 1175 ita
260 1134 416 1189 incipio
439 1136 609 1190 ingredi
631 1137 728 1179 illas
753 1152 888 1191 aquas
911 1151 1063 1179 uersus

167 1199 241 1241 illa
273 1200 355 1242 duo
388 1202 519 1255 ligna,
565 1205 609 1244 et
641 1217 735 1244 cum
769 1203 1063 1257 peruenissem

168 1265 222 1306 ad
243 1268 433 1319 pontem,
469 1267 541 1320 qui
564 1270 659 1309 erat
681 1268 863 1321 ligneus,
893 1271 1063 1310 tantum

168 1343 308 1382 aquae
346 1331 502 1381 inueni.
546 1335 594 1374 ut
626 1334 897 1387 pertingeret
928 1348 1064 1386 usque

168 1395 222 1436 ad
255 1399 452 1438 uentrem
486 1398 597 1451 equi,
632 1402 676 1441 et
698 1399 743 1441 P.
769 1399 964 1441 Canisius
997 1413 1065 1441 me

167 1462 442 1514 sequebatur.
476 1464 534 1505 Et
552 1464 653 1516 quia
670 1466 766 1506 erat
781 1464 870 1505 dies
885 1464 1024 1506 festus
1037 1467 1063 1514 ¹,

167 1525 339 1579 integer
371 1528 545 1580 quidam
578 1543 717 1582 pagus
750 1543 832 1570 non
857 1529 948 1570 sine
971 1532 1063 1571 stu-

165 1605 269 1644 pore
284 1593 432 1635 stabat
446 1608 524 1635 nos
539 1595 778 1647 spectando
788 1595 817 1637 2.
851 1595 878 1637 J
881 1609 908 1636 n
923 1595 1063 1636 medio

166 1659 298 1709 ponte
350 1673 471 1700 meus
525 1673 660 1712 equus
712 1660 866 1714 pedem
920 1661 1064 1714 posuit

167 1735 298 1775 supra
315 1737 518 1776 magnum
540 1725 724 1777 aliquem
744 1726 944 1779 lapidem,
969 1740 1062 1767 ere-

166 1786 233 1827 xit
265 1801 324 1838 se,
365 1792 409 1830 et
441 1790 590 1832 statim
626 1790 810 1841 demisit,
855 1805 940 1832 non
972 1791 1064 1832 sine

167 1865 325 1905 magno
367 1868 462 1896 meo
496 1855 663 1906 timore,
708 1856 778 1908 qui
811 1856 872 1897 illi
905 1856 1064 1897 inside-

169 1916 282 1967 bam,
326 1922 370 1961 et
411 1919 446 1960 si
489 1934 591 1962 casu
634 1920 676 1961 in
719 1935 846 1963 vnam
890 1921 959 1962 uel
1002 1921 1064 1962 al-

167 1984 308 2024 teram
349 1987 515 2038 partem
558 1989 632 2027 aut
666 1986 782 2028 latus
824 1986 1063 2036 cecidisset,

168 2051 313 2089 actum
359 2050 513 2092 fuisset
558 2051 610 2092 de
655 2051 771 2092 socio
811 2051 856 2093 P.
892 2051 1063 2105 Canisij.

169 2112 325 2155 Curaui
366 2118 520 2168 postea
563 2119 610 2158 ut
652 2116 785 2158 Pater
829 2116 1067 2158 declinaret

169 2178 222 2219 ab
255 2179 327 2220 illo
354 2180 510 2234 lapide,
546 2184 589 2223 et
622 2184 670 2223 ut
693 2184 897 2235 superato
921 2184 1065 2235 ponte,

170 2246 214 2285 et
254 2246 533 2298 pertransitis
577 2247 700 2300 aquis
733 2247 978 2287 ueniremus
1011 2247 1066 2287 ad

170 2309 288 2350 illum
323 2325 495 2363 pagum,
531 2311 601 2352 ubi
635 2311 812 2353 stabant
835 2325 982 2353 omnes
1004 2311 1067 2353 illi

170 2375 354 2426 rustici²¹‚
409 2378 453 2418 et
505 2377 872 2430 reprehendent-es
920 2391 1068 2418 omnes

172 2442 365 2482 nostram
419 2442 644 2484 audaciam
699 2441 924 2491 dicebant;
979 2442 1068 2483 Vos

171 2505 336 2548 fecistis
368 2521 497 2548 vnam
532 2521 620 2548 rem
656 2521 783 2559 quam
816 2521 894 2548 nos
924 2507 1069 2548 facere

172 2585 255 2612 non
270 2571 500 2613 fuissemus
514 2572 620 2614 ausi.
648 2572 927 2614 Peruenimus
939 2572 1068 2626 paulo

290 2664 318 2694 a)
339 2662 412 2688 tutti
434 2662 501 2695 quei
521 2662 683 2693 eontadini,
704 2662 817 2688 uomini
838 2670 854 2687 e
869 2662 968 2687 donne
984 2663 1012 2687 C.

295 2831 514 2865 ¹Dominica
556 2832 617 2866 Ill.

174 2894 281 2926 supra
308 2896 339 2927 p.
367 2886 443 2918 611.

657 2832 843 2865 Adventus
860 2859 865 2871 ,

791 109 885 143 Mon.
916 107 1006 142 1070
1031 107 1110 141 sive
1136 119 1211 142 var.
1233 107 1298 151 (6).

1097 224 1159 261 Ad
1188 224 1262 261 hoc
1292 236 1376 272 ege,
1408 223 1469 260 cui
1498 223 1573 261 iter
1591 223 1686 262 illud
1706 224 1821 273 plane
1842 227 1927 262 erat

1097 295 1286 344 ignotum,
1315 296 1511 345 respondi,
1543 296 1661 334 Pater
1681 310 1849 345 quonam
1869 297 1926 335 ire

1666 370 1720 406 At
1754 370 1818 407 ille
1847 370 1927 407 ani-

1099 447 1239 488 matus,
1269 443 1440 492 mihique
1469 444 1631 481 multum
1651 443 1691 480 in
1709 445 1789 482 Deo
1811 444 1926 481 fiden-

1098 369 1304 406 uolumus‘?
1334 369 1610 418 periclitamur.

1099 515 1154 552 tia
1174 519 1395 565 praestans,
1418 516 1560 562 subdit,
1581 517 1640 555 Ne
1660 518 1812 564 timeas,
1833 521 1927 555 nota

1100 591 1161 626 est
1191 588 1285 625 mihi
1314 589 1466 627 isthaec
1496 590 1572 636 via,
1613 603 1774 639 eamque
1803 593 1927 628 tutam

1099 662 1199 699 alias
1238 675 1323 700 sum
1363 668 1561 713 expertus,
1600 664 1762 713 praeito.
1819 664 1928 701 Tunc

1100 747 1171 784 ego
1199 736 1486 781 obmutescens,
1517 740 1556 774 et
1577 736 1711 774 Crucis
1732 736 1845 784 signo
1865 749 1926 773 me

1099 806 1290 852 muniens,
1321 819 1470 844 mecum
1492 806 1576 855 ipse
1596 806 1741 844 tacitus
1763 806 1926 852 aiebam,

1100 889 1123 913 a
1145 876 1383 914 Prouinciali
1410 890 1495 914 meo
1516 877 1667 926 praeire
1687 876 1834 923 iubeor,
1864 876 1927 914 ibo

1099 946 1220 995 igitur
1275 947 1420 985 uirtute
1476 949 1601 985 fretus
1651 947 1926 991 Obedientiae;

1100 1025 1219 1061 quare
1259 1025 1381 1062 aquas
1414 1013 1629 1061 ingressus,
1669 1013 1787 1050 Patre
1817 1012 1927 1050 Oani-

1101 1087 1157 1124 sio
1197 1087 1365 1135 uestigio
1404 1087 1645 1136 insequente,
1686 1087 1734 1124 ad
1772 1089 1927 1136 pontem

1100 1155 1207 1194 illum
1237 1157 1409 1205 ligneum
1438 1157 1611 1205 perueni,
1641 1157 1706 1194 ubi
1736 1170 1804 1194 eae
1832 1156 1927 1194 adeo

1100 1226 1378 1273 intumuerant,
1404 1230 1446 1264 ut
1465 1227 1615 1275 Equum
1635 1230 1793 1276 pectore
1813 1230 1927 1264 tenus

1102 1302 1360 1350 attingerent:
1383 1302 1432 1338 Et
1452 1302 1542 1350 quia
1564 1301 1647 1339 dies
1668 1305 1752 1339 erat
1766 1302 1891 1340 festus
1905 1305 1927 1348 ¹,

1105 1373 1203 1421 Pagi
1225 1372 1441 1410 adiacentis
1462 1373 1614 1410 incolae
1634 1386 1705 1410 nos
1727 1375 1929 1421 stupentes

1101 1446 1389 1484 intuebantur?
1453 1446 1499 1482 In
1545 1444 1672 1482 medio
1713 1445 1841 1494 pontis
1882 1445 1929 1482 E-

1100 1531 1210 1567 quus,
1240 1530 1352 1566 queni
1373 1516 1457 1565 ipse
1480 1515 1797 1561 conscenderam,
1829 1515 1928 1552 forte

1101 1601 1218 1637 super
1247 1587 1386 1635 ingens
1417 1598 1556 1623 saxum
1585 1585 1721 1634 pedem
1746 1584 1927 1631 firmauit,

1100 1661 1237 1699 deinde
1269 1673 1363 1698 uero
1393 1662 1553 1708 repente
1584 1671 1625 1696 se
1656 1658 1809 1703 extulit,
1849 1661 1929 1695 sta-

1098 1733 1242 1781 timque
1291 1730 1470 1768 submisit
1516 1743 1594 1767 non
1636 1729 1719 1766 sine
1761 1728 1928 1766 sessoris

1101 1801 1334 1847 discrimine,
1366 1799 1539 1848 alioquin
1569 1798 1603 1836 si
1631 1799 1671 1835 in
1701 1799 1928 1836 alterutram

1100 1877 1251 1923 partem
1291 1871 1550 1916 declinasset,
1591 1873 1719 1907 actum
1761 1873 1845 1906 erat
1883 1869 1928 1906 de

1102 1947 1214 1984 Socio
1236 1945 1365 1982 Patris
1387 1943 1552 1992 Canisij:
1583 1955 1656 1990 quo
1679 1943 1782 1979 cirea
1804 1941 1929 1988 effeci,

1103 2021 1145 2054 ut
1183 2017 1300 2053 Pater
1338 2029 1358 2052 a
1400 2015 1561 2064 scopulo
1600 2014 1666 2050 illo
1706 2013 1929 2058 diuerteret,

1103 2091 1219 2136 atque
1257 2087 1312 2124 ita
1350 2089 1469 2135 ponte
1508 2087 1704 2134 superate,
1745 2084 1930 2132 aquisque

1103 2158 1291 2202 traiectis,
1332 2157 1379 2194 ad
1404 2156 1553 2204 Pagum
1583 2154 1834 2200 accessimus,
1865 2154 1931 2191 ubi

1104 2223 1254 2271 Pagani
1269 2223 1324 2259 illi
1340 2223 1692 2266 commorabantur,
1712 2220 1776 2268 qui
1798 2232 1930 2256 omnes

1104 2307 1182 2331 una
1202 2306 1297 2331 uoce
1315 2306 1386 2330 nos
1401 2296 1514 2330 tanta
1529 2291 1575 2328 de
1591 2290 1754 2327 audacia
1769 2302 1932 2337 arguen-

1104 2367 1177 2410 tes,
1192 2364 1385 2409 dicebant,
1401 2362 1551 2400 fecistis
1564 2361 1663 2410 quod
1674 2374 1745 2398 nos
1755 2360 1840 2397 ausi
1851 2362 1932 2396 ten·

1105 2438 1191 2472 tare
1206 2446 1448 2482 nequaquam
1463 2445 1647 2469 essemus.
1678 2429 1932 2467 Peruenimus

1104 2505 1237 2553 itaque
1267 2504 1313 2541 ad
1342 2502 1636 2546 Monasterium,
1666 2501 1794 2549 ibique
1816 2500 1934 2536 Pater

1107 2575 1287 2613 Canisius
1308 2574 1453 2622 insigni
1467 2571 1742 2610 beneuolentia
1757 2574 1795 2608 et
1810 2570 1934 2608 chari-

917 2842 1008 2874 quae
1047 2842 1087 2863 eo
1125 2841 1216 2862 anno
1259 2829 1313 2861 die
1362 2828 1415 2862 14.
1456 2825 1664 2860 Decembris
1710 2826 1808 2864 erat:
1853 2824 1934 2857 vide

293 2937 305 2955 ‘³
332 2937 568 2978 Significatur,
596 2939 690 2981 puto,
717 2938 819 2971 vicus
838 2936 1142 2978 Oberammergau
1164 2933 1424 2978 (Ambrogavia
1442 2932 1631 2977 superior),
1655 2931 1698 2965 ad
1718 2930 1933 2964 Ambroneni

175 2990 266 3022 situs
292 2992 327 3022 et
353 2990 458 3033 paulo
485 2990 564 3034 plus
591 3002 696 3033 quam
723 2990 830 3023 horae
856 2989 1046 3023 intervallo
1072 3000 1093 3022 a
1120 2988 1335 3021 monasterio
1362 2987 1510 3023 distans.
1545 2985 1605 3018 ubi
1633 2984 1768 3018 decimo
1795 2994 1934 3027 quoque

176 3053 266 3075 anno
292 3041 453 3085 plurimis
479 3043 724 3086 spectantibus
752 3043 869 3086 passio
889 3042 1021 3076 Christi
1048 3041 1188 3075 scenice
1216 3041 1273 3083 agi
1300 3040 1409 3079 solet;
1438 3038 1481 3072 ab
1507 3038 1574 3071 hoc
1600 3037 1680 3071 vico
1706 3037 1813 3070 etiam
1841 3047 1935 3069 nunc

176 3095 235 3128 via
261 3097 359 3127 recta
385 3094 455 3127 fert
481 3095 523 3128 ad
551 3096 816 3129 monasterium.
