2044 3335
129 82 213 123 624
388 78 483 112 Mon.
502 77 570 112 989
596 76 674 112 sive
699 87 775 110 oen.
798 75 888 118 (17).
930 75 962 108 A
987 74 1044 109 25.
1063 74 1154 108 Iunii
1179 75 1225 109 ad
1252 74 1307 109 16.
1326 74 1483 118 Augusti
1511 74 1612 110 1571.

127 194 193 230 Dei
219 194 337 238 gratia
362 193 470 234 valet,
498 193 538 225 vt
564 201 643 225 cras
669 190 871 224 concionari
897 188 987 223 velit
1011 189 1126 234 prima
1151 189 1231 223 vice
1247 189 1267 224 ¹.
1306 188 1354 223 Et
1379 201 1460 224 ecce
1486 190 1617 224 adsunt
1641 190 1767 225 literae
1785 190 1825 226 P.
1844 191 1888 226 V.

126 258 219 292 quae
246 248 370 280 vetant
395 246 487 279 hanc
512 243 822 288 permutationem,
849 253 940 286 quae
966 242 1075 277 toties
1101 244 1184 276 ante
1211 254 1256 276 ex
1281 242 1369 276 vrbe
1403 242 1553 287 probata
1581 243 1651 278 fuit
1676 243 1761 278 licet
1787 254 1807 277 a
1832 255 1890 278 me

103 300 310 343 -hucusque
345 299 508 332 extracta
543 308 563 330 3
588 296 681 330 festo
709 295 933 330 Paschatis2.
983 294 1087 329 Nunc
1121 295 1206 339 quid
1242 306 1307 338 ego
1342 295 1502 330 faciam?
1551 296 1663 330 Misso
1698 307 1788 340 equo
1823 296 1890 331 hoc

128 364 276 397 vespere
302 350 476 385 reuocabo
494 350 534 384 P.
553 348 799 383 Alexandrum
825 347 919 382 Hala
945 347 1005 382 vbi
1031 347 1217 392 nauigium
1235 347 1411 382 Viennam
1438 360 1566 383 versus
1593 351 1772 394 expectat,
1799 349 1890 383 dabo

128 416 271 450 operam
298 406 339 438 vt
357 403 528 448 Princeps
555 413 661 445 aegre
684 413 754 435 non
780 401 874 435 ferat
899 401 929 435 si
952 400 992 435 P.
1010 400 1217 435 Alexander
1241 412 1304 446 per
1330 400 1394 435 hos
1417 401 1638 436 caniculares
1664 402 1893 436 concionetur

129 458 233 502 quasi
251 457 290 491 P.
311 455 476 490 Canisius
502 456 639 489 interea
665 455 701 488 in
727 454 846 498 quiete
872 454 956 488 huic
981 454 1055 488 aeri
1082 465 1290 488 assuescere
1316 454 1445 488 debeat
1463 481 1471 490 .
1489 455 1520 489 si
1546 455 1612 489 hoc
1630 455 1787 500 Principi
1812 466 1891 500 pro-

127 511 279 551 babitur,
305 510 394 544 bene
419 508 538 550 habet,
565 508 596 543 si
621 519 690 542 non
708 508 917 553 probabitur
933 507 995 542 sed
1022 507 1203 551 intelligat
1220 508 1259 542 P.
1280 507 1462 542 canisium
1487 520 1549 553 pro
1568 508 1775 542 valetudine
1801 508 1892 542 bene

129 562 331 598 concionari
356 573 473 607 posse,
499 573 585 596 sane
610 563 686 595 tum
705 561 792 595 mihi
819 560 965 595 difficile
984 561 1053 594 erit
1077 572 1207 595 nouam
1232 560 1455 603 tragoediam
1473 572 1552 595 cum
1580 561 1649 595 isto
1674 560 1892 596 formidabili

128 616 294 660 Principe
321 613 435 650 de‘nuo
454 616 622 657 excitare,
649 614 711 649 sed
737 614 869 648 faciam
896 614 989 658 quod
1008 613 1173 648 voluerit.
1208 614 1340 657 Jtaque
1358 614 1398 649 P.
1416 613 1460 648 V.
1480 615 1653 649 citissime
1678 615 1893 659 respondeat

128 670 212 714 quid
238 669 314 703 fieri
341 669 479 703 debeat.
529 668 600 702 Res
635 668 686 702 ita
711 667 838 702 habet:
874 667 925 701 Re
961 667 997 701 in
1023 668 1213 711 vtramque
1248 669 1387 712 partem
1414 679 1433 701 a
1459 679 1516 701 me
1546 667 1684 712 prolixe
1709 667 1893 712 disputata

128 723 244 758 visum
278 723 348 756 fuit
373 722 463 756 meis
489 720 702 766 consiliarijs
738 722 774 754 et
790 720 959 755 Patribus
982 720 1253 764 Augustanis³³
1279 722 1316 754 et
1340 719 1438 761 mihi,
1474 722 1515 754 vt
1533 720 1572 755 P.
1591 720 1769 755 Martinus
1794 720 1892 754 nullo

127 777 232 810 modo
258 776 292 810 in
320 775 504 810 Austriam
528 773 624 808 mitti
659 773 814 814 deberet,
848 774 941 818 quod
975 773 1052 818 ipse
1087 773 1170 807 huic
1196 773 1401 807 Prouintiae
1437 773 1548 807 multo
1583 774 1698 817 magis
1723 774 1893 819 prodesse

129 832 251 874 posset
276 840 384 873 quam
410 829 449 863 P.
476 827 681 862 Alexander
707 827 840 861 multas
875 827 918 861 ob
954 837 1091 868 causas,
1128 829 1164 860 et
1199 826 1292 871 quod
1318 826 1519 861 Austriacis
1544 826 1584 861 P.
1611 827 1789 861 Martinus
1819 829 1894 861 tam

131 884 256 926 gratus
282 882 427 916 futurus
452 893 521 915 non
547 882 644 915 esset
678 892 784 924 quam
811 880 850 914 P.
878 880 1094 921 Alexander,
1129 879 1191 914 sed
1218 882 1259 913 vt
1293 880 1395 914 iuxta
1426 880 1647 914 voluntatem
1676 880 1715 915 P.
1742 879 1895 914 Vestrae

134 935 251 979 (cuius
277 935 419 969 litteras
454 934 559 968 dictis
585 933 754 968 Patribus
780 933 935 977 ostendi)
972 932 1013 967 P.
1041 932 1205 967 Canisius
1231 932 1389 977 Principi
1425 934 1621 974 offerretur,
1657 933 1717 977 qui
1751 935 1895 978 praeter

130 988 318 1023 conciones
344 988 452 1022 etiam
479 987 566 1021 haec
593 987 661 1021 duo
687 986 840 1029 collegia
866 997 930 1020 sua
956 986 1160 1031 praesentia
1185 988 1221 1020 et
1246 986 1404 1031 consilijs
1431 987 1580 1028 iuuaret,
1607 986 1730 1030 sicque
1752 986 1896 1030 vtrique

131 1042 340 1076 Prouintiae
366 1041 471 1075 valde
497 1040 725 1075 satisfactum
752 1040 794 1074 iri
820 1042 930 1084 atque
956 1039 1065 1074 etiam
1091 1040 1131 1074 P.
1151 1040 1303 1074 Vestrae
1329 1041 1365 1073 et
1391 1039 1558 1085 Principi,
1586 1040 1679 1084 quod
1706 1039 1894 1074 consilium

130 1095 170 1130 P.
191 1094 355 1129 Canisius
382 1094 497 1128 libens
523 1093 736 1139 acceptauit.
780 1093 913 1137 Jtaque
938 1105 983 1127 ne
1008 1093 1118 1127 nimia
1144 1104 1223 1127 mea
1240 1104 1339 1127 mora
1364 1093 1513 1127 nimium
1538 1104 1727 1136 grauarem
1752 1095 1895 1127 nostros

131 1148 352 1189 Austriacos,
388 1147 547 1192 percurri
573 1146 823 1192 Oenipontum,
849 1158 925 1180 rem
951 1146 1046 1191 apud
1071 1145 1273 1191 Principem
1300 1146 1447 1187 confeci,
1474 1148 1533 1190 qui
1561 1146 1742 1180 Canisium
1769 1146 1893 1180 statim

130 1201 252 1235 vocari
278 1200 394 1240 iussit,
421 1200 481 1245 quj
509 1200 663 1242 aduenit,
699 1202 735 1234 et
768 1199 875 1233 simul
911 1199 1087 1234 aduectab
1112 1203 1197 1233 sunt
1229 1199 1300 1233 tria
1326 1210 1457 1242 magna
1483 1210 1572 1233 vasa
1606 1199 1776 1233 librorum
1804 1210 1895 1243 quae

131 1255 297 1288 dicuntur
322 1254 518 1299 ponderare
548 1254 600 1288 15.
620 1253 854 1293 centenarios,
881 1253 1023 1297 iamque
1042 1252 1276 1297 aliquousque
1302 1253 1469 1286 discessit
1486 1252 1526 1287 P.
1545 1252 1758 1287 Alexander.
1796 1252 1895 1286 Haec

130 1319 307 1351 suggero:
335 1306 411 1351 Ego
437 1307 526 1341 haec
551 1307 587 1340 in
613 1309 750 1341 secreto
777 1318 891 1347 seruo,
918 1306 1007 1340 nulli
1033 1307 1224 1350 quicquam
1250 1317 1294 1340 ne
1320 1305 1359 1340 P.
1389 1305 1531 1340 Canisio
1559 1306 1701 1349 quidem
1728 1305 1821 1340 dixi:
1858 1305 1895 1339 Si

131 1361 171 1395 P.
200 1361 364 1396 Canisius
389 1362 516 1405 pergat
543 1360 774 1404 indispositus
801 1371 890 1401 esse,
917 1371 974 1394 res
1001 1359 1069 1393 erit
1093 1359 1271 1404 expedita.
1315 1359 1350 1394 Si
1377 1361 1497 1393 autem
1524 1358 1679 1393 firmiore
1706 1359 1774 1392 erit
1799 1358 1895 1392 vale-

131 1414 255 1448 tudine
283 1414 407 1457 (nimio
435 1425 542 1448 cursu
567 1414 603 1447 in
629 1413 756 1447 itinere
782 1425 821 1447 se
847 1413 1027 1456 fatigauit,
1062 1412 1216 1447 accessit
1251 1412 1358 1446 etiam
1384 1424 1498 1446 nouus
1528 1412 1603 1455 aer)
1633 1412 1686 1446 vti
1720 1413 1790 1446 iam
1817 1423 1896 1446 esse

139 1468 256 1512 coepit
281 1467 412 1501 haereo
439 1467 524 1511 quid
551 1466 681 1510 eligam
693 1472 714 1500 ὓ.
757 1465 930 1500 Habenda
957 1467 1014 1500 est
1039 1465 1130 1499 ratio
1156 1465 1262 1499 istius
1283 1465 1468 1511 Principis,
1496 1477 1575 1499 cum
1603 1477 1671 1509 quo
1697 1465 1897 1510 periculose

132 1524 325 1566 pugnatur,
353 1532 395 1554 ac
422 1520 477 1565 cuj
505 1520 544 1554 P.
574 1519 737 1554 Canisius
762 1519 913 1553 multum
940 1518 1109 1564 prodesse
1136 1519 1267 1564 poterit
1291 1519 1440 1553 misero:
1474 1518 1636 1553 omnibus
1663 1518 1897 1553 consideratis

131 1574 228 1608 nullo
255 1574 357 1608 modo
384 1574 532 1618 perdere
558 1572 666 1607 velim
692 1572 732 1607 P.
758 1572 965 1614 Martinum,
991 1571 1049 1606 hic
1076 1573 1169 1605 enim
1195 1572 1225 1606 si
1251 1573 1404 1613 maneat,
1432 1573 1554 1616 potero
1580 1573 1616 1606 ni
1643 1571 1748 1606 fallor
1783 1583 1895 1616 parua

132 1628 231 1662 facta
257 1627 387 1661 alicubi
414 1626 611 1660 mutatione
637 1626 769 1660 habere
786 1625 976 1660 Rectorem
994 1625 1222 1670 Jngolstadij,
1249 1625 1292 1659 de
1319 1636 1387 1669 quo
1413 1625 1506 1659 alius
1532 1625 1686 1659 scribam
1705 1625 1894 1670 copiosius.

134 1681 171 1716 Si
197 1682 318 1715 autem
344 1680 384 1714 P.
405 1679 570 1714 Canisius
594 1679 652 1713 hic
676 1680 830 1720 maneat,
858 1679 946 1713 vtile
972 1679 1114 1723 quidem
1140 1678 1207 1712 hoc
1233 1679 1300 1712 erit
1318 1678 1475 1723 Principi
1501 1680 1537 1712 et
1562 1678 1706 1723 Vtrique
1726 1678 1893 1722 Collegio,

134 1734 198 1768 sed
216 1733 282 1768 hoc
309 1736 429 1767 tamen
455 1732 675 1767 incommode
693 1732 882 1773 accideret,
909 1732 940 1766 si
959 1731 1088 1766 alicubi
1106 1731 1394 1766 constituendum
1423 1733 1518 1766 esset
1537 1731 1725 1774 collegium
1752 1731 1895 1776 aliquod

131 1787 346 1832 scriptorum
373 1788 496 1820 contra
522 1786 732 1827 haereticos,
759 1785 924 1829 quamuis
949 1785 1017 1820 hoc
1042 1785 1302 1819 incommodum
1329 1785 1483 1819 fortasse
1509 1784 1548 1818 P.
1567 1785 1611 1819 V.
1629 1797 1699 1818 non
1725 1796 1895 1829 magnum

131 1840 322 1874 videbitur.
347 1838 572 1873 'Timendum
599 1839 707 1873 etiam
733 1841 788 1873 est
814 1850 857 1872 ne
876 1838 1047 1883 Princeps
1074 1838 1116 1873 ob
1143 1841 1217 1872 tam
1236 1838 1356 1872 varias
1382 1838 1660 1882 frequentesque
1679 1838 1895 1872 mutationes

134 1893 186 1928 sic
212 1893 357 1927 tandem
385 1893 619 1927 exacerbetur
645 1894 686 1926 vt
710 1892 800 1926 nihil
826 1892 928 1926 nobis
955 1891 1108 1936 amplius
1137 1891 1245 1925 fidere
1271 1891 1361 1925 velit
1396 1895 1461 1925 etc.
1513 1891 1556 1925 V.
1584 1891 1623 1926 P.
1650 1891 1720 1925 cito
1746 1894 1895 1933 statuat,

130 1949 168 1981 et
193 1946 365 1981 citissime
392 1957 524 1990 quaeso
550 1945 724 1980 rescribat
743 1958 751 1980 z
770 1957 835 1988 ego
860 1945 1004 1979 interim
1027 1944 1180 1979 conabor
1198 1944 1327 1989 quibus
1352 1944 1466 1978 modis
1492 1947 1614 1989 potero
1639 1944 1896 1989 profectionem

132 2000 172 2034 P.
200 1998 396 2044 Alexandrj
424 1998 596 2043 impedire
615 2010 622 2033 z
641 1999 703 2032 sed
729 2010 839 2032 vnum
866 1998 931 2032 hoc
957 2010 1044 2040 rogo
1070 2000 1111 2031 vt
1138 1998 1176 2032 P.
1200 1997 1332 2032 Vestra
1357 1998 1549 2032 Austriaco
1576 1997 1814 2043 Prouintialj⁴
1839 2009 1895 2031 me

131 2054 178 2088 ob
203 2053 295 2087 hanc
322 2053 454 2086 iustam
480 2063 616 2086 moram
642 2054 789 2086 excuset
801 2052 826 2085 d.
861 2051 915 2085 En
933 2063 1026 2085 nunc
1051 2051 1164 2085 mittit
1181 2051 1354 2096 Princeps
1380 2054 1416 2085 et
1434 2051 1585 2095 quaerit,
1613 2062 1658 2085 an
1683 2063 1752 2085 non
1771 2051 1810 2085 P.
1831 2050 1895 2085 Ca-

132 2106 246 2140 nisius
272 2117 353 2140 cras
372 2105 663 2139 concionabitur:
683 2105 739 2139 cui
764 2104 931 2149 respondi
958 2105 1051 2148 quod
1076 2116 1155 2146 non,
1182 2104 1213 2138 si
1238 2104 1389 2149 placeat,
1418 2104 1528 2138 donec
1546 2103 1677 2138 habeat
1702 2104 1895 2138 firmiorem

132 2159 387 2194 valetudinem.

251 2213 349 2246 Haec
375 2212 548 2254 Hoffaeus
582 2213 621 2244 in
657 2214 735 2255 ipsa
769 2213 920 2254 epistula
955 2212 1070 2253 nuxit,-
1105 2212 1229 2244 deinde
1262 2212 1300 2244 in
1325 2212 1414 2254 folio
1448 2216 1614 2254 separato
1648 2212 1787 2244 addidit
1812 2211 1897 2244 hoc:

133 2265 405 2310 Postscriptum.
456 2264 664 2298 Reuerende
695 2265 813 2298 Pater.
866 2263 954 2298 Cum
981 2265 1089 2297 toties
1116 2264 1159 2297 ad
1189 2275 1245 2297 me
1272 2264 1403 2298 isthinc
1429 2264 1602 2309 scriptum
1627 2264 1675 2298 sit
1701 2266 1742 2297 vt
1767 2263 1808 2298 P.
1832 2263 1895 2298 Ca-

131 2319 262 2353 nisium
289 2319 409 2352 darem
436 2317 642 2363 Archidch',
669 2317 776 2362 idque
801 2317 872 2351 iam
898 2317 1040 2351 nomine
1059 2317 1098 2351 P.
1114 2316 1156 2351 V.
1184 2317 1321 2351 factum
1347 2318 1405 2357 sit,
1433 2320 1467 2351 et
1493 2317 1606 2351 bonus
1633 2317 1671 2351 P.
1691 2316 1896 2350 Alexander

132 2372 186 2406 bis
212 2373 283 2406 iam
310 2371 479 2405 dimissus
505 2371 614 2405 fuerit
640 2373 675 2405 et
701 2371 927 2412 valedixerit,
956 2373 990 2404 et
1016 2382 1110 2404 nunc
1136 2370 1214 2404 bise
1240 2373 1430 2404 reuocatus
1455 2371 1512 2412 sit,
1546 2382 1588 2404 ac
1613 2382 1703 2414 pene
1728 2370 1794 2404 has
1819 2382 1895 2404 mu-

132 2425 287 2459 tationes
313 2436 487 2458 nauseare
514 2427 548 2458 et
574 2424 609 2458 in
635 2435 736 2459 suam
754 2423 975 2458 Prouintiam
995 2424 1198 2458 desiderare
1216 2424 1372 2469 incipiat,
1399 2424 1481 2457 veni
1508 2425 1543 2457 in
1561 2424 1653 2457 hanc
1679 2423 1893 2457 sententiam

134 2481 175 2512 vt
200 2478 277 2512 loco
304 2478 344 2512 P.
364 2477 497 2523 Canisij
524 2477 635 2512 semel
662 2479 769 2522 atque
795 2477 927 2511 iterum
954 2477 1070 2511 adhuc
1097 2478 1334 2512 concionetur.
1377 2477 1467 2510 Tum
1493 2477 1523 2511 si
1550 2477 1589 2511 P.
1618 2476 1781 2511 Canisius
1807 2476 1895 2510 fidat

133 2542 218 2564 suae
244 2531 453 2572 valetudini,
489 2532 591 2575 sique
625 2530 713 2564 mihi
748 2530 842 2564 aliud
879 2542 985 2574 quam
1022 2541 1115 2564 nunc
1149 2530 1184 2563 in
1219 2532 1373 2564 mentem
1399 2542 1468 2563 non
1495 2529 1645 2570 venerit,
1681 2541 1718 2563 re
1744 2529 1894 2563 Domino

132 2585 379 2618 commendata
405 2584 582 2618 dimittam
601 2584 639 2618 P.
661 2584 913 2618 Alexandrum.
954 2582 989 2617 Si
1016 2584 1135 2617 autem
1154 2583 1194 2617 P.
1214 2583 1377 2617 Canisius
1403 2582 1601 2616 valetudini
1626 2594 1712 2616 suae
1738 2583 1774 2616 in
1798 2594 1895 2616 mon-

133 2636 229 2670 tibus
254 2637 390 2677 timeat,
416 2637 576 2671 retinebo
602 2637 641 2670 P.
668 2636 923 2677 Alexandrum,
957 2636 1019 2670 sed
1055 2639 1138 2669 tunc
1166 2638 1248 2680 opto
1282 2635 1399 2679 magis
1425 2639 1465 2669 vt
1491 2636 1531 2669 P.
1558 2635 1735 2669 Martinus
1761 2634 1894 2669 Leben-

255 2708 281 2735 a)
298 2707 361 2731 Dm)
382 2715 424 2731 vv.
438 2715 497 2738 sqq.
510 2708 545 2731 ab
565 2708 602 2732 H.
616 2715 708 2738 supra
728 2714 842 2731 versum
863 2707 974 2737 scripta
993 2709 1069 2731 siml.
1125 2703 1154 2733 b)
1171 2704 1290 2730 aduecti
1304 2708 1415 2736 auwgyr.
1472 2705 1496 2735 c)
1521 2706 1598 2735 Quae
1617 2708 1787 2736 sequuntur,
1807 2712 1895 2736 usque

134 2746 172 2770 (1ιί
192 2746 302 2771 misero
326 2748 402 2779 incl„
421 2749 455 2772 ab
476 2749 512 2773 H.
533 2749 564 2772 rin
584 2749 717 2780 margine
737 2747 840 2772 addim
860 2751 936 2772 sunt.
994 2746 1024 2778 d)
1048 2748 1124 2777 Quae
1144 2749 1316 2777 sequuntur,
1335 2754 1423 2778 usque
1443 2747 1481 2770 cccl
1502 2745 1668 2771 firmiorem
1688 2744 1895 2771 valetudinem

135 2787 209 2817 incl„
236 2789 270 2812 <eb
292 2789 328 2813 II.
351 2789 379 2813 in
401 2790 531 2821 »zaryieze
552 2790 654 2814 addita
673 2792 749 2814 sunt.
824 2790 850 2820 e)
871 2790 918 2814 Ita
938 2790 975 2814 H.
995 2789 1124 2813 corrasit
1144 2796 1179 2812 ea·
1199 2786 1299 2813 tertio.

258 2894 266 2912 ¹
294 2893 496 2927 Contionari
527 2895 680 2936 volebat,
715 2897 811 2940 puto,
848 2895 879 2929 8.
907 2895 999 2936 Iulii,
1036 2906 1128 2938 quae
1156 2896 1233 2928 erat
1258 2893 1442 2928 Dominica
1468 2893 1511 2927 V.
1538 2895 1620 2938 post
1644 2893 1894 2928 Pentecosten.

135 2944 267 3017 Quare?
280 2946 628 3034 cgnzeoffiglogaffijr}
656 2948 721 2982 has
746 2948 887 2982 litteras
915 2949 945 2982 7.
974 2947 1053 2981 Iulii
1080 2947 1278 2989 incohasse,
1305 2947 1337 2981 8.
1363 2946 1444 2980 Iulii
1471 2946 1680 2981 absolvisse.

256 3052 267 3071 ³
295 3050 466 3094 Gregorio
493 3012 659 3093 Rgseffii),
686 3052 898 3087 VVendelino
926 3053 1054 3087 Volck.
1200 3054 1211 3073 ⁴
1238 3052 1428 3087 Laurentio
1454 3052 1586 3095 Magio.
