2044 3335
146 105 232 146 334
658 101 760 135 1673.
788 100 953 135 Canisius
980 100 1013 135 S.
1033 101 1223 136 Francisco
1248 102 1412 146 Borgiae„

143 221 215 264 ΡΠι
247 221 294 263 Τ.
329 221 397 262 1101
433 220 476 262 Ρ.
503 219 793 270 ProuintialiS,
836 220 1013 262 mutabo
1052 220 1182 262 facile
1222 221 1376 272 locum,
1420 224 1464 264 et
1496 221 1762 264 studiorumb
1794 236 1909 264 com-

142 285 394 327 moditatem
436 298 547 326 nunc
589 284 691 325 mihi
735 287 1012 338 praesentem
1055 286 1264 328 deseram.
1337 287 1519 328 Jnterea
1565 286 1821 341 progrediar
1866 287 1908 329 in

142 364 272 404 opere
305 349 619 399 Centuriarum,
663 349 776 402 quod
817 363 1021 402 magnam
1062 350 1413 404 properationem
1451 365 1583 404 aegre
1623 366 1801 406 prorsus
1833 352 1910 394 ad-

141 414 289 465 mittit,
324 418 416 457 tum
449 417 628 468 propter
659 414 820 468 ingenij
854 414 936 456 mei
970 415 1239 466 tarditatem,
1273 419 1366 457 tum
1390 416 1442 457 ob
1466 430 1611 458 rerum
1643 417 1686 458 in
1719 431 1768 459 eo
1791 419 1909 459 trac-

139 479 372 521 tandarum
415 493 509 520 cum
551 479 713 520 talibus
755 479 1017 533 aduersarijs
1056 479 1372 524 difficultatem.
1435 480 1532 534 Ago
1566 484 1711 524 autem
1743 481 1910 534 gratias

139 543 185 585 P.
211 543 258 586 T.
283 543 395 595 quod
429 543 642 595 collegam
674 543 718 584 in
751 543 906 597 studijs
938 543 1041 585 mihi
1076 544 1243 587 dederit
1272 545 1318 588 P.
1345 545 1580 587 Ioannem1
1602 545 1804 599 Anglum,
1839 545 1911 599 qui

139 607 273 650 habet
304 621 472 649 mecum
506 607 626 658 satis,
670 608 713 649 in
748 623 830 662 quo
863 611 1069 652 exerceat
1100 623 1208 652 sese.
1271 610 1372 652 Non
1415 609 1697 660 committam,
1740 613 1788 653 ut
1828 611 1910 653 1100

138 672 287 714 labore
329 672 506 715 nimium
547 676 769 726 grauetur,
814 674 972 715 curabo
1014 676 1059 716 et
1099 674 1191 728 ipse
1224 674 1394 718 Christo
1438 675 1558 725 duce,
1600 678 1649 717 ut
1680 675 1724 717 in
1756 675 1910 729 studijs

137 738 291 779 modus
344 738 621 789 obseruetur,
676 752 923 791 quanquam
976 740 1178 793 experior
1229 754 1312 782 non
1361 739 1565 794 exiguam
1607 740 1766 782 mentis
1809 754 1910 782 con-

138 802 400 845 tentionemc
441 803 601 856 requiri
644 804 698 845 ad
739 818 831 845 rem
872 807 1042 846 tantam
1084 805 1383 858 colligendam,
1427 805 1705 858 digerendam
1748 807 1792 847 et
1833 818 1910 847 ex-

139 867 423 921 poliendamd.
477 868 605 910 Adsit
637 868 760 910 nobis
793 868 939 911 diuina
970 869 1143 912 bonitas
1174 884 1252 924 per
1283 870 1497 912 sacrificia
1530 873 1573 913 et
1605 883 1756 924 preces
1790 869 1837 913 T.
1861 870 1908 913 Ρ.

140 934 188 974 ut
221 932 492 975 obedientiae
520 936 671 976 sancte
703 947 781 987 per
803 948 871 975 me
893 934 1110 986 satisfieri,
1146 937 1190 977 et
1213 949 1320 989 opus
1342 935 1588 989 incoeptum
1611 935 1727 978 intra
1751 949 1910 977 annum

142 997 309 1039 absolui
340 997 492 1051 possit.

260 1063 591 1105 Admonuerunt
612 1062 839 1117 Augustae
862 1064 1000 1106 nostri
1014 1065 1031 1091 2
1053 1065 1282 1107 Dominam
1305 1065 1550 1119 Fuggeram
1564 1066 1592 1114 3,
1627 1065 1738 1107 sicut
1759 1067 1910 1119 postu-

141 1126 251 1169 lauit
288 1127 334 1170 P.
359 1128 406 1171 T.
478 1128 534 1170 Jn
577 1129 757 1170 eandem
799 1129 891 1170 fere
932 1129 1194 1172 sententiam
1236 1130 1386 1172 curaui
1428 1133 1472 1172 et
1521 1144 1615 1183 ego,
1658 1129 1909 1184 priusquam

144 1192 345 1245 Augusta
377 1192 655 1244 discederem,
689 1194 808 1235 illam
830 1194 968 1248 ipsam
992 1194 1227 1246 admoneri,
1261 1198 1310 1237 ut
1340 1194 1518 1236 minoris
1550 1195 1718 1237 faceret
1748 1208 1908 1235 nouum

143 1258 188 1297 et
209 1257 448 1299 inauditum
472 1258 552 1299 hoc
575 1272 712 1311 genus
735 1258 1062 1310 reuelationum,
1097 1259 1249 1313 quibus
1272 1259 1403 1302 etiam
1425 1259 1602 1301 nimium
1623 1260 1709 1301 iam
1733 1258 1909 1301 credere

144 1322 286 1375 coepit
318 1322 369 1364 D.
393 1322 586 1365 Joannes
617 1324 843 1377 Fuggerus
857 1325 885 1367 4.
950 1324 1035 1366 Vix
1068 1324 1225 1366 diuillie
1249 1323 1307 1379 [Ρ]
1342 1339 1388 1366 se
1420 1325 1563 1367 sinent
1595 1339 1620 1366 a
1651 1324 1783 1366 nimia
1815 1337 1909 1366 cre-

144 1386 348 1436 dulitate,
392 1402 520 1440 quam
562 1388 797 1430 uisionibus
839 1392 883 1431 et
924 1389 1268 1444 apparitionibus
1309 1390 1656 1431 muliercularum
1698 1389 1907 1439 tribuunt,

141 1451 222 1492 nisi
256 1466 282 1494 a
314 1452 438 1495 Pont.
473 1453 541 1495 uel
575 1454 684 1496 Sede
716 1455 970 1508 Apostolica
1009 1455 1204 1497 damnari
1236 1455 1427 1498 sentiant
1459 1455 1538 1496 hoc
1570 1468 1706 1508 genus
1738 1454 1906 1495 reuela-

141 1516 320 1567 tionum,
356 1532 462 1571 quas
495 1519 548 1560 ob
582 1519 769 1573 speciem
792 1519 941 1562 uariae
974 1520 1151 1574 pietatis
1174 1520 1434 1570 adiunctam,
1469 1534 1495 1562 a
1527 1519 1749 1574 spiritibus
1781 1519 1906 1560 malis

141 1582 317 1625 immitti
338 1597 423 1624 non
445 1598 572 1637 posse
595 1585 826 1627 confidunt.
870 1585 938 1627 Ita
960 1585 1150 1640 Principi
1172 1585 1398 1636 Bauariae,
1428 1599 1522 1627 cum
1547 1585 1592 1627 P.
1613 1583 1906 1627 Schorichium

141 1647 387 1700 Augustam
428 1648 619 1691 misisset
660 1650 715 1691 ad
747 1650 854 1692 haec
886 1651 1040 1692 melius
1074 1651 1342 1705 exploranda
1374 1654 1418 1694 et
1450 1651 1577 1693 simul
1608 1649 1905 1704 improbanda,

141 1713 392 1766 responderi
415 1717 622 1756 curarunt
635 1716 662 1757 5.
707 1715 800 1757 Nos
822 1715 958 1758 ueluti
989 1716 1096 1758 haec
1124 1716 1268 1758 diuina
1300 1716 1486 1758 humano
1510 1719 1641 1769 captu
1662 1714 1905 1764 metiamur,

142 1792 227 1819 non
268 1778 395 1820 ualde
435 1779 689 1834 respicimur
730 1783 774 1822 et
807 1781 1004 1822 audimur
1044 1781 1086 1822 in
1124 1781 1204 1823 hoc
1236 1781 1423 1835 negotio,
1467 1781 1580 1833 quod
1619 1793 1750 1834 saepe
1782 1779 1906 1821 nobis

142 1843 380 1897 displicere,
424 1847 468 1887 et
508 1858 585 1898 per
625 1859 671 1886 se
704 1845 830 1887 ualde
863 1847 1150 1900 periculosum
1189 1860 1283 1888 esse
1315 1846 1666 1888 commonuimus.
1730 1844 1906 1886 Habent

144 1909 274 1950 alium
307 1909 587 1962 Theologum,
628 1910 747 1952 cuius
781 1911 1049 1954 authoritate
1091 1911 1171 1953 niti
1211 1914 1413 1965 pergunt,
1457 1914 1505 1952 ut
1546 1911 1725 1952 credant
1757 1909 1902 1960 etiam,

141 1973 359 2016 hominum
389 1978 655 2017 mortuorum
679 1975 846 2017 animas
868 1976 1009 2018 redire
1040 1977 1084 2018 in
1106 1976 1343 2018 uiuentium
1367 1990 1561 2030 corpora,
1596 1975 1708 2017 sicut
1729 1974 1903 2016 mulier—

139 2040 261 2081 culae
294 2040 505 2093 quaedam
539 2055 565 2082 a
596 2040 818 2094 spiritibus
850 2041 976 2083 malis
1008 2041 1212 2084 obsessae
1234 2041 1408 2084 fortiter
1430 2043 1698 2083 asseuerant.
1742 2040 1904 2082 Petunt

137 2104 181 2146 in
221 2105 287 2146 his
329 2104 498 2146 animae
540 2105 774 2147 subsidium
808 2120 834 2147 a
866 2106 989 2157 uiuis,
1032 2109 1082 2148 vt
1114 2121 1169 2148 ex
1209 2106 1464 2160 purgatorij,
1507 2106 1591 2147 imo
1625 2109 1669 2148 et
1701 2105 1903 2148 fortassis

135 2170 293 2212 inferni
326 2170 475 2223 poenis
507 2170 764 2213 liberentur:
799 2185 929 2225 seque
961 2171 1169 2214 liberatas
1193 2185 1287 2213 esse
1316 2177 1469 2225 postea
1492 2172 1762 2214 confitentur.
1807 2170 1899 2211 Nos

253 2262 280 2292 a)
300 2262 347 2286 Ila
363 2263 390 2286 C.
405 2262 531 2286 cori-edric
551 2270 587 2286 ea:
608 2261 639 2287 R.
707 2262 737 2293 b)
759 2263 898 2294 Sequitur
917 2261 1101 2294 conditione,
1121 2272 1137 2287 a
1154 2265 1181 2289 C.
1197 2264 1285 2288 oblitt.
1355 2265 1381 2294 c)
1403 2265 1449 2288 Ita
1466 2264 1493 2289 C.
1512 2263 1641 2288 ‹rorreaeit
1660 2271 1696 2288 ex
1716 2262 1898 2288 contionem.

136 2302 165 2333 (1)
186 2304 233 2327 Ita
254 2304 281 2328 C.
302 2304 430 2327 roa-rexit
450 2311 486 2327 ex
505 2302 728 2335 expoliandam.
802 2305 828 2335 e)
850 2305 914 2335 Sic;
934 2308 964 2329 at
984 2305 1168 2329 scribendum
1186 2305 1246 2335 fecit
1266 2305 1338 2334 (nisi
1356 2306 1479 2336 sallom:
1501 2304 1612 2330 dluelli.

257 2434 265 2453 ¹
292 2433 505 2468 Rastellum.

253 2494 266 2512 *³
293 2492 525 2527 Potissimum
560 2492 757 2535 significari
793 2492 962 2526 videntur
996 2491 1035 2526 P.
1065 2492 1261 2536 Gregorius
1296 2493 1478 2528 Roseffius
1514 2493 1638 2527 domus
1673 2494 1898 2535 augustanae

135 2545 295 2588 superior
321 2546 357 2578 et
382 2544 422 2578 P.
442 2544 679 2578 WVendelinus
698 2544 824 2579 Volck.

254 2605 265 2623 ³⁵
291 2603 459 2637 Ursulam
487 2603 530 2637 de
556 2603 802 2637 Lichtenstein
828 2614 975 2637 uxorem
1004 2602 1148 2647 Georgii
1174 2604 1341 2647 Fuggeri.

253 2664 265 2682 4
292 2663 326 2695 Is
353 2662 584 2705 astrologiam
610 2674 752 2706 quoque
779 2662 939 2703 colebat;
975 2674 995 2696 a
1031 2675 1101 2707 qua
1137 2664 1213 2697 eius
1248 2663 1403 2697 animum
1442 2664 1606 2696 avertere
1632 2661 1671 2696 P.
1700 2662 1896 2706 Gregorius

136 2715 315 2748 Roseffius
342 2715 375 2749 S.
395 2715 426 2749 J.
457 2715 533 2758 (qui
560 2727 590 2749 a.
618 2715 709 2750 1570
735 2716 767 2749 ei
793 2727 814 2749 a
840 2715 1127 2750 confessionibus
1154 2728 1232 2750 esse
1259 2716 1390 2761 coepit)
1419 2716 1554 2749 frustra
1580 2715 1776 2749 conabatur
1805 2714 1896 2757 (Lill

134 2768 156 2801 l.
184 2779 212 2801 c.
241 2768 409 2809 26—27).
452 2769 641 2811 Philippus
666 2770 864 2802 Eduardus
890 2770 1076 2813 Fuqyerus
1101 2770 1137 2803 in
1163 2769 1488 2814 7κ·ΕΡΙ10111οΓ111111110
1514 2769 1595 2802 anni
1618 2769 1707 2802 1569
1733 2768 1892 2802 notavit:

141 2821 216 2862 „29.
244 2820 391 2863 [Martii]
420 2820 544 2854 Frater
572 2832 617 2854 ex
643 2823 800 2865 augusta
910 2821 967 2855 Vn
994 2822 1086 2856 altro
1113 2823 1231 2856 scriue
1258 2822 1322 2856 che
1350 2821 1470 2866 quella
1496 2821 1562 2856 che
1588 2821 1627 2855 fu
1654 2820 1894 2855 indemoniata

135 2874 169 2907 in
197 2873 289 2906 Casa
324 2872 380 2906 del
405 2873 527 2915 signor
554 2873 730 2919 Giouannj
758 2874 915 2908 Fuccaro
951 2875 991 2908 fu
1017 2874 1073 2908 un’
1092 2875 1211 2909 anima
1246 2875 1279 2909 di
1307 2875 1363 2909 Vn
1390 2874 1568 2909 Canonico
1604 2874 1687 2918 qual
1713 2885 1893 2908 ammazzo

135 2938 203 2959 uno
245 2926 280 2959 in
319 2926 422 2959 Certe
463 2937 589 2966 nozze,
631 2929 665 2960 et
708 2939 768 2961 era
810 2929 904 2961 stato
947 2929 1006 2970 gia
1050 2929 1093 2962 75
1136 2927 1219 2973 annj
1258 2927 1311 2962 ch’
1344 2939 1404 2961 era
1446 2928 1579 2962 morto“
1628 2927 1690 2970 (ex
1731 2928 1890 2970 autogr.;

136 2978 219 3012 Cod.
247 2978 388 3011 vindob.
417 2978 505 3011 7447
542 2979 568 3012 f.
594 2979 683 3022 432).
736 2979 925 3014 Caeterum
962 2981 1053 3022 vide,
1090 2992 1181 3024 quae
1217 2981 1258 3015 de
1293 2980 1398 3015 huius
1434 2982 1577 3024 generis
1603 2980 1745 3015 fabellis
1771 2980 1892 3014 monui

136 3042 245 3076 supra
275 3043 307 3075 p.
335 3031 430 3064 2854.

255 3084 267 3103 ⁵
293 3083 383 3117 Vide
410 3094 500 3125 quae
527 3082 592 3116 sub
618 3083 714 3127 ipsas
739 3083 805 3118 has
831 3084 972 3119 litteras
998 3086 1170 3120 dicentur.
