2044 3335
334 89 428 124 Mon.
455 89 563 123 924-
575 89 642 123 925
668 88 746 123 sive
773 99 854 132 aug.
876 88 913 131 (b
925 87 962 132 6)
975 107 1017 111 -
1035 87 1071 130 (b
1084 87 1132 131 7).
1175 85 1314 121 3.—13.
1332 84 1456 120 Martii
1484 84 1584 119 1569.
1771 85 1854 127 529

91 220 169 247 nos
192 219 403 259 ungere
426 205 617 260 capita
640 208 693 248 et
714 206 907 247 lauare
939 204 1184 255 faciem1,
1216 205 1264 245 ut
1285 203 1510 245 uideamur
1531 200 1650 243 laeti.
1696 202 1741 242 2?
1758 199 1858 242 hoc³

90 271 294 324 gaudium
327 272 487 325 potest,
531 274 575 313 et
608 270 735 313 debet
777 270 952 319 referri,
996 269 1051 311 ad
1083 268 1324 310 faciendam
1366 281 1517 322 pacem
1550 280 1645 308 cum
1684 265 1859 307 offensis

89 336 314 386 fratribus,
349 349 460 389 quae
483 336 612 377 debet
633 335 895 389 praecedere
918 334 1189 383 sacrificium,
1213 336 1366 387 postea
1389 332 1634 374 faciendum
1647 331 1677 382 2,
1711 331 1739 373 J
1742 330 1860 384 gitur

90 401 133 442 in
166 401 337 455 signum
370 400 733 442 reconciliationis
757 399 889 442 etiam
912 403 1084 442 veteres
1106 398 1351 440 habuerunt
1374 396 1618 439 conuiuium
1640 396 1721 437 hoc
1749 397 1860 437 tem-

90 480 208 520 pore.
253 468 294 508 3⁰
326 465 453 508 Multi
477 464 582 507 cibib
613 468 859 519 supersunt,
888 464 967 517 ‘qui
988 478 1073 505 non
1096 466 1279 517 possunt
1302 463 1429 504 facile
1453 461 1702 503 conseruari
1725 474 1860 514 vsque

91 531 146 573 ad
177 531 340 585 pascha
353 532 381 581 3,
415 531 485 572 vel
518 530 742 572 abundant
772 529 816 571 in
851 530 998 579 domo,
1042 530 1086 570 et
1119 529 1171 570 de
1212 527 1296 569 illis
1330 541 1414 568 non
1453 527 1591 568 solum
1626 525 1753 568 amici
1785 525 1861 567 sed

91 595 224 637 etiam
255 609 468 650 pauperes
491 596 600 637 bene
631 597 895 644 tractantur,
929 593 1041 635 sicut
1073 592 1268 634 dominus
1300 591 1536 646 praecepit,
1571 605 1682 632 cum
1717 590 1860 632 facis

92 661 407 702 conuiuium
453 674 590 701 voca
634 659 852 701 debiles
897 658 1126 700 claudos
1172 670 1371 699 caecos
1416 659 1518 706 eto,
1565 658 1609 698 et
1654 656 1861 697 Beatus

92 725 225 776 eris,
261 725 388 779 quia
421 739 523 766 non
555 725 763 766 habent
804 724 1124 766 retribuere
1165 722 1291 772 tibi,
1336 721 1690 763 retribuetur
1722 719 1861 762 enim

90 790 197 832 tibi
238 790 289 832 in
328 789 754 832 resurrectione
794 789 1109 831 iustorum4.

93 926 200 963 924
226 929 304 963 sive
331 937 454 972 aug.
476 926 623 972 (116).
699 925 730 961 3.
751 924 877 961 Martii
903 924 998 961 1569.

212 987 266 1021 Ex
293 987 467 1021 contionis
493 986 759 1025 commentario,
796 985 889 1029 quod
918 985 1060 1020 Canisio
1096 985 1254 1018 dictante
1290 983 1475 1028 scriptum,
1508 985 1632 1028 postea
1668 982 1712 1016 ab
1740 982 1862 1016 eodem

91 1041 315 1083 recognitum
343 1043 407 1074 est.
461 1039 544 1074 Can.
565 1040 607 1073 31
636 1040 659 1074 f.
683 1039 759 1074 100.

213 1101 391 1143 hnayines
415 1101 619 1143 fiyurasque
636 1100 765 1132 montis
791 1100 967 1132 olivarum
994 1103 1024 1131 et
1043 1098 1174 1131 cultum
1195 1097 1330 1131 Chris-te·
1357 1098 1393 1129 tn
1418 1108 1455 1130 eo
1473 1097 1610 1130 orantis
1636 1096 1862 1129 commendat.

214 1160 381 1192 Cunt‘sius
401 1161 437 1192 in
456 1160 625 1202 contione,
646 1169 752 1202 quam
772 1160 953 1201 Achustae
970 1158 1235 1190 Vindelicorum
1255 1158 1293 1189 iu
1312 1158 1452 1189 ecelesia
1473 1158 1509 1190 S.
1530 1156 1702 1189 Mauritii
1719 1167 1752 1188 α.
1771 1156 1864 1188 1569

91 1217 244 1256 tempore
277 1224 404 1246 sacrae
433 1213 734 1255 Quadrayesimae
762 1213 815 1253 (8.
843 1213 984 1254 Martii,
1022 1215 1060 1243 ut
1094 1211 1252 1250 videtur)
1280 1211 1321 1243 de
1354 1212 1517 1253 pas-,sione
1546 1209 1680 1243 Christi
1705 1208 1863 1250 habebut,

93 1267 276 1299 auditores
310 1267 466 1299 monuit:
504 1265 673 1308 Antiquic
708 1266 879 1298 curarunt
908 1264 1062 1308 pulsari,
1098 1264 1199 1296 Anxt
1234 1262 1387 1303 Christi,
1424 1262 1545 1305 magni
1582 1263 1759 1302 fecerunt,
1795 1261 1864 1294 den

93 1318 226 1362 olberg,
255 1321 423 1353 curantes
450 1318 549 1352 illum
577 1318 677 1363 pingi
713 1320 748 1351 et
774 1317 953 1359 fabricari,
990 1317 1058 1350 exd
1084 1316 1180 1360 ligno
1207 1316 1267 1350 vel
1300 1315 1428 1360 lapide,
1465 1318 1500 1349 et
1527 1315 1578 1349 sic
1614 1315 1863 1355 admonebant,

93 1384 131 1406 se
158 1375 194 1406 et
220 1372 309 1406 alios
336 1372 492 1406 maxime
518 1371 701 1416 simplices
727 1374 763 1405 et
789 1383 918 1416 pueros
945 1373 985 1404 ut
1010 1382 1095 1415 sepe
1121 1370 1405 1410 recordarentur,
1433 1381 1554 1403 eorum
1581 1380 1672 1413 quae
1699 1368 1865 1403 Christus

94 1426 169 1469 egit
195 1428 231 1459 et
258 1437 385 1471 passus
413 1428 478 1460 est.
530 1425 576 1459 Et
600 1436 726 1458 reuera
753 1425 882 1458 mirum
909 1428 974 1465 est,
1007 1423 1181 1468 quomodo
1213 1435 1327 1457 nouus
1353 1423 1507 1456 mundus
1542 1422 1635 1456 ferre
1663 1423 1804 1466 potest⁸
1830 1423 1865 1455 et

95 1478 200 1513 debet
226 1479 262 1512 in
289 1479 478 1523 scriptura,
506 1480 560 1512 tot
586 1477 762 1520 imagines
789 1480 825 1511 et
851 1477 1131 1517 similitudinesf‚
1166 1478 1202 1510 et
1226 1476 1330 1519 signa
1358 1478 1518 1516 externa,
1555 1478 1591 1509 et
1617 1478 1737 1509 tamen
1770 1475 1864 1508 ferre

93 1544 162 1566 non
189 1534 350 1577 possunt,
377 1533 411 1565 in
439 1531 606 1565 honorem
634 1531 778 1572 Christi,
806 1534 842 1565 et
867 1531 903 1564 in
929 1530 1173 1565 testimonium
1201 1530 1419 1574 Euangelice
1445 1529 1621 1570 veritatis,
1649 1531 1684 1562 et
1710 1528 1745 1562 in
1772 1539 1865 1562 com-

95 1586 240 1620 modum
275 1585 431 1620 fidelium
465 1588 530 1619 vtg
556 1584 722 1619 Christus
757 1585 988 1630 depingatur,
1025 1595 1130 1618 orans
1165 1584 1200 1617 in
1236 1584 1406 1618 monte&
1428 1610 1457 1617 ..
1509 1582 1626 1624 Quare
1658 1582 1866 1616 commendo

93 1640 196 1674 vobis
222 1642 380 1673 montem
406 1638 538 1680 olineti‚
565 1641 601 1672 et
627 1638 800 1672 exercitia
826 1649 918 1682 quae
946 1638 1111 1673 Christus
1137 1637 1210 1671 illic
1236 1637 1333 1672 fecit.

95 1760 200 1797 925
230 1762 308 1795 sive
336 1770 459 1805 aug.
481 1759 537 1806 (b
553 1760 628 1806 7).
703 1760 751 1796 13.
771 1759 897 1796 Martii
923 1759 1016 1795 1569.

216 1821 269 1855 Ex
296 1821 471 1855 contionis
506 1821 771 1862 commentario,
805 1821 849 1855 ab
885 1820 962 1865 ipso
989 1819 1132 1855 Canisio
1168 1819 1351 1864 recognito
1388 1821 1424 1853 et
1459 1818 1656 1853 emendato.
1709 1817 1794 1852 Can.
1822 1817 1863 1852 31

95 1874 120 1909 f.
142 1874 369 1909 1052—108‘2».

215 1935 321 1968 Nunc
347 1945 481 1978 quoque
506 1934 662 1967 homines
687 1945 709 1966 a
735 1934 901 1967 daemone
927 1934 1081 1967 obsideri
1111 1944 1300 1976 eorumque.
1334 1943 1487 1975 corpora
1508 1932 1657 1975 pessime
1690 1931 1868 1974 tractari,-

97 1998 162 2021 cur
187 1988 284 2021 Deus
308 1988 346 2020 id
369 1989 551 2030 permittat
560 2000 574 2029 ‚·
597 1992 777 2030 peecatum
800 1999 907 2032 yrare
932 1988 1032 2029 Zonye
1055 1988 1157 2030 peius
1183 1997 1252 2019 esse
1278 1986 1480 2019 obsessione.

219 2049 420 2090 Caluisius
462 2048 688 2089 Dominica
729 2048 815 2090 III.
853 2048 1214 2103 Quadrayestmae
1255 2048 1338 2088 sive
1381 2048 1449 2088 13.
1484 2046 1638 2087 Martia·
1680 2060 1717 2087 a.
1752 2047 1867 2087 1569

97 2128 189 2155 cum
222 2115 439 2167 Auyustae
471 2115 517 2154 iu
549 2115 695 2168 tempto
728 2115 771 2156 S.
806 2114 1010 2155 Mauritii
1050 2127 1220 2154 sacrum
1262 2117 1496 2167 suyqestum
1539 2111 1795 2153 ascendisset
1835 2115 1869 2151 et

97 2180 357 2234 evouyetium
391 2179 488 2231 diei,
523 2179 635 2234 quod
667 2185 758 2220 erat
792 2180 899 2220 illud
921 2179 982 2220 Lo
1005 2180 1073 2231 11,
1108 2180 1305 2220 14—28:
1342 2177 1423 2230 „Et
1455 2181 1547 2218 erat
1580 2177 1745 2231 ejiciens
1770 2176 1867 2217 dae-

98 2243 327 2297 mouimffl,
363 2244 630 2286 auditoribus
658 2246 958 2299 proposuisset,
990 2245 1285 2299 pronuntiavit
1316 2257 1358 2284 se
1385 2243 1597 2284 dicturum
1631 2242 1682 2282 de
1715 2246 1869 2282 satana

98 2311 269 2364 eiusque
297 2314 519 2364 potestate,
564 2310 615 2350 cte
655 2310 830 2351 obsessis
873 2314 908 2351 et
948 2311 1048 2351 otiis
1083 2324 1107 2351 a
1142 2310 1345 2350 daemone
1386 2309 1567 2361 vexatis,
1613 2307 1664 2348 (Ze
1704 2307 1869 2348 ratione

99 2377 295 2417 daemona·
328 2376 553 2416 resistendi
587 2389 757 2430 eumque
791 2375 1036 2430 expellendi.
1081 2373 1150 2415 Ad
1182 2374 1293 2415 hanc
1316 2372 1544 2415 materiam
1577 2371 1866 2423 tractandam,

98 2453 167 2482 me
198 2439 376 2489 inducit,
411 2440 524 2492 quod
556 2438 727 2480 uideam
754 2443 798 2482 et
821 2438 1008 2490 audiam,
1041 2439 1202 2482 multos
1235 2438 1287 2480 de
1318 2438 1400 2479 hac
1422 2437 1607 2479 materia
1630 2436 1867 2490 disputare,

98 2519 178 2546 nec
200 2504 376 2558 parumh
399 2504 632 2557 ambigere,
656 2518 736 2546 nec
759 2504 910 2546 deesse
932 2504 1158 2557 phariseos
1180 2517 1328 2554 nouos
1354 2502 1425 2556 qui
1448 2505 1493 2544 et
1509 2501 1634 2543 hodie
1652 2501 1869 2544 Christum

224 2585 252 2614 a)
273 2586 320 2609 Ita
340 2585 406 2609 libr.
427 2585 489 2616 ipse
509 2584 637 2609 correaeit
657 2591 693 2609 ea:
713 2582 760 2610 ob.
821 2582 852 2614 b)
874 2584 918 2608 Itu
940 2584 1005 2608 libr.
1027 2584 1155 2608 correxit
1174 2590 1211 2608 ex
1230 2581 1336 2608 Multa.
1399 2583 1424 2614 c)
1448 2583 1590 2613 Quattuor
1611 2590 1652 2607 vv.
1672 2590 1730 2614 sqq.
1751 2582 1787 2607 ab
1806 2582 1870 2614 ipso

101 2627 129 2651 C.
144 2627 249 2651 addita
268 2630 344 2651 suna
401 2626 432 2657 d)
455 2627 501 2651 Ita
522 2627 565 2651 vel
585 2626 650 2650 libr.
666 2626 710 2650 vel
731 2626 791 2657 ipse
813 2626 841 2650 C.
856 2626 985 2650 corre-tit
1005 2633 1041 2650 ex
1060 2625 1100 2650 in.
1151 2625 1178 2655 e)
1199 2626 1264 2649 Duo
1283 2632 1326 2650 vv.
1341 2632 1399 2656 sqq.
1414 2632 1508 2655 supra
1527 2631 1642 2648 versum
1662 2624 1774 2655 scripta
1793 2626 1869 2649 sunt.

99 2667 128 2699 f)
150 2669 318 2699 Sequuntur
340 2676 380 2692 vv.
400 2667 449 2692 tot
468 2667 615 2700 picturas,
635 2667 724 2692 oblitt.
809 2668 839 2698 g)
862 2668 921 2692 Hoc
942 2675 964 2691 o.
984 2674 1078 2698 supra
1098 2674 1214 2691 versum
1233 2666 1376 2697 scriptum
1396 2668 1446 2690 est.
1538 2664 1569 2696 h)
1590 2666 1637 2690 Ita
1658 2665 1686 2689 C.
1706 2672 1761 2689 sua
1780 2673 1870 2690 manu

99 2710 227 2735 correaeit
247 2718 283 2734 ez·
303 2710 343 2734 et.

225 2817 232 2836 ¹
259 2816 314 2849 Mt
340 2817 372 2857 6,
401 2817 455 2850 17.
602 2816 615 2836 ²
643 2815 696 2850 Cf.
724 2815 779 2849 Mt
805 2815 836 2857 5,
865 2816 909 2849 23
936 2815 991 2849 24.

224 2869 235 2888 ³
261 2869 350 2903 Toto
385 2880 509 2903 sacrae
536 2868 840 2912 Quadragesimae
875 2871 1045 2913 tempore,
1081 2879 1124 2901 ne
1151 2866 1345 2901 Dominicis
1372 2865 1514 2910 quidem
1541 2866 1666 2900 diebus
1698 2865 1871 2911 exceptis,

99 2921 224 2956 fideles
259 2921 427 2956 carnibus
462 2923 561 2957 vesci
587 2922 823 2962 vetabantur3
859 2924 968 2965 atque
1003 2921 1110 2955 etiam
1144 2932 1224 2962 ova,
1259 2931 1398 2961 caseus,
1433 2919 1615 2965 butyrum,
1650 2919 1708 2954 lac
1742 2931 1806 2964 per
1831 2931 1870 2954 se

101 2975 244 3019 quidem
271 2975 571 3020 prohibebantur;
598 2987 815 3020 quamquam
843 2975 931 3009 haec
957 2974 1098 3008 facilius
1124 2974 1444 3019 permittebantur3
1472 2985 1506 3008 v.
1538 2974 1624 3008 Can.
1651 2973 1704 3007 111
1731 2973 1870 3008 75—76

101 3028 170 3063 373
197 3028 285 3069 645;
312 3028 362 3062 IV
390 3029 491 3070 1016,
519 3032 555 3063 et
580 3040 689 3074 supra
715 3041 747 3074 p.
767 3029 862 3063 276¹.
1008 3029 1021 3049 4
1047 3027 1096 3062 Lc
1124 3028 1177 3069 14,
1206 3028 1247 3062 13
1278 3027 1331 3062 14.

221 3082 235 3101 ⁵
262 3081 315 3116 Cf.
343 3082 396 3116 Mt
423 3082 478 3122 26,
506 3083 663 3123 36—44;
691 3083 750 3116 Mc
779 3083 833 3123 14,
860 3081 1019 3122 35-42;
1049 3081 1097 3115 Lc
1124 3081 1179 3123 22,
1205 3081 1365 3122 39—46;
1394 3081 1431 3115 Io
1460 3080 1513 3123 18,
1543 3081 1572 3116 1.

173 3144 487 3178 Braunsberger,
508 3145 619 3172 Canisii
640 3146 794 3180 Epistulae
815 3146 847 3171 et
867 3147 952 3173 Acta.
978 3145 1028 3172 VI.
1542 3140 1587 3174 34
