2044 3335
142 75 227 115 204
628 71 728 106 1586.
757 71 796 105 P.
824 69 1068 105 Theodoricus
1095 69 1262 105 Canisius
1289 69 1443 105 Canisio.

142 203 294 231 verum
328 188 620 230 seminarium.
685 187 853 240 Nouitij
885 186 1161 229 Monachium
1195 186 1368 240 quidem
1400 186 1655 229 mittuntur:
1695 187 1771 229 sed
1803 187 1917 229 vnde

142 255 282 296 iustus
315 267 463 296 eorum
506 266 711 294 numerus
750 254 1034 302 sustentetur,
1078 251 1230 293 modus
1262 252 1443 293 necdum
1478 255 1678 305 repertus
1711 255 1779 294 est
1811 252 1920 294 satis

143 319 391 361 commodus
407 319 432 360 1.
477 317 657 367 Deinde,
691 320 742 359 vt
773 317 963 359 maxime
995 316 1185 358 nouitios
1217 317 1493 359 sustentandi
1526 316 1701 360 adesset
1733 316 1917 369 occasio,

143 398 228 425 non
271 383 474 426 continuo
516 382 853 424 necessitatibus
893 381 1056 424 nostris
1098 382 1340 423 consultum
1381 383 1520 423 esset:
1562 381 1677 423 Nam
1710 396 1795 424 non
1827 384 1919 424 tam

144 447 334 501 Nouitijs
377 461 505 500 quam
550 447 673 489 bonis
715 461 894 500 egemus
936 446 1161 501 operarijs.
1225 446 1283 488 Hi
1324 449 1471 489 autem
1512 460 1652 500 neque
1686 446 1918 500 Monachij,

142 527 282 566 neque
316 512 550 566 Oeniponti
581 526 723 565 neque
745 511 1011 565 Jngolstadij
1045 510 1191 565 parari
1223 514 1407 565 possunt
1438 514 1618 565 propter
1648 511 1922 554 incommoda

146 578 296 627 multa,
331 591 443 630 quae
475 579 721 619 nostrorum
756 577 799 618 in
833 576 988 630 studijs
1011 577 1147 618 bonos
1169 590 1428 630 progressus
1450 575 1607 618 ibidem
1629 579 1920 627 remorantur,

144 646 193 684 vt
225 641 347 684 nouit
369 642 636 684 Reuerentia
659 642 707 684 T.
731 641 935 694 Dilingae
968 641 1234 683 commodior
1264 641 1378 683 forte
1406 641 1528 682 locus
1562 643 1678 683 esset
1711 642 1765 683 ad
1796 642 1922 684 insti-

145 707 356 750 tuendum
379 707 589 749 eiusmodi
613 707 911 761 operariorum
934 706 1228 757 seminarium,
1252 708 1432 760 propter
1445 706 1624 760 Collegij
1644 707 1743 748 noui
1766 706 1921 760 ampli-

146 772 339 815 tudinem
355 774 383 823 2,
419 776 463 815 et
495 775 586 815 tam
619 772 917 826 professorum
952 785 1081 825 quam
1114 771 1348 814 lectionum
1377 771 1624 814 ordinatam
1645 771 1920 814 varietatem.

146 838 310 880 Verum
343 838 592 891 angustiam
625 837 688 879 rei
721 836 951 879 familiaris
973 836 1089 879 nosti
1111 839 1252 890 pater,
1288 850 1399 890 quae
1420 838 1471 878 vt
1492 851 1720 887 summum,
1745 838 1799 878 28
1823 850 1922 891 per-

150 916 282 945 sonas
305 903 456 945 fouere
479 905 640 957 potest,
675 916 731 944 ex
753 902 908 956 quibus
930 901 1154 956 plaerique
1177 903 1279 943 sunt
1301 901 1524 952 officiales,
1553 904 1602 943 vt
1624 915 1756 956 supra
1778 902 1925 943 decem

149 968 435 1010 scholasticos
479 968 597 1009 alere
642 967 735 1009 sine
778 967 1050 1009 incommodo
1095 981 1179 1008 non
1223 966 1451 1020 possimus.
1516 967 1663 1010 Habet
1703 967 1812 1009 haec
1852 980 1925 1009 res

151 1033 197 1076 Ρ.
233 1032 682 1087 Viceprouincialem3
722 1036 766 1075 et
805 1047 885 1074 nos
930 1046 1078 1073 omnes
1120 1031 1325 1074 solicitos.
1388 1031 1503 1073 Nan]
1544 1031 1627 1074 nisi
1664 1031 1926 1086 tempestiue

149 1098 453 1152 prospiciatur,
483 1098 605 1140 breui
628 1097 821 1151 Collegia
844 1097 988 1139 omnia
1009 1097 1053 1139 in
1075 1111 1260 1150 magnas
1280 1097 1535 1150 redigentur
1556 1096 1795 1151 angustias,
1829 1110 1926 1138 cum

148 1163 356 1206 Jtalicum
390 1166 434 1205 et
466 1163 648 1205 aliarum
682 1162 1003 1217 prouinciarum
1037 1162 1246 1204 auxilium
1288 1176 1373 1204 non
1414 1176 1680 1216 magnopere
1723 1161 1926 1216 deinceps

149 1229 411 1283 sperandum
438 1229 654 1271 videatur.
710 1227 926 1270 Videntur
948 1228 1104 1269 Patres
1135 1227 1180 1269 in
1212 1227 1324 1269 hanc
1355 1227 1528 1269 venisse
1562 1227 1840 1277 sententiam,
1875 1229 1925 1269 vt

149 1294 230 1336 hoc
252 1295 346 1336 loco
370 1294 585 1336 collocent
608 1293 663 1335 ad
683 1295 754 1343 40,
778 1293 939 1347 partim
963 1293 1183 1347 operarios
1206 1292 1364 1346 partim
1388 1292 1695 1335 scholasticos.
1711 1294 1754 1335 et
1776 1295 1826 1334 vt
1847 1305 1926 1346 pro

150 1362 277 1402 tanto
316 1359 502 1401 fratrum
541 1372 720 1400 numero
760 1372 920 1400 nouum
953 1358 1195 1400 aedificium
1228 1358 1282 1400 ad
1315 1358 1367 1400 D.
1400 1357 1656 1399 Michaelis4
1697 1358 1924 1408 instruam,

150 1424 341 1467 monitus
367 1439 459 1466 sum
484 1437 511 1465 a
532 1426 659 1478 patre
684 1422 1103 1478 [Vic]eprouinciali.
1148 1423 1243 1477 Ego
1266 1437 1320 1464 ne
1344 1419 1602 1477 prouinciae⁴
1615 1422 1765 1473 desim,
1799 1435 1927 1476 prae-

150 1504 257 1544 paro
291 1489 456 1539 omnia;
490 1489 567 1531 sed
600 1489 695 1542 quis
717 1489 988 1531 necessarios
1010 1488 1053 1530 in
1076 1490 1249 1531 tantum
1272 1488 1458 1531 fratrum
1481 1502 1706 1529 numerum
1730 1490 1929 1542 sumptus

150 1555 208 1598 sit
251 1555 464 1605 facturus,
508 1554 691 1596 necdum
735 1553 875 1604 Video,
921 1556 1099 1607 praeter
1140 1567 1271 1595 vnum
1314 1552 1530 1595 Christum
1563 1552 1808 1603 Dominum,
1856 1551 1929 1604 qui

151 1634 380 1673 regnum
413 1633 537 1661 suum
571 1619 1002 1672 quaerentibus,
1044 1618 1277 1672 adijcere
1311 1618 1442 1660 etiam
1475 1618 1636 1660 haec5
1669 1618 1794 1660 solet.
1857 1616 1926 1658 Ne

150 1689 300 1728 tamen
322 1685 512 1727 humana
535 1684 668 1726 etiam
690 1684 833 1726 media
855 1688 1021 1727 temere
1043 1686 1395 1738 praetereamus:
1430 1683 1688 1725 occurrebat
1715 1682 1924 1736 inprimis,

152 1750 579 1793 Reuerendissimum
612 1750 885 1792 Cardinalem
928 1754 1031 1792 ante
1073 1749 1311 1791 discessum
1352 1762 1438 1790 non
1476 1749 1609 1790 semel
1643 1747 1925 1801 significasse,

152 1816 265 1870 quod
298 1816 437 1870 primo
470 1829 641 1868 quoque
674 1817 870 1869 tempore
903 1814 1001 1856 huic
1025 1813 1216 1867 Collegio
1250 1815 1365 1855 3000
1398 1814 1662 1855 florenorum
1699 1812 1927 1865 assignare

154 1881 443 1923 decreuisset:
487 1880 641 1922 deinde
684 1893 780 1921 cum
823 1893 875 1921 ea
916 1879 1032 1921 forte
1073 1893 1144 1920 res
1186 1878 1403 1920 difficilior
1444 1878 1483 1919 ei
1514 1878 1754 1928 videretur,
1797 1877 1925 1931 paulo

155 1948 258 1989 ante
299 1945 538 1987 discessum
578 1945 779 1999 promisit
820 1958 867 1986 se
908 1945 1163 1986 effecturum
1206 1946 1255 1986 vt
1287 1943 1353 1984 sui
1385 1942 1594 1984 officiales
1626 1956 1714 1984 vna
1745 1941 1928 1995 angaria

155 2010 413 2054 solutionem
447 2010 657 2064 pecuniae
688 2009 812 2051 nobis
845 2009 1018 2052 debitae
1050 2008 1359 2063 praeuenirent
1372 2008 1401 2058 θ,
1437 2008 1549 2060 quod
1581 2011 1730 2051 tamen
1761 2007 1927 2049 factum

155 2091 242 2119 non
274 2079 354 2120 est.
417 2075 525 2124 Quid
559 2075 596 2117 si
627 2075 893 2117 Reuerentia
926 2074 974 2119 T.
1008 2073 1306 2128 oportunitate
1339 2073 1488 2115 oblata
1521 2086 1696 2115 causam
1732 2074 1925 2114 nostram

157 2156 213 2184 ex
258 2141 325 2182 his
371 2140 594 2195 principijs
641 2140 881 2182 efficaciter
929 2139 1162 2192 aliquando
1206 2141 1513 2193 promoueret‘?
1559 2141 1602 2179 et
1644 2137 1750 2179 illud
1795 2136 1926 2179 etiam

157 2207 364 2258 efficeret,
408 2209 457 2248 vt
496 2219 575 2260 pro
610 2205 889 2247 instruendoa
921 2204 1180 2258 necessarijs
1213 2203 1556 2257 supellectilibus
1588 2217 1700 2245 nouo
1733 2201 1927 2245 aedificio

157 2272 427 2326 pecuniolam
461 2271 650 2323 aliquam
684 2270 876 2312 liberalis
898 2270 1130 2312 Maecenas
1161 2268 1285 2311 nobis
1318 2269 1531 2310 donaret?
1574 2268 1689 2310 Nam
1722 2268 1776 2309 ab
1803 2279 1928 2308 oeco-

156 2351 305 2388 nomo,
348 2335 568 2378 soluendis
609 2335 707 2389 alijs
749 2334 906 2377 debitis
946 2335 1043 2389 plus
1086 2334 1195 2376 satis
1226 2336 1428 2387 grauato,
1472 2332 1772 2375 difficillimum
1804 2330 1928 2372 nobis

157 2406 224 2446 est
248 2402 381 2445 etiam
403 2401 533 2443 valde
555 2400 818 2451 necessaria,
842 2400 1000 2442 nedum
1022 2399 1213 2452 Collegio
1237 2398 1463 2441 commoda
1485 2398 1629 2440 omnia
1651 2398 1926 2449 extorquere.

157 2469 252 2520 Ego
284 2481 338 2509 ne
370 2466 553 2519 singulis
575 2466 727 2507 diebus
750 2466 1014 2507 oeconomo7
1036 2465 1245 2507 molestus
1269 2477 1365 2506 esse
1388 2477 1534 2517 cogar,
1558 2462 1630 2516 qui
1652 2462 1770 2512 nihil,
1795 2460 1926 2503 etiam

280 2552 307 2575 a)
329 2546 511 2572 instruenda
531 2550 644 2578 (ιιιίοῃν.

280 2643 290 2662 ¹
317 2642 409 2684 Quid
435 2643 475 2676 P.
504 2642 747 2686 Hieronymus
773 2640 916 2675 Natalis
941 2640 1111 2675 visitator
1138 2651 1178 2674 ea
1205 2640 1248 2674 de
1273 2651 1312 2674 re
1339 2651 1371 2674 a.
1391 2638 1482 2673 1566
1509 2636 1748 2679 constituerit,
1775 2649 1810 2670 v.
1841 2637 1928 2670 Can.

158 2695 191 2728 V
218 2696 406 2730 842—843
432 2696 513 2730 846.

278 2748 291 2768 ²
317 2748 393 2782 Hoc
419 2748 631 2789 aedificium,
659 2747 752 2791 quod
780 2746 973 2781 cardinalis
999 2758 1031 2781 a.
1054 2747 1144 2781 1565
1172 2748 1360 2780 exstruere
1387 2746 1563 2789 coeperat,
1594 2743 1673 2788 ipso
1699 2755 1730 2777 a.
1752 2741 1842 2777 1568
1869 2741 1927 2775 ab·

158 2800 315 2834 solutum
342 2805 397 2834 est
425 2801 579 2845 (Specht,
607 2801 714 2834 Univ.
734 2800 819 2834 Dill.
846 2800 921 2844 61).

280 2855 292 2873 ³
317 2854 471 2888 Paulum
499 2854 698 2888 Hoffaeum.

279 2909 291 2926 ⁴
318 2906 383 2940 Die
411 2907 468 2941 29.
496 2907 717 2951 Septembris
749 2906 954 2949 ⁷,Dedicatio
981 2906 1015 2941 S.
1042 2905 1233 2940 Michaelis
1259 2903 1498 2948 Archangeli“
1529 2902 1661 2946 agitur.

281 2960 293 2978 ⁵
318 2960 373 2993 Mt
398 2961 430 2997 6,
458 2960 513 2994 33.
565 2960 613 2993 Lc
643 2960 696 3001 12,
725 2960 780 2994 31.

280 3014 293 3033 ὓ
319 3012 478 3056 Singulis
505 3013 664 3055 angariis
694 3012 880 3056 (angariae
901 3027 944 3042 z
964 3014 1136 3056 quattuor
1161 3014 1334 3056 tempora,
1362 3021 1453 3054 quae
1472 3007 1661 3052 vocamus)
1690 3009 1819 3052 quarta
1844 3016 1929 3050 pars

160 3066 333 3111 pecuniae
360 3077 499 3100 annuae
526 3065 746 3100 solvebatur.
899 3067 911 3086 Τ
938 3066 992 3100 Cf.
1024 3066 1111 3100 Can.
1139 3065 1171 3098 V
1201 3066 1253 3099 15.
