2044 3335
165 89 248 112 xxn
725 76 768 112 II.
797 76 1021 110 Prooemium
1047 74 1241 110 voluminis
1266 73 1372 109 sexti.

166 194 312 229 auribus
339 193 498 228 canebat.
555 192 671 236 „Nihil
698 192 850 227 calidius
875 192 1060 232 meditor“,
1095 191 1267 225 Hoffaeus
1301 191 1446 236 scripsit
1480 191 1711 236 provincialis
1748 191 1870 235 (417);
1897 194 1934 226 et

165 247 317 290 Borgias
343 246 570 291 praepositus
597 245 776 289 generalis
803 246 872 280 iam
899 245 1004 290 paulo
1039 247 1122 278 ante
1149 244 1270 278 Socios
1295 247 1492 286 monuerat,
1519 247 1643 289 optare
1669 256 1718 285 se,
1745 246 1785 278 ut
1812 256 1933 278 eorum

166 300 277 343 aliqui
304 300 349 333 ad
376 299 602 333 scribendum
628 310 667 332 se
695 298 936 342 accingerent,
970 299 1021 332 ita
1046 301 1177 339 tamen,
1214 299 1255 331 ut
1279 308 1349 331 non
1376 297 1550 332 adversus
1575 308 1747 342 personas
1774 297 1933 342 disputa-

166 355 265 393 rent,
300 352 363 386 sed
399 352 503 395 gravi
546 351 665 395 aliquo
698 354 968 396 opportunoque
1003 353 1216 393 argumento
1251 350 1389 384 delecto
1424 362 1562 384 errores
1596 351 1673 385 sine
1709 346 1936 385 contumeliis

166 405 395 440 confutarent
423 405 506 447 (222
534 405 635 446 417).

285 458 545 492 Doctrinae
580 457 886 492 christianae
921 457 1115 491 tradendae
1142 456 1302 490 studium
1328 456 1453 490 iisdem
1481 457 1583 491 annis
1609 457 1787 491 revixisse
1822 469 1867 491 ex
1893 469 1934 492 eo

167 511 374 554 collegeris,
413 510 505 555 quod
541 522 571 545 a.
602 511 833 545 1568—1571
870 511 906 544 in
943 510 1135 544 Germania
1172 509 1309 552 (addito
1343 509 1485 552 Belgio)
1524 510 1656 544 Canisii
1693 509 1935 545 catechismus

165 565 350 598 minimum
377 564 566 598 duodecies
593 575 749 598 excusus
783 565 838 598 est
875 563 1023 606 (668s72
1059 564 1167 604 677s9
1204 563 1272 597 694
1305 563 1373 597 696
1406 563 1474 598 703
1511 563 1579 597 706
1616 563 1722 606 708);
1758 563 1936 598 catechis-

166 629 261 651 mum
293 617 348 659 „in
374 617 564 662 rhythmos
590 617 810 657 redactum“,
837 619 877 651 ut
903 628 924 650 a
949 616 1069 661 pueris
1096 618 1295 657 caneretur,
1323 616 1416 650 Socii
1442 616 1664 650 colonienses
1690 617 1805 650 eidem
1830 617 1935 650 mise-

166 674 250 704 runt
277 670 391 713 (331).
442 670 576 715 Synodi
605 670 731 704 deinde
757 669 1039 713 salisburgensis
1075 671 1110 703 et
1136 669 1414 704 constantiensis
1449 672 1485 703 et
1511 669 1797 704 Commendonus
1823 670 1935 704 cardi-

166 723 260 758 nalis
294 723 466 758 ecclesias
492 723 663 757 Austriae
697 723 852 757 visitans
887 722 1145 757 catechismum
1181 722 1404 757 canisianum
1438 723 1498 757 vel
1531 723 1843 768 praescripserunt
1876 723 1936 757 vel

167 777 509 811 commendaverunt
548 776 633 819 (662
669 777 776 820 682);
816 779 852 810 et
886 777 920 810 id
959 777 1054 820 quod
1091 776 1241 810 maximi
1278 777 1449 810 momenti
1488 778 1583 817 erat,
1623 776 1794 810 Albertus
1819 776 1862 811 V.
1898 777 1935 810 in

168 829 397 864 Institutione
424 829 642 864 scholastica
678 841 708 865 a.
740 830 829 864 1569
857 830 953 863 edita
979 829 1173 874 praecepit,
1208 831 1249 863 ut
1274 829 1309 862 in
1337 829 1500 863 omnibus
1526 829 1703 863 Bavariae
1729 829 1872 870 scholis,
1899 832 1934 863 et

167 883 289 917 latinis
324 885 360 916 et
385 883 613 925 germanicis,
648 883 890 917 catechismus
917 882 1061 921 Canisii,
1099 882 1201 925 isque
1235 882 1344 923 solus,
1380 882 1523 916 reiectis
1561 882 1718 926 reliquis,
1755 882 1934 916 iuventuti

169 936 412 980 explicaretur
441 935 555 979 (683).
599 936 681 980 Ipse
707 939 827 970 autem
848 935 1013 970 Canisius
1031 935 1197 977 Dilingae
1223 938 1376 980 tempus,
1403 935 1497 980 quod
1525 947 1570 969 ex
1596 935 1783 970 scribendo
1810 937 1936 969 contra

168 989 356 1023 Centurias
393 990 424 1023 ei
462 990 660 1033 supererat,
696 989 732 1022 in
759 988 936 1023 elementa
971 988 1053 1022 fidei
1089 988 1210 1032 pueris
1244 988 1464 1032 rudibusque
1504 989 1679 1023 tradenda
1706 988 1937 1033 impendebat

171 1042 346 1086 (539s40).
397 1042 553 1076 Exterae
590 1053 733 1086 quoque
770 1042 933 1076 nationes
976 1053 1040 1086 per
1078 1041 1261 1075 canisium
1300 1041 1418 1076 doceri
1455 1041 1644 1082 volebant;
1684 1041 1735 1076 ita
1775 1041 1936 1085 synodus

167 1095 428 1129 cameracensis
453 1096 649 1137 constituit,
675 1097 716 1128 ut
755 1094 901 1140 parochi
928 1094 1060 1138 singuli
1087 1094 1346 1128 catechismum
1373 1095 1448 1129 eius
1474 1106 1595 1129 secum
1631 1096 1795 1129 tenerent
1823 1094 1936 1138 (662);

169 1148 202 1182 S.
229 1148 377 1183 Carolus
404 1149 639 1183 Borromaeus
675 1160 806 1193 pueros
843 1148 1173 1193 archiepiscopatus
1207 1147 1484 1182 mediolanensis
1519 1148 1669 1182 eundem
1707 1147 1836 1181 librum
1863 1158 1936 1181 me-

167 1201 300 1235 moriae
325 1202 495 1236 mandare
522 1202 628 1236 iussit
654 1201 775 1245 (665);
803 1201 839 1235 in
866 1201 1059 1236 Societatis
1097 1201 1247 1244 collegio
1283 1213 1428 1235 romano
1455 1201 1621 1244 magistri
1657 1213 1736 1235 eum
1762 1201 1935 1245 interpre—

166 1255 336 1289 tabantur
365 1256 486 1299 (666);
522 1255 712 1298 Rotomagi
738 1256 774 1289 in
802 1254 919 1289 Gallia
945 1266 976 1289 a.
1006 1255 1097 1289 1570
1122 1254 1253 1299 populo
1288 1266 1352 1299 per
1378 1254 1697 1297 Quadi-agesimam
1732 1254 1935 1299 explicatus

168 1311 232 1349 est,
259 1310 295 1342 et
320 1308 413 1343 3000
440 1308 685 1353 exemplorum
711 1309 788 1342 eius
807 1307 1018 1350 gallicorum
1046 1308 1193 1342 vendita
1211 1310 1296 1342 sunt
1318 1308 1438 1351 (698);
1467 1308 1506 1342 P.
1530 1308 1680 1342 Iacobus
1695 1307 1830 1352 Wujek
1848 1307 1881 1341 S.
1901 1307 1934 1341 J.

168 1361 328 1406 polonice
357 1362 479 1405 (695),
514 1362 554 1396 Ρ.
582 1362 758 1396 Antonius
785 1361 1004 1395 Possevinus
1030 1361 1065 1396 S.
1093 1361 1124 1395 J.
1152 1360 1272 1395 italice
1299 1373 1378 1395 eum
1413 1362 1600 1395 verterunt
1630 1360 1751 1404 (704);
1780 1371 1936 1394 excusus

168 1416 224 1448 est
249 1416 305 1448 ter
330 1413 502 1456 venetiis,
538 1415 594 1449 bis
622 1414 827 1456 Cracoviae,
854 1414 966 1448 semel
993 1414 1278 1457 Braunsbergae.
1305 1413 1481 1457 Lugduni,
1508 1413 1676 1455 Parisiis;
1703 1413 1808 1448 Arias
1834 1413 1934 1447 Mon-

167 1471 274 1501 tanus
300 1468 356 1501 vir
381 1468 486 1501 valde
522 1468 683 1502 eruditus
718 1480 799 1502 eum
826 1468 1026 1512 Antverpia
1061 1467 1096 1501 in
1123 1467 1335 1512 Hispaniam
1371 1468 1414 1501 ad
1441 1467 1599 1512 Philippi
1625 1467 1669 1501 ΙΙ.
1696 1467 1793 1510 regis
1819 1478 1933 1500 secre-

168 1520 300 1554 tarium
326 1520 425 1554 misit
453 1521 574 1564 (672);
611 1524 647 1555 et
677 1523 809 1565 quanto
839 1521 953 1566 pretio
989 1520 1131 1564 singula
1166 1521 1331 1565 exempla
1358 1520 1523 1555 editionis
1549 1519 1789 1554 Salmanticae
1815 1520 1934 1554 factae

168 1574 355 1608 vendenda
382 1577 512 1615 essent,
539 1575 655 1619 ipsum
682 1574 868 1609 consilium
896 1574 1035 1618 regium
1062 1574 1225 1608 definivit
1252 1573 1365 1617 (694).

287 1627 328 1660 ln
354 1638 456 1661 sacro
482 1628 755 1662 contionum
782 1628 980 1662 ministerio
1005 1629 1147 1661 tantum
1173 1627 1437 1671 praestabatur,
1464 1628 1638 1670 quantum
1664 1638 1728 1671 per
1754 1626 1933 1660 contiona-

170 1681 499 1723 torum-exiguum
534 1693 720 1715 numerum
757 1681 900 1715 licebat.
951 1680 1054 1721 Quod
1088 1681 1132 1714 ad
1169 1680 1359 1715 Societatis
1393 1681 1555 1715 homines
1590 1680 1730 1721 attinet,
1769 1679 1794 1713 ii
1829 1678 1933 1713 Oeni-

170 1737 277 1778 ponte
311 1734 347 1768 in
382 1735 517 1779 templo
552 1734 747 1779 parochiali
782 1735 827 1769 ad
862 1735 1032 1780 populum
1071 1734 1132 1777 (16
1159 1735 1256 1777 277),
1283 1735 1318 1768 in
1345 1734 1498 1768 ecclesia
1533 1734 1565 1769 S.
1595 1734 1719 1768 Crucis
1749 1734 1792 1768 ad
1820 1733 1934 1767 archi-

171 1787 297 1821 ducem
333 1788 481 1832 eiusque
516 1788 652 1822 aulicos
687 1789 854 1823 dicebant
892 1789 974 1833 (247
1002 1788 1072 1822 458
1107 1788 1214 1828 621);
1243 1788 1475 1822 Vindobonae.
1510 1788 1545 1821 in
1572 1788 1700 1831 quinos
1738 1788 1934 1830 suggestus

169 1851 291 1875 sacros
316 1841 558 1876 ascendebant
591 1841 697 1886 (53¹).
736 1841 901 1885 Dilingae
920 1841 1112 1876 iuvenibus
1137 1841 1339 1875 litterarum
1366 1841 1537 1875 studiosis
1563 1840 1786 1875 contionibus
1811 1839 1934 1874 latinis

169 1893 426 1938 professionem
452 1895 534 1928 fidei
568 1895 802 1929 tridentinam
829 1895 1060 1940 explicabant
1087 1894 1217 1939 (144¹).
1260 1896 1426 1938 Augusta
1452 1894 1609 1938 Fuggeri
1636 1894 1789 1936 Borgiae
1824 1893 1934 1938 scrip-

171 1949 313 1982 serunt:
340 1947 539 1982 Ecclesiam
569 1948 603 1982 S.
631 1949 791 1982 Mauritii
818 1960 931 1993 paene
959 1949 1137 1982 desertam
1164 1949 1296 1989 fuisse:
1333 1948 1392 1982 ubi
1418 1949 1539 1981 tamen
1565 1947 1605 1982 P.
1632 1947 1804 1981 Hoffaeus
1829 1946 1866 1980 in
1893 1959 1936 1981 ea

171 2000 310 2034 initium
338 2001 476 2034 dicendi
503 2001 661 2043 fecisset,
688 2013 766 2036 eam
794 2014 814 2036 a
840 2002 970 2047 populo
989 2001 1211 2046 frequentari
1230 2001 1391 2046 coepisse
1420 2001 1542 2044 (227);
1572 2000 1755 2035 Canisium
1783 2011 1936 2044 quoque,

170 2054 301 2088 ibidem
338 2065 368 2088 a.
397 2055 487 2088 1569
523 2066 586 2099 per
620 2066 758 2089 sacram
787 2055 1108 2099 Quadragesimam
1136 2055 1412 2094 contionantem,
1447 2054 1550 2088 multi
1581 2065 1731 2097 „magna
1758 2065 1837 2088 cum
1863 2053 1934 2087 lae-

170 2107 252 2140 titia
278 2109 314 2140 et
332 2107 451 2141 fructu
470 2108 668 2152 spirituali“
691 2108 908 2143 audiverunt
928 2109 1041 2152 (523).
1085 2108 1264 2142 Monachii
1283 2107 1356 2142 PP.
1376 2107 1634 2141 Stevordianus
1653 2111 1689 2141 et
1707 2106 1936 2142 Schorichius

171 2161 206 2193 in
233 2160 377 2205 templis
404 2161 571 2195 maximis
597 2161 895 2195 contionabantur
924 2162 984 2205 (92
1012 2162 1103 2196 2784
1130 2161 1258 2205 295²);
1286 2173 1376 2205 quos
1394 2161 1438 2195 ab
1457 2161 1679 2194 auditoribus
1699 2160 1804 2194 valde
1822 2160 1935 2195 amari

172 2214 324 2257 borgiae
351 2213 519 2248 Albertus
555 2215 627 2248 dux
653 2218 809 2249 testatus
845 2218 901 2249 est
938 2215 1100 2259 (210J1);
1135 2215 1221 2249 item
1258 2215 1300 2249 de
1336 2214 1571 2249 Stevordiano
1607 2215 1795 2258 episcopus
1820 2213 1935 2247 herbi-

172 2267 328 2311 polensis
363 2267 407 2300 ad
446 2267 614 2310 Borgiam
647 2268 806 2302 rettulit:
845 2269 935 2302 Eum
971 2269 1006 2302 in
1042 2269 1129 2302 aede
1157 2268 1354 2302 cathedrali
1390 2268 1545 2302 omnium
1581 2267 1648 2302 sibi
1683 2267 1821 2301 animos
1856 2278 1936 2301 con-

172 2320 315 2354 ciliasse
342 2322 377 2353 et
411 2320 510 2354 cives
535 2320 809 2355 Lutheranismo
844 2322 1000 2356 imbutos
1027 2322 1070 2355 ad
1098 2322 1275 2355 saniorem
1310 2323 1466 2355 mentem
1505 2320 1714 2354 felicissime
1748 2320 1936 2354 reduxisse

176 2374 326 2416 (405l8).
378 2373 589 2408 Landishuti
624 2375 777 2418 denique
812 2386 843 2408 a.
883 2375 972 2410 1569
1008 2377 1168 2419 tempore
1204 2374 1507 2417 Quadragesimae
1541 2374 1585 2408 ad
1622 2373 1661 2408 P.
1689 2373 1936 2407 Schorichium

173 2426 385 2460 audiendum
405 2427 528 2461 diebus
546 2428 703 2472 operosis
721 2427 903 2462 hominum
921 2429 1168 2469 4000—5000,
1187 2428 1313 2462 diebus
1326 2428 1441 2461 sacris
1459 2427 1552 2462 8000
1571 2426 1797 2461 confluebant
1818 2427 1933 2470 (737).

291 2479 444 2514 Proinde
480 2482 606 2514 mirum
642 2493 711 2515 non
747 2483 821 2521 est,
865 2482 1098 2526 pietatem
1133 2481 1227 2525 apud
1264 2481 1458 2515 catholicos
1492 2480 1750 2514 incrementum
1785 2480 1937 2524 cepisse.

175 2531 409 2566 Germanicus
446 2534 690 2577 precationum
726 2534 869 2568 libellus
908 2546 928 2568 a
960 2534 1101 2568 Canisio
1140 2534 1360 2579 compositus
1398 2536 1563 2577 quartam
1601 2545 1632 2567 a.
1663 2533 1752 2568 1568
1785 2533 1937 2567 sortitus

174 2586 229 2618 est
255 2585 445 2619 editionem
474 2586 594 2630 (668);
632 2599 738 2631 quam
774 2587 874 2621 brevi
907 2590 1032 2621 secuta
1067 2590 1123 2621 est
1158 2588 1317 2621 eiusdem
1344 2587 1479 2621 Canisii
1512 2586 1695 2620 Institutio
1730 2587 1938 2628 germanica

174 2638 218 2670 ad
254 2639 487 2672 confessionis
522 2642 558 2673 et
592 2641 851 2674 communionis
894 2643 1121 2674 sacramenta
1156 2640 1223 2675 rite
1259 2640 1487 2685 suscipienda
1524 2638 1638 2682 (680).
1690 2638 1936 2684 Christophori

175 2702 313 2734 quoque
340 2691 505 2725 Madridii
532 2692 565 2726 S.
585 2693 616 2726 J.
645 2693 786 2726 libellus
812 2693 872 2727 ille
898 2693 1034 2727 latinus
1060 2694 1103 2727 de
1129 2694 1310 2737 frequenti
1336 2693 1582 2727 communione
1607 2692 1643 2726 in
1670 2694 1823 2736 utraque
1850 2692 1936 2727 Ger-

175 2744 313 2785 mania,
352 2746 534 2788 superiore
570 2750 605 2779 et
642 2746 820 2786 inferiore,
856 2758 1012 2780 excusus
1051 2749 1107 2780 est
1135 2747 1249 2790 (677).
1312 2746 1526 2780 Praeclarus
1563 2748 1683 2779 autem
1718 2745 1826 2787 liber,
1866 2756 1936 2789 quo

175 2795 415 2841 Hieronymus
443 2797 702 2840 Cacciaguerra
729 2798 963 2832 Oratorianus
989 2799 1098 2833 italus
1133 2799 1416 2833 communionem
1451 2799 1676 2842 frequentem
1711 2798 1938 2832 collaudabat

176 2852 211 2882 et
237 2849 502 2890 disseminabat,
537 2862 600 2894 per
626 2851 830 2896 Philippum
857 2852 1085 2893 Doberainer,
1120 2853 1181 2896 qui
1208 2853 1349 2896 collegii
1387 2851 1582 2896 germanici
1607 2851 1773 2885 alumnus
1808 2851 1937 2892 fuerat,

175 2902 378 2944 germanice
403 2903 563 2937 redditus
590 2906 625 2937 et
643 2904 808 2947 Dilingae
834 2906 870 2938 in
896 2905 1011 2938 lucem
1039 2905 1156 2939 editus
1183 2909 1238 2939 est
1264 2906 1378 2949 (677).
1419 2905 1568 2949 Saepius
1586 2905 1696 2947 igitur
1714 2903 1757 2937 ad
1776 2915 1936 2938 mensam

177 2954 449 2989 eucharisticam
476 2957 645 2990 accedere
672 2957 870 3001 Oeuiponte
898 2958 965 2992 viri
992 2958 1163 2992 maiorum
1191 2959 1365 2999 ordinum,
1401 2957 1655 3002 praeeuntibus
1681 2956 1819 3000 aliquot
1844 2957 1937 3002 prin-

177 3007 266 3052 cipis
285 3009 507 3050 consiliariis,
535 3012 728 3053 coeperunt
756 3011 871 3054 (481¹)
888 3023 894 3051 ;
922 3011 1054 3045 ibidem
1072 3012 1210 3045 nobiles
1228 3012 1303 3045 sere
1321 3023 1454 3053 omnes,
1474 3011 1606 3044 civium
1624 3009 1728 3043 multi
1747 3009 1937 3044 Societatis

177 3061 423 3095 sacerdotibus
450 3064 595 3105 pevcata
622 3062 884 3097 confitebantur
919 3064 1049 3107 (481¹).
1091 3064 1272 3098 Monachii
1295 3064 1439 3109 plurimi
1467 3076 1511 3098 ex
1530 3063 1818 3097 adulescentibus
1844 3062 1937 3097 litte-
