2044 3335
97 98 182 139 362
227 94 329 130 1686.
355 94 402 129 Μ.
423 94 464 128 Α.
486 92 651 127 Amulius
679 91 764 125 Can.
807 90 920 124 Roma
937 89 986 134 (52)
1004 90 1096 124 inter
1121 90 1212 125 med.
1232 90 1323 133 Aug.
1343 92 1378 124 et
1403 90 1494 124 med.
1514 88 1592 124 Oct.
1614 89 1714 124 1569.

94 209 249 246 1686.
365 204 886 295 Ο31ᾶ18ῗ11ἒ18ξὲΑΒΟἩ8
930 203 1275 241 ANTONIUS
1319 204 1621 241 AMULIIJS
1670 204 1858 250 episcopus

280 263 440 297 reatinus
664 287 671 294 .

440 314 552 348 Roma
581 314 631 357 (2³)
661 314 754 347 inter
779 312 935 346 medium
962 313 1054 355 Aug.
1075 313 1111 345 et
1135 312 1227 346 med.
1247 312 1325 347 Oct.
1347 311 1517 354 (exeunte
1543 310 1687 356 sepem
1710 311 1811 345 1569.

213 386 267 420 Ex
295 385 449 430 epistula
475 385 519 418 ad
547 384 726 427 Borgiam,
761 383 803 417 de
830 394 900 426 qua
926 382 1030 424 infra,
1058 394 1111 427 ep.
1138 394 1172 416 n.
1201 383 1301 424 1693,
1329 384 1365 416 et
1390 394 1434 416 ex
1461 381 1683 426 autographo
1710 381 1861 423 Hoffaei,

96 439 187 483 quod
215 441 271 473 est
296 439 331 472 in
360 438 402 473 G.
430 438 493 483 Ep.
520 437 553 471 X
578 437 603 471 f.
625 437 720 471 123b.

214 516 306 548 Eum
336 519 449 558 royat,
479 518 514 547 nt
540 516 577 547 in
605 514 764 546 Helvetia
791 511 972 555 colleyium
998 512 1175 545 instituat.

218 575 388 608 Caiziszsszcs
427 575 589 615 Anyusta
627 574 683 606 29.
716 572 876 605 Octobris
912 573 1005 604 1569
1040 571 1238 604 Franciseo
1275 571 1431 614 Borqiae
1463 569 1668 612 praeposito
1703 569 1863 613 yenerali

93 629 260 671 scripsit:
298 628 380 671 „Ex
414 627 596 659 adiunctis
630 626 799 667 intelliyet
834 624 874 657 P.
906 624 944 657 T.
981 625 1068 667 quid
1105 635 1127 656 α
1165 635 1217 656 me
1248 625 1398 666 postulet
1424 624 1455 656 J
1459 624 1625 656 {lusti-iss.
1655 623 1863 656 Cardinalis

96 679 299 714 Amulius.“
352 681 391 714 P.
418 680 557 712 Paulus
592 683 708 711 autem
744 679 919 720 Hoffaeus
951 677 1187 720 provincialis
1227 677 1417 719 Oene'pom‘e
1455 679 1507 709 11.
1536 676 1737 709 Decembris
1772 677 1864 709 1569

96 735 249 776 Borqiae
274 734 439 776 scripsit:
476 732 639 776 „Opinor
666 731 704 764 P.
732 731 769 764 V.
796 731 1008 764 intellexisse
1042 741 1085 763 eac
1111 731 1150 763 P.
1172 730 1317 763 canisio
1350 730 1392 762 de
1414 730 1633 772 profectione
1659 729 1864 762 Heluetica:

95 799 117 820 α
147 787 341 820 Cardinalz'
367 787 513 819 Amulio
549 796 606 818 res
638 785 800 827 profecta
836 788 894 827 est,
931 784 1033 816 cuius
1066 784 1256 816 literaremz
1293 784 1429 825 copiam
1465 782 1512 815 ad
1538 782 1580 815 R.
1610 782 1647 815 P.
1677 782 1863 815 Cam‘siicm

94 842 240 873 damma
265 840 323 873 hic
347 837 482 872 mittof‘

218 915 378 949 Litterae
404 914 549 958 quidem
577 913 711 946 Amulii
737 912 932 957 perierunt.
984 911 1039 945 Ex
1074 911 1155 945 aliis
1181 913 1302 944 tamen
1337 910 1507 951 fontibus,
1543 910 1627 954 quid
1654 909 1818 943 Amulius
1844 921 1865 943 a

96 968 239 1003 Canisio
275 967 429 1013 petierit,
466 966 588 1010 colligi
623 968 752 1011 potest.
804 965 928 999 Mense
963 964 1094 998 Martio
1130 976 1161 998 a.
1183 964 1274 998 1569
1300 963 1507 997 Melchioris
1532 963 1651 1008 Lussy
1680 962 1729 1006 (v.
1757 973 1865 1007 supra

95 1034 127 1066 p.
157 1021 241 1065 238)
271 1021 460 1066 prudentia
488 1022 524 1054 et
550 1019 736 1062 diligentia
763 1019 929 1052 effectum
956 1019 1042 1058 erat,
1079 1018 1119 1051 ut
1144 1017 1215 1050 iam
1241 1019 1364 1061 posset
1399 1028 1462 1061 pro
1489 1019 1586 1050 certo
1612 1015 1747 1057 haberi,
1782 1027 1865 1049 mox

96 1074 172 1108 fieri
200 1086 316 1119 posse,
344 1075 384 1107 ut
410 1073 602 1107 Societatis
628 1072 821 1114 collegium
848 1071 1081 1111 helveticum,
1118 1070 1209 1114 quod
1238 1070 1281 1104 ab
1308 1069 1445 1113 aliquot
1470 1070 1574 1103 annis
1600 1068 1705 1102 multi
1731 1068 1865 1102 deside-

97 1128 227 1161 rabant
255 1127 304 1171 (v.
336 1128 423 1161 Can.
450 1127 482 1160 V
508 1126 583 1170 48),
622 1125 809 1160 catholicis
841 1123 1051 1158 cantonibus
1084 1135 1229 1168 operam
1269 1122 1544 1164 conferentibus,
1583 1121 1868 1167 protestantibus

97 1192 165 1214 non
192 1180 458 1221 obsistentibus,
493 1179 642 1213 Locarni
670 1190 733 1223 per
759 1177 975 1212 cardinalem
1004 1176 1168 1210 Cal-olum
1197 1177 1449 1210 Borromaeum
1475 1176 1726 1210 institueretur
1748 1175 1865 1217 (Rich.

101 1235 230 1276 Feller,
259 1234 377 1267 Ritter
402 1233 578 1267 Melchior
604 1232 722 1276 Lussy
749 1232 774 1272 Ι,
802 1230 909 1264 Stans
938 1231 1039 1271 1906,
1069 1230 1283 1273 132—139).
1335 1229 1400 1263 Die
1426 1231 1546 1263 autem
1572 1229 1629 1263 28.
1657 1228 1748 1262 Iunii
1777 1228 1866 1262 1569

102 1288 277 1321 Polancns
303 1286 494 1321 Societatis
528 1285 747 1319 secretarius
781 1284 953 1318 mandatu
988 1283 1141 1326 Borgiae
1182 1283 1224 1317 ad
1252 1283 1292 1317 P.
1319 1283 1513 1316 Antonium
1531 1281 1650 1316 Vinck
1677 1282 1710 1316 S.
1731 1281 1762 1315 J.
1790 1292 1869 1325 pro-

103 1340 293 1375 vincialem
313 1340 510 1374 rhenanum
530 1338 721 1383 *scripsit:
753 1337 865 1380 „Delli
892 1337 1020 1381 cinque
1046 1337 1188 1371 cantoni
1216 1336 1259 1370 de
1285 1336 1422 1379 Sgisari
1441 1335 1608 1369 catholici
1634 1335 1750 1368 hanno
1776 1334 1868 1368 fatto

102 1393 280 1428 instancia
315 1405 378 1438 per
403 1393 516 1426 bauer
542 1392 660 1426 alcuni
687 1391 766 1425 dela
794 1391 1013 1435 Compagnia
1039 1392 1164 1424 nostra
1199 1401 1262 1434 per
1287 1390 1424 1423 drizare
1454 1401 1501 1422 un
1529 1388 1724 1423 Seminario
1751 1387 1869 1421 catho-

104 1447 172 1481 lico
198 1447 234 1480 in
261 1459 332 1480 una
358 1445 450 1480 delle
477 1457 540 1479 sue
566 1450 662 1479 terre
688 1444 784 1489 quali
812 1444 901 1478 fossi
928 1455 1027 1478 come
1053 1455 1099 1477 un
1125 1443 1288 1477 bastione
1306 1444 1431 1476 contra
1456 1442 1489 1475 16
1515 1441 1654 1476 11616516
1680 1442 1723 1475 (16
1741 1441 1868 1481 Berua,

106 1503 142 1534 et
166 1500 383 1534 intendendo
420 1499 484 1534 che
510 1499 546 1533 la
573 1498 794 1543 Compagnia
830 1499 953 1532 nostra
977 1509 1047 1531 non
1074 1496 1232 1541 pigliaua
1258 1498 1384 1540 questo
1411 1498 1569 1535 assunto,
1605 1495 1636 1528 ci
1663 1495 1779 1528 hanno
1812 1494 1870 1539 poi

107 1554 281 1588 ricercato
317 1553 350 1587 di
379 1553 442 1587 dar
468 1552 640 1597 principio
676 1554 697 1585 a
722 1564 769 1585 un
797 1550 956 1594 Collegio
992 1551 1028 1584 in
1054 1550 1152 1584 detto
1178 1549 1291 1590 luoco,
1327 1551 1363 1582 et
1388 1549 1459 1582 han
1485 1549 1576 1582 fatto
1603 1549 1780 1582 instancia
1807 1559 1869 1592 per

105 1607 165 1640 uia
191 1607 247 1640 del
275 1605 455 1640 cardinale
482 1605 624 1640 Amulio
650 1605 676 1639 il
702 1605 808 1649 quale
835 1604 944 1638 etiam
970 1603 1017 1638 ha
1043 1604 1236 1648 adoperato
1262 1602 1283 1636 l'
1299 1602 1454 1636 autorita
1481 1601 1537 1635 del
1563 1602 1695 1646 Papa¹,
1723 1600 1757 1635 S.
1785 1600 1870 1634 San-

106 1661 173 1694 tita
199 1662 283 1704 pero
311 1659 461 1694 essendo
487 1659 681 1692 informata
707 1658 738 1692 si
765 1660 933 1692 contenta
959 1657 1024 1691 che
1051 1669 1114 1701 per
1140 1657 1268 1690 adesso
1294 1667 1363 1689 non
1390 1655 1420 1689 si
1438 1655 1558 1689 mandi
1577 1654 1737 1697 collegio,
1765 1665 1871 1688 senza

107 1713 172 1748 che
198 1713 314 1758 prima
340 1713 371 1746 si
398 1713 490 1746 neda
524 1712 559 1746 13
586 1723 670 1746 0353
697 1714 731 1745 et
759 1723 841 1746 cose
866 1711 1081 1751 necessarie,
1116 1722 1180 1754 per
1205 1709 1257 1743 tal
1284 1709 1415 1748 effetto‚
1455 1710 1491 1742 et
1517 1721 1561 1742 ex
1587 1708 1819 1752 consequenti
1847 1706 1871 1740 11

106 1766 209 1800 modo
236 1766 271 1800 di
297 1768 481 1800 sustentar
507 1778 553 1799 un
582 1765 732 1808 collegio
760 1765 824 1799 0116
851 1765 887 1798 111
912 1764 1073 1798 sarebbe.
1106 1763 1167 1797 Ma
1192 1763 1222 1797 si
1249 1763 1316 1796 ben
1343 1762 1427 1805 ogni
1453 1773 1536 1795 cosa
1562 1761 1649 1795 fossi
1675 1761 1711 1794 in
1736 1761 1870 1802 ordine,

107 1832 177 1854 non
204 1820 444 1854 conuerrebbe
471 1821 554 1864 pero
588 1831 657 1852 non
684 1818 847 1852 hauendo
875 1820 982 1861 gente
1008 1817 1068 1862 piu
1104 1817 1168 1850 che
1194 1818 1295 1850 tanta
1321 1815 1453 1860 pigliar
1486 1815 1538 1849 tal
1564 1816 1722 1856 assunto,
1756 1825 1815 1848 ma
1840 1813 1871 1847 si

109 1885 169 1907 era
195 1875 345 1917 pensato
381 1873 445 1906 che
472 1872 569 1906 forsa
604 1875 623 1906 ὸ
650 1872 711 1916 qui
746 1872 781 1905 in
808 1872 920 1905 Roma
955 1870 1013 1904 nel
1040 1870 1192 1913 collegio
1218 1869 1422 1913 germanico
1458 1880 1476 1902 o
1503 1880 1589 1902 uero
1624 1868 1657 1901 di
1684 1867 1718 1901 la
1745 1867 1775 1901 si
1801 1870 1871 1901 tro-

108 1926 311 1960 uarebbeno
347 1926 473 1959 alcune
500 1937 650 1970 persone
677 1924 878 1959 catholiche
911 1926 947 1958 et
973 1924 1018 1958 da
1043 1924 1142 1965 bene,
1179 1922 1284 1967 quale
1311 1922 1419 1956 etiam
1445 1922 1637 1955 hauessino
1664 1920 1802 1965 pratica
1829 1920 1871 1954 de

109 1981 230 2013 nostre
256 1979 377 2013 schole
412 1982 448 2012 et
484 1990 565 2012 case
601 1979 644 2012 de
674 1978 875 2018 conuittori,
911 1977 1008 2021 quali
1043 1978 1205 2022 potriano
1240 1976 1379 2009 aiutare
1414 1974 1439 2008 il
1474 1976 1571 2009 detto
1599 1974 1795 2008 Seminario
1830 1973 1872 2007 de

109 2032 254 2073 Suizeri,
294 2044 352 2066 ma
378 2044 441 2076 per
467 2035 568 2076 poter
594 2031 726 2076 pigliar
751 2031 1002 2065 informatione
1029 2034 1128 2064 certa
1155 2029 1235 2063 dela
1260 2029 1492 2073 dispositione
1519 2027 1596 2062 dele
1624 2039 1704 2062 cose
1731 2027 1872 2061 doman-

109 2086 202 2120 daua
228 2086 509 2120 instantemente
536 2085 561 2118 il
580 2084 768 2118 Cardinale
787 2083 918 2117 amulio
946 2083 1011 2117 0116
1037 2083 1067 2117 51
1093 2082 1322 2116 mandassino
1349 2081 1407 2115 doi
1426 2081 1468 2115 de
1486 2081 1598 2115 nostri
1626 2081 1667 2114 de
1686 2079 1873 2123 Moguntia

111 2142 130 2174 ὸ
157 2139 191 2172 (11
218 2139 308 2172 (10116
334 2138 422 2172 fossi
449 2138 509 2182 piu
536 2138 717 2171 commodo
744 2149 808 2182 per
833 2137 1022 2180 ragionare
1050 2147 1114 2169 con
1141 2135 1250 2179 quelli
1270 2134 1400 2179 Eluetij
1428 2133 1595 2168 catholici
1623 2135 1658 2167 et
1682 2133 1813 2166 uedere
1839 2132 1873 2166 la

109 2192 343 2237 dispositione
369 2203 468 2225 come
495 2191 539 2224 ho
566 2191 664 2224 detto
691 2202 754 2235 per
778 2189 970 2224 seminario
997 2191 1033 2223 et
1060 2188 1220 2231 collegio,
1259 2190 1296 2221 et
1322 2190 1455 2231 quanto
1482 2187 1517 2220 di
1542 2198 1647 2232 sopra
1674 2186 1704 2220 si
1730 2188 1748 2220 6
1775 2186 1873 2220 detto

106 2245 181 2280 cioe
218 2245 252 2278 di
288 2245 437 2278 mandar
471 2244 591 2278 alcuni
625 2243 780 2278 seculari
815 2243 946 2277 eruditi
973 2245 1052 2277 .etc.
1080 2242 1177 2276 accio
1203 2241 1410 2275 hauendose
1436 2240 1686 2274 informatione
1713 2241 1812 2273 certa
1839 2239 1860 2273 d

106 2310 258 2344 persona
284 2298 349 2332 che
376 2297 511 2332 intendi
538 2299 660 2331 nostro
687 2297 865 2337 instituto,
900 2308 939 2330 se
965 2295 1101 2340 potessi
1126 2295 1256 2329 uedere
1292 2294 1322 2328 si
1350 2297 1367 2328 6
1395 2305 1479 2328 0053
1505 2294 1539 2327 (11
1565 2293 1668 2327 farne
1694 2293 1873 2335 dissegno‚

109 2365 128 2386 o
154 2364 234 2393 non,
262 2355 297 2385 et
324 2351 434 2395 quelli
462 2351 518 2384 doi
546 2350 610 2384 che
637 2350 666 2384 si
694 2349 922 2383 mandassino
942 2348 1160 2394 potrebbono
1186 2348 1243 2392 poi
1262 2347 1503 2381 ritornarsene
1522 2345 1704 2380 essendosi
1730 2344 1873 2378 fermati

107 2405 234 2440 alcune
270 2405 461 2439 settimane
496 2415 560 2448 per
595 2404 692 2438 aiuto
728 2405 764 2437 et
790 2402 1032 2437 consolatione
1065 2401 1252 2446 spirituale
1288 2400 1322 2434 di
1355 2400 1475 2444 quella
1500 2400 1592 2433 bona
1618 2400 1735 2441 gente,
1762 2397 1805 2432 V.
1832 2397 1872 2432 R.

108 2459 199 2492 ueda
225 2458 255 2491 si
282 2458 416 2492 hauera
442 2457 477 2491 13
504 2456 717 2491 commodita
744 2456 779 2490 di
804 2458 906 2500 poter
925 2455 1095 2489 mandare
1121 2453 1231 2488 simili
1250 2464 1410 2498 persone,
1438 2454 1474 2486 et
1491 2452 1644 2497 potendo
1662 2451 1874 2484 bonamente

108 2511 199 2545 farlo
225 2511 268 2544 N.
294 2511 409 2544 Padre
437 2510 458 2543 l'
474 2509 609 2544 hauera
635 2520 729 2550 caro,
756 2521 825 2542 non
852 2508 957 2542 uuole
983 2510 1068 2552 pero
1094 2507 1125 2541 si
1152 2506 1392 2540 discomodino
1419 2505 1445 2539 li
1470 2503 1632 2549 collegij“
1663 2503 1725 2546 (ex
1751 2514 1873 2547 apogr.

110 2564 220 2598 eiusd.
239 2566 369 2608 temp.;
397 2563 517 2598 Germ.
537 2564 580 2597 67
606 2563 632 2597 f.
651 2563 750 2605 281).
785 2561 903 2596 Vinck
929 2562 1083 2595 nondum
1112 2560 1306 2604 quidquam
1334 2571 1375 2593 ea
1401 2558 1436 2592 in
1463 2569 1500 2591 re
1526 2557 1767 2602 praestiterat,
1794 2567 1873 2590 cum

110 2618 263 2660 Boryias
280 2617 434 2650 Tusculo
457 2617 510 2650 10.
527 2615 747 2660 Septembris
767 2616 857 2650 1569
885 2615 917 2649 ei
942 2618 959 2633 -:÷
972 2614 1136 2659 scripsit:
1169 2613 1327 2655 „Adesso
1353 2612 1385 2646 si
1410 2614 1513 2656 potra
1538 2613 1720 2644 tratenere
1746 2611 1875 2654 questa

111 2681 193 2703 cosa
228 2670 320 2703 insin
356 2681 375 2703 a
411 2672 511 2703 tanto
547 2669 611 2703 che
642 2669 672 2703 si
703 2669 760 2703 dia
786 2669 879 2702 altro
905 2668 1024 2702 auiso“
1058 2668 1120 2709 (ex
1146 2665 1353 2711 apographo
1380 2665 1491 2698 eiusd.
1518 2666 1647 2708 temp,
1684 2664 1802 2698 Germ.
1831 2663 1875 2698 70

112 2722 136 2756 f.
164 2722 228 2764 5³).
280 2722 415 2755 Deinde
442 2722 608 2756 Amulius
635 2722 817 2756 Canisium
851 2733 915 2766 per
940 2721 1082 2754 litteras
1109 2719 1207 2753 adiit.
1259 2719 1308 2752 At
1334 2719 1508 2760 Hoffaens
1533 2716 1765 2761 provincialis
1791 2716 1875 2750 Bor-

113 2774 207 2818 giam
236 2774 434 2818 Oeniponte
464 2775 517 2809 12.
545 2775 712 2809 Octobris
740 2775 830 2809 1569
857 2774 1042 2808 *monuitt
1082 2772 1276 2815 „Jntelligo
1303 2772 1344 2805 R.
1371 2771 1409 2805 P.
1438 2769 1620 2804 canisium
1655 2770 1875 2803 euocandum

114 2838 192 2861 esse
218 2827 317 2860 breui
344 2827 379 2860 in
407 2827 609 2861 Heluetiam
637 2828 798 2871 erigendi
824 2828 906 2861 noui
934 2826 1084 2871 Collegij
1113 2837 1240 2860 causa:
1276 2824 1311 2858 id
1337 2835 1423 2858 vero
1450 2823 1553 2856 valde
1580 2822 1773 2856 difficulter
1798 2821 1876 2855 fieri

113 2879 244 2924 poterit
278 2879 345 2913 1130
371 2879 510 2923 hyeme,
547 2881 678 2924 partim
713 2881 757 2914 ob
793 2881 934 2914 itineris
960 2879 1223 2920 difficultatem,
1260 2877 1390 2923 partim
1427 2876 1519 2920 quod
1545 2888 1578 2920 p.
1607 2875 1771 2910 Canisius
1805 2886 1875 2909 non

230 2950 257 2975 al
281 2950 344 2979 Sic;
365 2950 548 2974 scribendum
569 2951 639 2980 fuit,
661 2951 718 2975 nisi
736 2952 847 2981 fallor:
869 2950 1019 2976 datarum.

239 3072 247 3091 ¹
274 3071 329 3105 Pii
348 3071 390 3106 V.
