2044 3335
648 76 692 111 Π.
721 76 946 111 Prooemium
972 76 1164 110 voluminis
1191 75 1297 110 sexti.
1754 85 1862 108 xxvn

91 193 314 229 Octavianus
348 194 466 227 autem
502 204 566 237 per
591 192 759 235 Borgiam
795 194 878 226 voto
913 192 1054 226 solutus
1081 194 1136 225 est
1164 191 1278 235 (592),
1315 190 1458 225 Canisio
1485 191 1677 235 praecipuo
1704 193 1860 231 auctore.

89 249 130 281 ut
156 246 377 281 Octavianus
410 245 488 289 ipse
523 248 648 289 postea
681 247 737 279 est
770 245 891 280 fassus
919 245 1035 288 (201).
1086 244 1189 279 Clero
1216 244 1342 278 deinde
1368 244 1546 278 saeculari
1581 256 1620 278 se
1646 256 1774 278 nomen
1801 244 1860 278 da-

88 302 209 334 turum
236 299 327 333 dixit
354 299 437 343 (113
465 298 533 333 212
559 297 705 341 285s6);
733 309 803 342 qua
829 299 873 332 de
899 309 1009 332 causa
1035 297 1234 331 Lovanium
1262 298 1305 331 ad
1332 297 1534 339 theologiae
1561 298 1681 331 studia
1707 297 1857 331 colenda

89 352 222 387 missus
248 355 322 392 est;
349 352 413 386 sed
438 351 499 385 ubi
518 353 620 396 pater
646 351 722 385 vita
741 351 861 392 cessit,
888 352 966 396 ipse
993 362 1095 384 omne
1113 350 1303 384 consilium
1322 350 1609 384 ecclesiasticum
1629 351 1727 384 vitae
1746 361 1860 393 genus

89 405 327 451 amplectendi
363 405 528 449 deposuit
564 403 679 447 (286).
729 403 797 446 Qui
831 406 952 438 tamen
988 405 1113 448 postea
1149 403 1205 437 vir
1231 404 1401 446 egregius
1437 403 1556 437 evasit
1591 405 1626 437 et
1663 404 1705 437 de
1732 404 1860 448 patria,

89 460 131 493 de
157 458 348 499 Societate,
374 458 417 491 de
444 457 596 491 ecclesia
622 459 699 491 tota
725 458 858 502 optime
885 457 1035 491 meritus
1061 459 1128 490 est.

208 511 405 545 Plurimum
425 513 544 544 autem
566 510 678 545 Sociis
697 510 933 544 laborandum
951 510 1022 544 fuit
1040 509 1074 543 in
1094 509 1262 544 curandis
1281 510 1425 543 feminis
1445 509 1582 553 aliquot
1599 520 1619 543 a
1639 509 1823 543 daemon
1836 510 1860 543 i-

88 565 167 599 bus
191 564 404 605 obsessis,
430 575 521 608 quae
540 564 575 597 in
597 564 843 607 Fuggerorum
863 563 1027 598 domibus
1050 562 1284 596 morabantur
1305 562 1453 605 (218s22
1473 563 1618 606 255f7):
1650 563 1861 596 acciderunt

87 618 144 652 his
170 618 346 663 stupenda
373 617 560 661 quaedam,
587 628 678 661 quae
697 619 733 650 et
751 628 814 661 per
831 619 944 651 totam
965 615 1196 650 Germaniam
1214 615 1460 659 vulgabantur
1488 619 1523 649 et
1552 616 1673 650 curiae
1692 627 1860 650 romanae

87 671 271 716 ipsiusque
297 670 475 716 pontificis
498 670 736 714 cogitationes
760 671 995 715 occupabant.
1038 669 1143 704 Certe
1170 668 1201 703 si
1227 670 1308 712 quis
1335 669 1526 703 daemones
1552 668 1611 703 vel
1637 669 1755 703 nullos
1781 681 1861 703 esse

87 725 146 759 vel
170 724 258 758 nihil
286 724 487 758 hominibus
512 735 639 758 nocere
667 735 772 768 posse
792 723 987 764 existimet,
1014 722 1158 756 fabulas
1185 724 1222 756 et
1240 722 1476 756 deliramenta
1494 722 1582 756 haec
1609 734 1688 756 esse
1715 722 1860 756 dixerit.

88 777 254 812 Canisius
293 789 378 811 vero
417 777 471 818 id,
522 777 616 821 quod
664 777 734 811 iam
774 789 805 811 a.
844 777 935 811 1564
970 777 1127 817 fecerat,
1174 776 1290 809 denuo
1325 776 1530 810 faciendum
1571 787 1649 809 esse
1699 787 1861 817 censens,

87 833 276 875 Augustae
302 833 517 874 suggestum
553 842 694 864 sacrum
723 830 887 864 ascendit
913 832 949 863 et
974 829 1151 870 fidelibus,
1186 831 1359 873 quantam
1387 829 1579 863 daemones
1615 829 1650 862 in
1677 829 1860 863 hominum

87 895 235 929 corpora
261 884 469 928 animosque
504 884 678 918 haberent
710 885 939 928 potestatem,
978 885 1014 916 et
1049 883 1179 926 quibus
1214 882 1414 916 rationibus
1441 882 1519 916 sive
1555 881 1757 926 expellendi
1783 883 1862 917 sive

87 938 283 982 repellendi
310 941 442 979 essent,
471 949 515 971 ex
543 937 652 971 Sacra
679 937 866 982 Scriptura
893 938 929 970 et
954 938 1160 970 sanctorum
1181 936 1332 969 Pati-um
1359 935 1460 970 libris
1487 935 1662 976 ostendit;
1690 947 1784 976 nam,
1811 936 1863 969 ait

87 992 175 1036 ipse,
201 991 375 1025 eiusmodi
411 1002 469 1025 res
504 1002 598 1024 nunc
633 991 669 1024 in
696 992 854 1024 omnium
889 1001 950 1024 ore
976 991 1072 1030 sunt,
1109 993 1217 1033 atque
1245 989 1359 1023 oculis
1385 989 1575 1029 cernimus,
1611 989 1773 1023 homines
1799 1001 1863 1034 per

87 1045 279 1078 daemones
306 1044 500 1085 oculorum,
527 1044 679 1082 aurium,
706 1043 851 1087 linguae
878 1055 945 1077 usu
971 1043 1108 1087 privari
1135 1045 1171 1076 et
1198 1054 1240 1076 ea
1267 1054 1326 1076 ore
1353 1042 1525 1087 proferre,
1553 1053 1644 1086 quae
1671 1043 1862 1077 daemones

87 1098 205 1132 dicere
231 1097 374 1138 volunt;
402 1097 509 1131 simul
535 1109 621 1131 vero
644 1097 749 1140 „novi
775 1096 975 1142 pharisaei“
1007 1096 1109 1130 nobis
1135 1095 1368 1137 maledicunt,
1396 1096 1543 1140 perinde
1570 1107 1612 1130 ac
1638 1096 1668 1130 si
1696 1096 1862 1130 Christus

87 1152 278 1185 daemones
312 1163 375 1196 per
401 1151 601 1185 exorcistas
627 1151 801 1185 ecclesiae
828 1149 1008 1195 expellere
1035 1152 1098 1183 aut
1123 1161 1193 1183 non
1212 1151 1336 1194 posset
1361 1152 1424 1183 aut
1450 1161 1519 1182 non
1549 1149 1662 1183 vellet
1683 1150 1861 1193 (529s31).

86 1204 298 1238 Exorcistae
337 1206 457 1238 autem
495 1215 625 1238 munus
670 1204 737 1248 ipsi
773 1204 916 1238 Canisio
955 1214 987 1237 a.
1031 1203 1120 1237 1569
1160 1203 1199 1237 P.
1236 1202 1409 1236 Hoffaeus
1446 1203 1674 1247 praepositus
1720 1204 1862 1247 provin-

87 1258 189 1292 cialis
223 1257 380 1292 iniunxit
417 1258 538 1300 (399);
584 1257 842 1291 oboediendum
878 1258 974 1296 erat;
1010 1256 1133 1300 itaque
1171 1256 1336 1290 Canisius
1371 1257 1512 1289 Annam
1550 1257 1592 1289 de
1628 1257 1862 1290 Bernhausen

86 1311 263 1354 virginem
308 1311 463 1345 nobilem
499 1311 592 1355 apud
629 1311 792 1345 Marcum
828 1310 1033 1354 Fuggerum
1078 1312 1115 1344 et
1153 1309 1329 1355 Sibyllam
1368 1309 1557 1344 Eberstein
1596 1322 1745 1344 uxorem
1785 1310 1862 1344 eius

84 1368 283 1399 morantem
318 1376 338 1398 a
365 1364 607 1409 compluribus
642 1364 875 1398 daemonibus
905 1365 1093 1407 Augustae
1127 1363 1297 1397 liberavit
1333 1363 1542 1408 (399s401);
1584 1376 1693 1397 unum
1734 1364 1862 1398 deinde

85 1419 187 1452 initio
222 1419 303 1452 anni
342 1419 432 1453 1570
468 1417 639 1462 Ottingae
666 1417 810 1452 Veteris
848 1418 884 1451 in
927 1429 1031 1451 sacra
1069 1417 1156 1451 aede
1195 1418 1328 1451 Beatae
1363 1417 1500 1451 Mariae
1536 1417 1698 1460 Virginis
1737 1429 1783 1451 ex
1820 1429 1862 1451 ea

86 1472 209 1512 eiecit;
259 1473 469 1515 ottinganns
512 1474 631 1505 autem
672 1471 730 1505 hic
775 1471 998 1505 exorcismus
1042 1471 1262 1516 perillustris
1300 1470 1422 1504 factus
1469 1473 1543 1507 est:
1593 1483 1698 1515 quem
1738 1471 1862 1505 eodem

86 1537 178 1560 anno
212 1526 249 1559 in
280 1525 370 1560 libro
409 1526 452 1559 de
491 1526 578 1560 aede
613 1525 675 1559 illa
711 1525 873 1559 mariana
911 1525 1118 1568 germanice
1155 1525 1249 1558 edito
1276 1524 1456 1558 Martinus
1492 1524 1724 1568 Eisengrein,
1760 1536 1862 1570 prae-

85 1579 224 1624 positus
271 1579 481 1622 ottinganus
523 1581 559 1613 et
602 1578 807 1622 theologiae
858 1578 895 1612 in
941 1578 1182 1612 universitate
1234 1577 1511 1621 ingolstadiensi
1559 1579 1759 1623 professor,
1805 1579 1860 1612 vir

86 1644 238 1677 magnae
273 1633 368 1678 apud
402 1632 618 1677 pontificem,
654 1633 928 1677 imperatorem,
956 1632 1118 1666 homines
1146 1632 1269 1666 doctos
1309 1632 1556 1673 auctoritatis,
1593 1635 1764 1666 accurate
1803 1633 1861 1666 de-

87 1686 241 1731 scripsit,
276 1686 438 1731 ponendo
474 1687 618 1720 nomina
659 1688 701 1720 14
737 1686 897 1727 testium,
934 1686 995 1730 qui
1022 1688 1152 1720 cuncta
1179 1697 1297 1719 coram
1325 1686 1502 1725 viderant,
1530 1686 1727 1720 enarrando
1753 1686 1862 1720 caeri-

87 1741 235 1781 monias,
263 1739 394 1774 diaboli
421 1739 676 1784 blasphemias,
704 1739 961 1784 paenitentiam
989 1740 1021 1773 ei
1047 1739 1253 1784 impositam
1280 1741 1347 1773 etc.
1378 1740 1564 1783 (641s51);
1597 1739 1742 1774 Marcus
1769 1740 1860 1784 Fug-

86 1806 195 1837 gerus
230 1806 271 1828 eo
307 1794 471 1839 prodigio
508 1794 551 1828 ad
588 1793 746 1827 melioris
773 1793 871 1827 vitae
907 1793 1064 1827 studium
1092 1793 1258 1838 pervenit
1287 1792 1388 1836 (400)
1419 1796 1454 1827 et
1489 1792 1712 1827 Bernhusiae
1749 1797 1860 1838 pater,

88 1859 167 1882 cum
195 1850 273 1881 tota
300 1848 377 1881 vita
403 1847 615 1881 lutheranus
642 1847 782 1889 fuisset,
811 1847 1010 1881 catholicus
1037 1848 1187 1881 effectus
1214 1850 1271 1881 est
1300 1846 1413 1889 (400).
1458 1847 1607 1880 Factum
1635 1848 1722 1881 adeo
1750 1848 1861 1881 mani-

86 1903 220 1936 festum
259 1904 494 1946 apertumque
530 1904 616 1942 erat,
660 1903 699 1934 ut
736 1901 813 1945 ipse
852 1901 1084 1935 Marbachius
1122 1900 1313 1943 theologus
1351 1900 1564 1934 lutheranus
1602 1901 1861 1945 catholicisque

86 1956 354 1990 infensissimus
380 1955 458 1989 eius
484 1955 676 1989 veritatem
705 1955 944 1999 profiteretur,
972 1955 1041 1988 nisi
1069 1954 1161 1998 quod
1189 1953 1402 1988 miraculum
1422 1954 1510 1988 illud
1538 1954 1764 1996 diabolicum,
1790 1967 1861 1989 non

86 2010 247 2043 divinum
283 2020 362 2043 esse
397 2009 657 2053 praetendebat
695 2008 808 2051 (651).
861 2008 979 2042 Aliam
1015 2009 1201 2042 mulierem
1237 2008 1420 2042 obsessam
1447 2007 1580 2042 Ursula
1615 2009 1658 2042 de
1697 2009 1860 2043 Lichten-

86 2064 179 2097 stein
206 2062 352 2106 Georgii
378 2062 535 2105 Fuggeri
562 2062 693 2096 coniux
729 2074 791 2106 per
819 2062 837 2095 7
865 2062 941 2095 fere
968 2073 1080 2095 annos
1115 2061 1207 2095 mira
1243 2062 1418 2106 patientia
1453 2064 1489 2095 et
1516 2062 1667 2095 caritate
1694 2062 1860 2103 fovebat,

86 2127 225 2151 sacram
262 2116 324 2149 illa
360 2115 515 2150 hostiam
554 2116 589 2148 in
628 2115 834 2160 pudendum
871 2114 989 2149 locum
1028 2115 1195 2149 iniecisse
1236 2119 1271 2148 et
1311 2115 1474 2149 daemoni
1513 2127 1576 2159 per
1614 2115 1758 2149 litteras
1796 2127 1861 2150 suo

86 2170 260 2213 sanguine
296 2170 451 2214 scriptas
486 2181 525 2203 se
560 2169 750 2203 devovisse
786 2169 970 2202 ferebatur
1008 2168 1131 2211 (221);
1169 2169 1312 2202 videtur
1348 2171 1468 2202 autem
1496 2168 1660 2203 Susanna
1686 2169 1748 2203 illa
1778 2169 1861 2212 (hoc

86 2224 180 2258 enim
207 2223 239 2257 ei
264 2234 393 2257 nomen
421 2224 513 2266 erat)
552 2222 793 2267 compluriens
820 2223 982 2263 liberata,
1020 2222 1262 2266 compluriens
1288 2223 1403 2256 denuo
1430 2223 1578 2256 obsessa
1609 2235 1708 2263 csse;
1745 2235 1860 2267 neque

86 2276 179 2311 enim
215 2287 257 2310 ea
282 2288 340 2311 res
366 2277 604 2320 undequaque
639 2277 831 2321 perspicua
858 2279 914 2310 est
942 2276 1027 2318 (210
1055 2276 1152 2320 219).
1209 2276 1392 2318 „Susanna
1420 2276 1514 2310 vitra
1541 2277 1678 2317 vorat“,
1714 2277 1862 2321 scripsit

86 2330 257 2363 Hoffaeus
287 2330 602 2374 viceprovineialis
637 2341 668 2364 a.
699 2330 807 2370 15683
846 2329 997 2363 daemon
1024 2332 1142 2363 tentat
1168 2341 1252 2369 nos;
1284 2329 1442 2371 „utinam
1468 2341 1549 2363 cum
1577 2329 1708 2363 honore
1735 2330 1861 2364 libere-

85 2383 204 2417 mur!“
236 2382 349 2427 (218.)
404 2383 536 2417 Ursula
564 2384 716 2424 deinum,
754 2383 943 2417 comitibus
970 2386 1102 2417 Ioanne
1129 2383 1295 2426 Fuggero
1322 2383 1521 2428 propinquo
1548 2394 1624 2423 suo,
1659 2383 1860 2427 Margarita

86 2436 308 2480 Peutingera
345 2437 485 2480 virgine
521 2437 682 2482 patricia,
710 2436 925 2470 VVendelino
953 2436 1067 2470 Volck
1101 2437 1331 2475 confessario,
1368 2436 1568 2470 Susannam
1596 2436 1790 2470 Lauretum
1826 2440 1861 2471 et

86 2490 235 2524 Romam
263 2502 384 2525 secum
412 2491 564 2525 adduxit
590 2493 625 2524 et
651 2490 686 2524 S.
710 2490 774 2524 Pio
805 2491 844 2525 V.
872 2490 1094 2524 liberandam
1130 2489 1278 2528 obtulit:
1317 2490 1479 2534 pontifex
1517 2492 1648 2531 autem,
1685 2503 1722 2524 re
1749 2491 1861 2525 semel

84 2546 234 2585 tentata,
262 2543 375 2578 Sociis
403 2545 581 2578 commisit
607 2544 809 2588 negotium3
843 2556 912 2588 quo
944 2544 998 2578 bis
1024 2544 1059 2577 in
1086 2543 1240 2577 ecclesia
1267 2544 1420 2578 Sanctae
1447 2543 1584 2578 Mariae
1616 2544 1679 2586 „de
1707 2544 1856 2578 Anima“

85 2597 267 2631 incassum
302 2600 403 2638 acto,
438 2598 473 2631 in
508 2598 643 2642 templo
684 2597 925 2640 „Pantlieon“,
962 2597 1137 2631 cardinali
1173 2597 1390 2638 Truchsess,
1427 2597 1461 2632 S.
1489 2597 1681 2631 Francisco
1716 2598 1861 2641 Borgia,

89 2652 132 2685 14
159 2651 239 2685 aliis
266 2651 481 2693 astantibus,
509 2651 659 2685 daemon
685 2651 827 2685 litteras
853 2650 935 2684 illas
962 2651 1154 2684 restituere
1190 2653 1225 2684 et
1261 2662 1307 2684 ex
1332 2651 1481 2684 muliere
1509 2651 1606 2684 exire
1633 2655 1779 2686 coactus
1807 2654 1862 2686 est

89 2704 241 2748 (374s6).
291 2704 450 2739 Tertiam
485 2705 664 2749 quandam
701 2705 887 2738 mulierem
925 2704 1110 2738 obsessam
1144 2723 1191 2728 --
1228 2704 1444 2738 Catharinae
1480 2716 1610 2738 nomen
1645 2705 1677 2738 ei
1712 2708 1789 2739 erat
1815 2725 1861 2729 —

86 2757 238 2792 loannes
265 2758 409 2801 Fugger
435 2758 529 2792 domi
555 2758 722 2792 habebat.
774 2758 873 2792 Haec
900 2769 980 2792 cum
1017 2769 1038 2791 a
1064 2758 1236 2791 daemone
1264 2758 1447 2791 videretur
1473 2758 1625 2792 liberata
1652 2770 1742 2799 esse,
1777 2770 1861 2792 non-

85 2823 268 2855 nunquam
294 2824 357 2856 per
375 2812 466 2846 4—-5
485 2812 592 2846 horas
611 2812 776 2846 sensibus
794 2811 1039 2853 alienabatur3
1068 2822 1137 2855 quo
1154 2813 1316 2856 tempore
1334 2812 1485 2846 Beatam
1504 2812 1655 2846 Mariam
1674 2812 1861 2856 Virginem

85 2876 207 2899 secum
233 2865 331 2909 loqui
357 2866 544 2900 asserebat
564 2865 684 2909 (255);
713 2868 749 2899 et
767 2865 933 2899 Canisius
951 2865 1107 2909 primum
1132 2865 1276 2908 quidem
1303 2865 1424 2909 aliqua
1451 2866 1621 2900 credebat
1650 2866 1771 2910 (289);
1798 2867 1860 2900 sed

86 2919 185 2953 brevi
211 2921 302 2964 post,
329 2931 349 2952 a
374 2919 589 2964 praepositis
615 2919 782 2960 monitus,
809 2919 1026 2952 sententiam
1054 2919 1228 2959 mutavit,
1256 2919 1470 2963 praesertim
1497 2931 1577 2953 cum
1604 2931 1662 2953 res
1689 2931 1729 2953 eo
1757 2921 1860 2954 deve-

86 2972 210 3013 nisset,
237 2975 277 3006 ut
303 2972 537 3013 affirmarent,
570 2972 709 3006 animas
736 2974 958 3006 mortuorum
996 2973 1032 3005 in
1068 2983 1147 3006 eam
1173 2972 1359 3006 mulierem
1386 2973 1525 3016 ingredi
1551 2973 1658 3017 idque
1684 2973 1861 3017 flagitare,

85 3027 127 3058 ut
152 3026 443 3060 exorcizarentur
478 3029 514 3060 et
539 3025 814 3060 absolverentur
850 3028 886 3059 et
921 3025 972 3059 ita
1004 3037 1022 3059 e
1049 3027 1257 3070 purgatorio
1284 3025 1523 3060 liberarentur
1551 3027 1666 3070 (334).
1718 3027 1860 3061 Novum

86 3078 180 3113 hunc
203 3079 560 3124 „Pythagorismum“
585 3079 678 3114 Socii
705 3079 810 3124 plane
837 3079 1088 3124 improbabant
1117 3079 1239 3123 (335);
1268 3082 1305 3114 at
1332 3080 1482 3114 Ioannes
1503 3080 1691 3123 Fuggerus
1718 3083 1754 3115 et
1780 3093 1860 3115 cum
