2044 3335
159 108 241 147 142
326 105 427 139 1542.
455 104 566 139 Vicus
593 105 678 140 Can.
732 105 833 140 1543.
862 105 1044 140 Pastelius
1071 106 1104 141 S.
1125 107 1316 142 Francisco
1343 108 1509 152 Borgiae.
1554 109 1607 143 11.
1628 109 1712 144 Dec.
1734 109 1836 145 1567.

158 220 309 258 1542.
408 221 518 257 FR-
546 221 846 258 IOANNES
880 222 1079 260 VICUS
1109 223 1163 261 S.
1184 224 1239 260 J.
1268 225 1470 261 CANISIO.

1289 278 1436 323 Dilinga
1466 279 1520 314 11.
1540 279 1750 315 Decembris
1779 281 1880 315 1567.

272 324 358 356 Vide
383 334 497 366 snpra
522 336 558 366 p.
581 326 648 357 130·
674 328 703 356 et
733 325 833 366 infra
855 336 891 367 p.
914 328 1114 359 142—144.

154 436 304 474 1543.
404 438 444 473 P.
473 438 732 474 GERARDUS
760 439 1021 475 PASTELIUS
1059 441 1201 485 collegii
1234 442 1399 477 minister
1425 443 1696 487 studiorumque
1723 444 1928 488 praefectus

340 492 512 526 mandatu
532 491 668 526 Canisii
695 491 749 528 S.
768 491 1160 530 FRANCISGO
1188 493 1508 531 BORGIAE
1535 496 1742 541 praeposito
1768 497 1928 540 generali

343 544 534 579 societatis
560 546 654 580 Iesu.
1292 548 1438 592 Dilinga
1466 549 1520 584 11.
1540 550 1748 584 Decembris
1776 551 1878 585 1567.

271 608 327 643 Ex
353 610 577 655 autographo
605 610 684 654 (20;
716 612 781 654 11ίῖ
809 611 896 656 pp.).
950 611 992 646 G.
1021 612 1085 657 Ep.
1104 613 1191 647 VIII
1217 613 1342 648 f.153.

270 680 334 714 Fr.
354 682 462 714 Vicus
480 684 700 725 praepositis
724 684 972 726 praesentibus
989 684 1147 716 devotum
1172 695 1207 717 se
1223 685 1427 727 simulabat,
1454 686 1653 718 absentibus
1671 687 1761 720 male
1778 688 1924 731 dicebat,

149 733 189 765 (le
217 734 253 766 S.
285 734 421 767 Thoma
446 740 572 769 temere
595 737 818 779 loquebatur,
856 738 1084 770 Auerroistas
1109 738 1384 781 commendabat,
1408 739 1598 781 prae'm'leyc'a
1623 739 1693 772 siba·
1717 741 1922 784 arrogmbat,

144 787 399 828 poenitentiam
431 789 501 822 sihi
534 791 737 832 impositam
772 792 968 834 aeyerrime
992 790 1128 832 ferebat
1155 795 1215 824 ete.
1270 792 1388 832 Quare
1418 792 1585 825 Canisius
1620 804 1697 825 eum
1724 795 1922 836 Auyustam

147 850 264 873 secum
291 841 451 875 abduxit.
504 843 638 876 Frater
664 844 810 886 quidam
838 845 1014 877 mittatur.

362 919 389 970 †
421 919 517 961 Pax
549 920 708 962 Christi
741 921 875 963 molto
909 921 1164 962 Reuerendo
1198 921 1242 962 in
1274 921 1444 964 Christo
1477 922 1631 965 Padre.

267 989 351 1030 Per
383 990 533 1032 ordine
567 991 634 1032 del
667 991 714 1034 P.
739 991 1014 1034 Prouinciale
1046 991 1243 1034 riferisco
1277 1005 1302 1033 a
1326 992 1377 1035 V.
1414 993 1458 1036 P.
1494 994 1636 1047 quello
1669 993 1748 1036 che
1779 995 1921 1047 questi

148 1053 189 1094 di
222 1055 390 1107 passati
423 1057 445 1097 e
478 1057 691 1099 accaduto
723 1057 896 1099 intorno
929 1071 955 1099 a
987 1057 1181 1099 Maestro
1206 1058 1418 1099 Giouanni
1441 1059 1614 1111 Anglo1
1646 1059 1813 1102 Mastro
1837 1074 1922 1113 qua

149 1118 263 1160 della
285 1119 532 1173 Rhetorica,
566 1122 596 1163 il
631 1122 758 1176 quale
790 1122 913 1164 molti
946 1122 988 1163 di
1019 1136 1124 1164 sono
1157 1123 1213 1164 ha
1242 1123 1499 1165 cominciato
1530 1125 1664 1166 molto
1697 1138 1722 1166 a
1745 1125 1922 1168 deuiare

149 1183 221 1226 dal
254 1199 357 1227 uero
389 1187 516 1229 modo
550 1187 591 1228 di
624 1188 859 1241 procedere
892 1188 1007 1230 nella
1039 1188 1306 1241 Compagnia
1338 1189 1478 1242 prima
1509 1188 1552 1230 in
1585 1189 1748 1232 andare
1786 1191 1919 1233 molto

148 1249 363 1293 riseruato
406 1254 451 1294 et
491 1252 695 1295 simulato
737 1267 815 1295 con
858 1254 887 1294 li
930 1253 1024 1295 suoi
1065 1254 1275 1308 superiori
1308 1254 1547 1297 immediati
1579 1255 1860 1298 monstrando
1892 1270 1920 1299 a

147 1314 239 1357 loro
281 1317 416 1359 molto
459 1317 602 1359 buona
642 1332 742 1360 cera
783 1321 828 1361 et
865 1319 907 1360 di
941 1319 1080 1362 dietro
1112 1319 1431 1361 lamentandosi
1464 1320 1598 1362 molto
1632 1322 1676 1362 et
1708 1321 1918 1374 parlando

148 1381 261 1422 male
294 1381 337 1423 di
369 1382 473 1433 loro,
518 1384 730 1425 cercando
772 1384 964 1426 anchora
1000 1384 1041 1426 di
1073 1398 1278 1426 muouere
1310 1385 1370 1438 gli
1404 1385 1505 1427 altri
1537 1399 1563 1427 a
1595 1385 1734 1427 simile
1767 1386 1917 1429 effetto

149 1446 190 1485 2⁰
230 1446 273 1487 in
317 1448 490 1501 parlare
531 1449 665 1491 molto
706 1449 1056 1492 incantamente²²
1098 1450 1139 1491 di
1180 1450 1313 1492 Santo
1347 1450 1563 1492 Thomaso
1606 1450 1644 1492 d’
1663 1450 1834 1503 Aquino
1873 1455 1917 1493 et

147 1509 259 1552 altre
302 1526 401 1554 cose
443 1513 574 1555 simili
615 1517 656 1555 53⁰
696 1514 739 1555 in
781 1515 956 1568 parlare
997 1515 1132 1557 molto
1164 1515 1540 1557 fauoreuolmente
1573 1515 1615 1557 di
1646 1516 1840 1558 Auerroe
1873 1519 1918 1558 et

146 1575 241 1617 suoi
283 1578 487 1631 sequaci2
529 1582 574 1621 et
615 1582 768 1632 questo
808 1594 887 1621 con
921 1581 1046 1622 alcun
1081 1580 1287 1622 scandalo
1320 1582 1365 1622 et
1397 1580 1585 1634 pericolo
1619 1580 1720 1622 delli
1752 1581 1917 1623 astanti

146 1643 191 1682 et
234 1646 388 1685 contra
430 1645 557 1696 graui
599 1647 643 1687 et
682 1645 882 1699 publiche
923 1645 1207 1687 admonitioni
1249 1646 1317 1687 del
1349 1646 1396 1687 P.
1430 1646 1642 1688 Rettoress
1682 1646 1724 1687 in
1761 1649 1916 1699 questa

143 1707 328 1749 materia
371 1711 412 1750 4⁰
453 1710 494 1750 in
538 1710 710 1764 fuggire
750 1710 780 1752 li
822 1711 961 1753 ordini
1000 1711 1042 1752 di
1075 1725 1177 1753 casa
1209 1714 1254 1754 et
1286 1725 1413 1753 usare
1446 1711 1661 1764 priuilegij
1694 1725 1779 1753 non
1812 1725 1913 1753 con-

143 1772 252 1813 cessi
293 1774 389 1815 anzi
426 1775 607 1827 negatili
649 1779 997 1830 espressamente
1035 1776 1104 1818 dal
1140 1776 1362 1830 superiore
1405 1779 1446 1817 5⁰
1479 1776 1556 1818 che
1588 1776 1849 1829 hauendogli
1881 1777 1911 1818 il

142 1836 283 1880 Padre
306 1839 578 1882 Prouinciale
610 1855 687 1895 per
719 1841 859 1895 questi
894 1844 938 1883 et
965 1842 1063 1884 altri
1089 1841 1217 1883 simili
1240 1841 1384 1883 difetti
1407 1842 1509 1884 dato
1532 1855 1617 1883 una
1640 1841 1911 1895 penitentia4

142 1900 178 1942 si
211 1904 233 1944 e
266 1903 553 1948 dimonstrato
579 1907 714 1948 molto
737 1907 1008 1960 perturbato,
1043 1921 1163 1948 come
1186 1920 1232 1948 se
1254 1907 1315 1960 gli
1338 1906 1447 1948 fussi
1468 1908 1586 1949 stato
1609 1906 1723 1949 satta
1745 1907 1911 1959 grande

140 1967 367 2017 iniustitia,
402 1969 601 2022 (essendo
635 1986 741 2025 pure
774 1972 916 2025 questi
947 1973 1041 2014 suoi
1073 1972 1366 2014 mancamenti
1397 1971 1557 2026 publici
1590 1975 1634 2014 et
1666 1971 1821 2014 riferiti
1855 1972 1910 2014 da

140 2034 273 2076 molte
304 2049 488 2089 persone
521 2037 563 2078 al
595 2037 835 2091 superiore)
872 2037 967 2078 anzi
1000 2037 1327 2079 dimonstrando
1360 2037 1560 2090 maggior
1591 2037 1807 2079 alterezza
1831 2037 1908 2079 che

138 2099 279 2152 prima
311 2103 356 2143 et
387 2102 654 2143 affermando
687 2102 982 2145 chiaramente
1015 2103 1057 2144 al
1079 2103 1126 2145 P.
1151 2102 1424 2144 Prouinciale
1457 2116 1536 2144 con
1569 2102 1718 2156 parole
1750 2105 1794 2145 et
1827 2116 1905 2144 con

138 2165 292 2208 scritto
334 2166 449 2208 assai
481 2167 676 2209 secolare
709 2167 787 2209 che
820 2182 905 2209 non
939 2169 961 2209 e
993 2182 1072 2222 per
1102 2168 1294 2220 leggeoe,
1337 2181 1391 2209 ne
1423 2181 1501 2221 per
1532 2167 1625 2209 fare
1658 2168 1771 2209 altra
1804 2182 1905 2210 cosa

136 2244 182 2271 se
214 2244 300 2272 non
332 2231 393 2283 gli
425 2232 672 2274 concedono
705 2233 848 2285 quello
882 2233 959 2274 che
993 2233 1195 2274 dimanda
1218 2232 1309 2274 cioe
1332 2232 1428 2286 (per
1450 2246 1553 2274 usar
1575 2233 1615 2274 le
1638 2247 1714 2273 sue
1736 2233 1903 2286 parole)

135 2295 249 2337 domi
282 2310 451 2338 omnem
485 2297 694 2351 temporis
724 2298 1121 2352 opportunitatemb
1152 2298 1195 2339 in
1218 2298 1386 2352 studiis,
1422 2301 1466 2340 et
1488 2313 1572 2339 non
1594 2298 1754 2340 habere
1777 2312 1902 2352 prae-

132 2360 295 2402 fectum
337 2362 525 2405 scholae.
589 2363 774 2406 Jntanto
816 2363 894 2405 che
936 2363 1150 2405 communi
1189 2363 1366 2404 consilio
1408 2363 1464 2405 ha
1505 2377 1634 2417 parso
1672 2363 1745 2405 alli
1777 2363 1899 2417 padri

133 2425 211 2466 che
244 2424 396 2481 [non]c
419 2425 480 2481 [Ρ]
524 2428 589 2469 sia
631 2442 732 2470 cosa
765 2428 921 2479 sicura,
961 2443 1039 2482 per
1076 2429 1120 2470 la
1152 2428 1419 2478 Vniuersita,
1461 2442 1514 2470 ne
1546 2443 1625 2482 per
1655 2428 1684 2469 il
1718 2428 1899 2481 collegio

132 2490 219 2541 (nel
262 2493 389 2544 quale
430 2493 488 2534 lui
529 2494 664 2535 molto
706 2493 1043 2536 familiarmente
1075 2496 1274 2536 trattaua
1308 2508 1386 2535 con
1420 2493 1573 2535 alcune
1605 2507 1786 2546 persone
1819 2507 1898 2535 con

131 2568 268 2608 puoco
313 2557 432 2599 aiuto
473 2558 565 2599 loro
580 2560 614 2610 5)
656 2559 753 2600 anzi
794 2573 847 2600 ne
888 2559 1026 2600 anche
1067 2573 1144 2612 per
1185 2573 1231 2600 se
1273 2561 1413 2600 stesso
1446 2559 1646 2600 lasciarlo
1678 2558 1750 2612 piu
1783 2558 1899 2600 nella

131 2619 308 2662 schuola
349 2625 393 2664 et
425 2623 616 2676 Collegio
659 2624 699 2665 di
732 2624 909 2677 Dilinga
941 2626 986 2665 et
1018 2624 1106 2665 cosi
1138 2623 1167 2664 il
1201 2624 1340 2664 Padre
1372 2623 1643 2665 Prouinciale
1681 2637 1727 2664 se
1768 2623 1808 2663 10
1841 2623 1897 2664 ha

249 2712 277 2733 a)
308 2708 475 2738 Sequuntur
504 2710 653 2740 complura
684 2717 724 2734 vv.
751 2708 842 2739 (delle
862 2716 932 2734 cose
959 2707 1039 2734 della
1065 2708 1133 2733 fede
1164 2716 1247 2734 come
1272 2709 1298 2734 si
1318 2709 1447 2734 trouano
1468 2708 1517 2733 nei
1542 2707 1673 2740 1ibri??),
1699 2717 1771 2740 quae
1792 2713 1895 2741 postea

130 2746 296 2771 oblitterata
317 2752 393 2772 sunt.
484 2748 515 2779 b)
537 2751 601 2774 Duo
622 2759 663 2775 vv.
684 2759 742 2782 sqq.
763 2759 856 2782 snpra
879 2758 993 2775 versum
1012 2751 1123 2782 scripta
1143 2754 1218 2775 sunt.
1312 2751 1338 2781 c)
1359 2752 1419 2775 Hoc
1446 2758 1479 2781 ι·.,
1500 2751 1558 2775 nisi
1576 2751 1678 2781 fallor,
1698 2751 1833 2782 suppleri
1852 2752 1895 2776 ve?

124 2794 210 2817 posse
233 2789 274 2812 vel
294 2789 380 2813 etiam
401 2790 503 2815 dehere
523 2792 671 2822 colligsitzcr
690 2800 726 2816 ex
747 2793 842 2816 verbis
860 2793 1053 2823 sequentibus.

251 2883 260 2902 ¹
288 2884 345 2917 Fr.
371 2885 539 2918 Ioannem
558 2885 687 2919 Vicum
714 2886 811 2920 dicit.
958 2886 970 2906 ²
996 2886 1087 2920 Vide
1114 2898 1222 2931 supra
1247 2898 1280 2931 p.
1301 2886 1346 2920 60
1373 2886 1417 2920 62
1446 2886 1523 2920 137.

249 2937 261 2955 ³
287 2936 496 2971 Theodorici
523 2939 668 2972 Canisii.

248 2992 259 3008 ⁴
288 2989 453 3024 Canisius
489 2991 520 3024 ei
554 2995 799 3036 praeceperat,
835 2995 875 3026 ut
912 2993 963 3035 (in
995 2992 1186 3026 refectorio
1213 3005 1331 3026 coram
1359 2993 1557 3037 sodalibus)
1595 3005 1634 3027 se
1668 2993 1890 3036 flagellaret;

129 3054 162 3077 v.
189 3054 298 3087 supra
324 3055 356 3088 p.
379 3044 455 3078 137.

248 3097 261 3116 ⁵
287 3096 342 3130 Ex
368 3096 492 3131 horum
520 3108 666 3131 numero
693 3100 771 3131 erat
796 3098 835 3132 P.
863 3099 1020 3133 Thomas
1047 3099 1192 3141 Gallus;
1220 3112 1254 3133 v.
1281 3111 1390 3144 supra
1415 3111 1448 3144 p.
1471 3100 1549 3134 140.
