2044 3335
690 121 856 164 Augusta
880 120 988 154 Vind.
1014 119 1070 153 27.
1094 119 1188 162 Aug.
1209 118 1312 153 1567.
1837 121 1891 161 29

118 242 162 284 in
184 241 423 294 Theologia
445 239 764 294 suscipiendum
789 238 1094 281 examinentur
1120 240 1165 280 et
1187 236 1490 279 admittantur.
1529 235 1722 278 Petimus
1743 235 1890 289 igitur,

119 309 167 349 ut
197 307 310 348 hanc
341 304 626 360 promouendi
658 303 915 346 facultatem
951 304 997 347 P.
1031 303 1125 345 Tua
1157 301 1282 343 nobis
1315 303 1360 343 et
1391 300 1477 342 illis
1511 300 1733 343 concedat.

236 369 597 412 Commendamus
640 383 720 410 nos
762 367 1121 420 Prouinciamque
1160 368 1357 409 nostram
1400 365 1571 407 diuinae
1612 364 1783 418 gratiae
1815 379 1893 419 per

119 435 334 478 sacrificia
367 437 412 478 et
444 448 594 488 preces
627 433 674 476 P.
707 433 827 475 Tuae
861 436 905 476 et
937 432 1073 476 totius
1106 430 1332 474 societatis
1364 430 1408 472 in
1439 430 1610 472 Christo
1641 430 1783 472 JESV
1817 430 1892 472 do-

117 501 232 542 mino
256 503 420 551 nostro,
445 499 517 553 qui
539 512 661 540 suam
684 498 808 540 nobis
830 497 1021 551 gratiam
1043 498 1207 551 augeat
1228 509 1413 550 semper.
1456 495 1685 547 Augustae
1717 496 1785 537 27.
1803 494 1892 536 Au—

118 565 236 619 gusti
272 566 399 608 1567·
1004 597 1167 639 Seruus
1199 596 1243 638 in
1276 595 1447 638 Christo
1480 595 1526 638 P.
1561 594 1770 638 Canisius.

235 700 263 752 †
296 699 540 741 Admodum
562 698 820 740 Reuerendo
841 697 885 739 in
908 697 1078 740 Christo
1102 695 1225 738 Patri
1246 694 1478 737 Francisco
1501 708 1527 736 a
1548 694 1723 747 Borgia‚
1758 694 1891 736 Prae-

118 763 259 819 posito
293 764 496 806 Generali
530 763 763 806 Societatis
795 763 950 805 JESV.
1081 762 1259 803 Romae.

238 863 276 896 In
303 861 372 896 hac
396 861 551 906 epistula
578 862 734 895 maxime
760 863 888 895 notatu
907 861 1016 903 digna
1034 862 1129 901 sunt,
1157 871 1249 904 quae
1276 860 1319 893 de
1346 859 1489 903 collegii
1516 858 1690 901 dilingani
1717 856 1891 891 fratribus

117 915 344 960 quibusdam,
370 915 491 950 tristia
509 927 606 956 sane,
625 915 868 960 proferuntur.
908 913 1006 956 Quae
1033 925 1102 957 quo
1129 913 1258 947 melius
1284 913 1554 955 intellegantur,
1581 911 1703 955 aliqua
1728 922 1819 955 pono
1847 922 1892 944 ex

118 969 230 1003 variis
246 969 381 1003 litteris
398 968 593 1011 dilinganis
612 968 718 1002 huius
738 968 910 1013 temporis
929 967 1126 1012 exscripta.
1157 968 1211 1000 Ac
1229 966 1384 1011 primum
1404 965 1548 1009 quidem
1568 965 1610 998 de
1629 964 1686 998 Fr.
1706 963 1892 997 Matthaeo

118 1022 294 1057 Michonis
322 1022 360 1057 P.
392 1024 568 1066 Georyius
593 1023 716 1056 Bader
742 1021 886 1064 collegii
912 1020 1078 1055 minister
1104 1019 1252 1063 Dilinga
1275 1019 1329 1053 12.
1350 1019 1442 1053 lunii
1464 1019 1552 1053 1567
1572 1018 1727 1061 Borgiae
1753 1018 1891 1051 *rettu-

118 1076 230 1110 lerat:
270 1076 359 1109 Eum
396 1078 480 1110 ante
519 1087 585 1109 sex
618 1076 694 1109 fere
732 1086 876 1109 menses
911 1073 1132 1117 Ingolstadio
1168 1073 1351 1116 Dilingam
1386 1072 1543 1106 venisse.
1607 1070 1892 1115 „Reprehensus‚

118 1129 271 1174 superbe
306 1131 342 1163 et
377 1131 590 1173 arroganter
623 1129 833 1174 respondet,
870 1140 936 1162 nec
971 1127 1199 1172 Superiorem
1234 1126 1331 1170 loqui
1363 1126 1559 1171 permittit:
1596 1125 1691 1168 quod
1726 1123 1892 1167 equidem

118 1182 307 1227 sepissime
342 1193 422 1217 sum
457 1185 630 1227 expertus
665 1183 701 1216 in
736 1182 901 1216 absentia
937 1181 976 1215 P.
1005 1180 1202 1215 Rectoris1.
1239 1182 1275 1213 et
1303 1179 1350 1223 [P]
1377 1179 1590 1224 praesertim
1624 1177 1737 1212 semel
1772 1188 1892 1211 coram

118 1235 157 1270 P.
178 1235 395 1270 Prouinciali
421 1238 458 1270 et
483 1235 566 1282 alijs
592 1236 758 1280 patribus
785 1247 866 1270 cum
885 1234 1201 1269 immodestissime
1221 1233 1397 1273 effutiret3
1425 1232 1506 1266 nolo
1532 1232 1656 1266 audire
1681 1233 1736 1265 tot
1760 1230 1890 1269 uerba;

118 1289 176 1323 dic
200 1301 271 1323 vno
298 1289 408 1324 uerbo
434 1289 519 1334 quid
547 1289 639 1323 uelis
658 1317 665 1323 .
685 1292 753 1323 etc.
782 1316 789 1323 .
811 1317 817 1324 .
838 1316 845 1323 .
879 1288 932 1323 De
960 1287 1054 1322 uotis
1081 1291 1226 1321 nostrae
1254 1286 1445 1321 Societatis
1480 1286 1587 1320 etiam
1624 1284 1717 1318 male
1743 1283 1855 1317 sentit
1867 1284 1890 1317 ².

118 1345 224 1387 putat
257 1343 351 1377 enim
383 1354 425 1377 ea
450 1343 629 1377 neminem
657 1342 837 1385 obligare3
874 1342 982 1386 idque
1009 1343 1200 1386 propterea
1234 1340 1327 1384 quod
1354 1340 1564 1384 Superiores
1589 1338 1747 1372 habeant
1771 1337 1891 1371 nescio

118 1407 226 1439 quam
251 1395 488 1430 intentionem
517 1397 573 1439 (ut
599 1396 664 1440 ait)
695 1396 836 1440 quando
863 1395 944 1439 quis
971 1395 1015 1428 ad
1042 1396 1127 1428 uota
1145 1393 1369 1428 admittitur“
1395 1394 1457 1436 (ex
1475 1394 1636 1435 autogr.;
1664 1391 1706 1426 G.
1726 1390 1790 1435 Ep.
1806 1390 1891 1424 VIlI

118 1450 143 1483 f.
164 1450 275 1493 131³).
310 1449 359 1484 De
386 1450 510 1484 eodem
529 1449 716 1484 Matthaeo
742 1461 784 1483 ac
811 1449 853 1483 de
872 1449 929 1483 Fr.
945 1448 1088 1482 Simone
1106 1446 1274 1481 Damerio
1301 1447 1378 1491 ipse
1405 1447 1443 1480 P.
1465 1447 1704 1479 Theodoricus
1725 1446 1893 1478 Canisius

117 1506 237 1538 rector
255 1503 460 1547 dilinganus
478 1503 624 1547 Dilinga
645 1504 674 1538 1.
691 1503 913 1547 Septembris
934 1503 1023 1536 1567
1040 1501 1194 1545 Borgiae
1213 1502 1230 1520 *
1242 1501 1407 1545 scripsit:
1431 1500 1555 1542 „Jnter
1569 1499 1658 1532 alios
1673 1498 1721 1532 M.
1737 1497 1892 1532 Simonis

116 1556 315 1592 familiares
341 1557 479 1602 primus
504 1568 647 1602 semper
672 1557 773 1591 visus
800 1558 857 1591 est
874 1555 1043 1590 Matheus
1063 1555 1231 1595 Polonus,
1259 1555 1319 1598 qui
1338 1553 1446 1588 nullis
1464 1552 1609 1586 monitis
1628 1552 1686 1586 vel
1705 1551 1827 1596 poenis
1845 1551 1889 1585 ab

117 1610 267 1645 alterius
293 1611 553 1645 consuetudine
580 1610 688 1645 auelli
714 1610 842 1655 potuit.
864 1638 870 1645 .
891 1637 899 1645 .
920 1637 927 1644 .
963 1609 1098 1643 Missus
1124 1620 1229 1653 porro
1255 1608 1338 1641 hinc
1365 1609 1420 1641 est
1444 1606 1613 1640 Matheus
1631 1606 1781 1639 Romam
1807 1606 1891 1638 ante

117 1663 311 1705 octiduum,
338 1676 419 1698 cum
437 1665 554 1699 tribus
573 1664 873 1703 adolescentibus,
893 1663 954 1707 qui
973 1663 1018 1697 ad
1037 1662 1235 1705 Collegium
1256 1661 1501 1704 germanicum
1521 1671 1541 1693 a
1559 1662 1661 1704 patre
1679 1658 1890 1704 prouinciali

116 1718 342 1752 mittuntur⁸.
393 1718 470 1752 Hoc
506 1730 614 1752 vnum
651 1718 791 1760 addam,
828 1717 991 1762 pluribus
1026 1716 1093 1750 hoc
1123 1715 1199 1749 loco
1226 1717 1435 1760 suspectum
1471 1714 1507 1747 in
1533 1713 1602 1747 fide
1628 1724 1667 1746 se
1693 1711 1892 1746 reddidisse

116 1771 303 1805 Matheum
330 1774 476 1817 propter
501 1772 624 1806 modos
651 1771 819 1816 loquendi
846 1770 1024 1805 haeresim
1043 1770 1228 1814 sapientes
1248 1796 1255 1803 .
1272 1796 1302 1803 ..
1330 1768 1450 1802 Pridie
1468 1770 1590 1800 tamen
1608 1777 1717 1810 quam
1743 1777 1764 1799 a
1789 1765 1892 1799 nobis

117 1824 318 1859 discederet
344 1825 522 1868 Matheus,
558 1826 663 1868 signa
689 1825 811 1869 aliqua
839 1824 1082 1868 poenitentiae
1108 1823 1318 1863 declarauit,
1355 1824 1391 1855 et
1425 1821 1507 1855 boni
1542 1819 1651 1854 animi
1677 1821 1892 1862 argumenta

116 1878 291 1913 fratribus
316 1878 521 1923 reliquit...
538 1906 545 1914 .
581 1879 696 1913 Ardet
722 1878 898 1913 desiderio
924 1877 1113 1912 immodico
1139 1876 1387 1922 philosophiae
1414 1873 1642 1909 audiendae.“
1698 1873 1738 1906 In
1765 1872 1891 1905 iisdem

116 1931 248 1966 litteris
274 1933 411 1966 factum
438 1933 527 1967 illud
554 1933 610 1967 Fr.
631 1933 788 1967 Eduardi
807 1932 928 1966 Thorn
954 1931 1051 1975 angli
1080 1931 1132 1965 sic
1159 1932 1347 1964 narratur:
1378 1928 1476 1971 „Non
1503 1928 1593 1962 latet
1618 1927 1657 1961 P.
1677 1926 1716 1960 T.
1737 1926 1820 1970 quid
1849 1926 1891 1959 de

117 1985 166 2020 M.
181 1984 324 2020 Simone
338 1985 525 2020 Leodiensi
543 1989 628 2020 ante
645 1998 780 2031 paucos
798 1997 942 2020 menses
961 1988 1084 2030 patres
1098 1984 1205 2018 huius
1220 1982 1371 2028 Collegij
1386 1982 1608 2027 scripserint,
1627 1991 1734 2024 quam
1753 1979 1892 2013 scilicet

116 2038 177 2073 ille
203 2039 396 2083 inquietus,
423 2040 583 2074 difficilis
602 2043 669 2075 etc.
688 2040 810 2080 fuerit,
837 2051 945 2084 quam
973 2038 1082 2072 etiam
1108 2038 1204 2072 circa
1230 2037 1338 2071 fidem
1364 2039 1566 2080 suspectus.
1605 2034 1693 2068 Post
1719 2033 1795 2067 eius
1822 2033 1890 2066 dis-

118 2103 259 2127 cessum
284 2093 406 2128 nescio
433 2105 525 2138 quae
550 2095 751 2128 animorum
777 2093 1003 2138 quorundam
1021 2091 1244 2137 perturbatio
1262 2090 1413 2125 subinde
1431 2089 1525 2122 domi
1543 2090 1668 2122 notata
1685 2087 1743 2128 sit,
1770 2097 1891 2120 eorum

119 2147 331 2191 praesertim
346 2147 404 2192 qui
420 2148 468 2182 M.
484 2147 619 2182 Simoni
633 2147 886 2181 familiariores
902 2146 969 2180 visi
985 2147 1099 2180 erant.
1120 2145 1325 2189 Coeperunt
1342 2143 1378 2177 hi
1393 2142 1622 2187 quaestiones
1636 2151 1892 2184 nonnunquam

118 2201 154 2234 111
172 2203 352 2235 conuentu
370 2202 523 2235 fratrum
541 2213 687 2236 mouere
705 2201 748 2235 de
774 2201 881 2238 rebus
907 2201 952 2234 ad
979 2199 1087 2233 fidem
1113 2197 1387 2244 pertinentibus,
1414 2199 1450 2231 et
1476 2207 1603 2242 parum
1629 2193 1822 2229 honorifice
1849 2193 1891 2227 de

118 2253 171 2288 013
196 2254 305 2298 loqui,
341 2258 444 2289 caute
479 2258 600 2289 tamen
632 2258 674 2289 vt
699 2258 823 2300 aperte
849 2254 967 2288 notari
1001 2265 1071 2287 non
1107 2255 1264 2298 possent.
1315 2251 1486 2291 Tandem,
1521 2250 1598 2294 ipso
1625 2246 1892 2292 Assumptionis

118 2307 294 2353 Deiparae
329 2309 422 2343 festo
458 2309 621 2354 proxime
657 2308 812 2353 elapso&
847 2310 993 2353 propter
1020 2308 1228 2351 frequentes
1255 2308 1528 2350 praeceptorum
1555 2304 1591 2336 in
1617 2301 1751 2336 scholis
1777 2303 1890 2334 muta-

118 2361 234 2396 tiones
260 2362 380 2396 visum
406 2364 462 2396 est
486 2374 556 2397 non
583 2362 647 2397 abs
674 2374 712 2396 re
738 2362 823 2402 fore,
860 2362 892 2396 si
918 2361 1103 2406 plaerique
1131 2360 1239 2394 etiam
1267 2359 1328 2403 qui
1362 2359 1397 2392 in
1425 2357 1585 2400 Collegio
1612 2356 1773 2398 agerent,
1808 2353 1892 2387 fidei

118 2415 377 2460 professionem
404 2416 508 2450 iuxta
534 2416 677 2450 Bullam
705 2416 753 2461 pij
774 2416 855 2449 .IIII
881 2415 1023 2460 publice
1050 2414 1087 2448 in
1112 2416 1237 2448 nostro
1263 2412 1396 2447 sacello
1423 2411 1597 2445 facerent.
1637 2409 1893 2444 Conuenerunt

118 2469 154 2502 in
180 2469 354 2504 sacellum
380 2481 514 2512 omnes,
541 2470 636 2504 lecta
663 2473 719 2503 est
738 2469 841 2503 Bulla
860 2471 897 2503 et
914 2468 1114 2502 Doctores⁵
1141 2467 1246 2512 primi
1272 2467 1308 2500 in
1335 2477 1413 2500 eam
1441 2466 1614 2505 iurarunt,
1640 2462 1768 2496 deinde
1792 2473 1892 2507 prae-

119 2525 294 2567 ceptores.
345 2523 504 2558 Ventum
531 2526 587 2558 est
612 2523 657 2557 ad
685 2523 893 2557 Eduardum
921 2522 1080 2565 Anglum
1107 2521 1169 2565 qui
1195 2523 1279 2554 ante
1306 2520 1489 2554 biennium
1516 2517 1597 2562 plus
1622 2516 1741 2550 minus
1767 2516 1803 2549 in
1832 2515 1891 2549 So-

121 2576 289 2611 cietatem
323 2578 360 2611 in
393 2577 462 2612 1130
496 2577 682 2622 prouincia
707 2579 875 2621 receptus
901 2576 1037 2617 fuerat,
1074 2577 1110 2609 et
1144 2586 1276 2609 annum
1305 2572 1525 2618 probationis
1552 2569 1733 2615 Monachij
1760 2580 1893 2613 magna

121 2641 203 2665 cum
229 2631 481 2666 satisfactione
507 2631 740 2676 expleuerat3
774 2630 951 2674 reliquum
979 2641 1064 2663 vero
1091 2630 1234 2673 tempus
1261 2627 1391 2672 partim
1420 2624 1639 2670 Jngolstadij
1667 2624 1799 2669 partim
1826 2623 1893 2657 hoc

119 2684 196 2719 1000
222 2684 425 2719 Rhetoricis
452 2685 583 2730 studijs
612 2684 845 2729 impenderat,
881 2685 985 2717 tanta
1012 2683 1143 2726 quiete,
1177 2680 1382 2715 humilitate
1418 2681 1455 2713 et
1480 2678 1685 2713 obedientia
1711 2677 1892 2717 exteriori,

241 2806 253 2825 ¹
280 2804 320 2839 P.
346 2804 590 2838 Theodoricus
629 2803 796 2838 Canisius
835 2803 998 2836 infirmae
1036 2801 1257 2835 valetudinis
1296 2810 1406 2834 causa
1444 2798 1667 2843 aliquamdiu
1705 2797 1893 2840 Augustae

121 2860 280 2893 moratus
306 2860 385 2892 erat
412 2858 518 2901 (Can.
546 2858 578 2892 V
603 2856 823 2899 474—475).

241 2912 254 2932 ²
281 2911 473 2947 Societatis
510 2914 596 2946 vota
633 2910 813 2956 simplicia
847 2910 926 2944 sive
965 2910 1072 2951 „vota
1107 2907 1428 2942 scholasticorum“
1469 2905 1669 2950 significari
1703 2905 1891 2944 videntum

123 2965 167 3000 cf.
198 2966 284 3000 Can.
312 2965 344 2999 ΙΙ
371 2976 474 3000 XXVI.

241 3020 255 3039 ³
280 3018 333 3053 De
358 3018 415 3053 his
442 3031 475 3053 v.
502 3018 597 3053 infra
622 3030 656 3063 p.
683 3018 739 3053 32.
885 3019 898 3037 ⁴
927 3017 981 3051 15.
1008 3015 1178 3058 Augusti.

240 3073 254 3092 ⁶
280 3072 453 3106 Doctores
478 3071 702 3116 theologiae;
731 3071 791 3115 qui
818 3071 921 3105 erant
947 3070 1018 3103 PP.
1033 3068 1278 3103 Theodoricus
1297 3067 1475 3108 Canisius,
1500 3066 1710 3111 Alphonsus
1728 3065 1893 3104 Pisanus,

121 3124 278 3160 Thomas
305 3125 444 3160 Gallus.
