2044 3335
161 97 244 138 356
315 95 415 129 1681.
443 93 612 128 Nicolaus
638 94 818 128 Sanderus
845 94 930 128 Can.
977 93 1077 128 1682.
1103 94 1237 129 Theod.
1256 94 1342 130 Can.
1369 94 1491 128 Ioanni
1518 94 1560 128 de
1587 93 1758 128 Polanco.

160 208 306 245 1681.
405 206 746 243 NICOLAUS
775 207 1136 245 SANDERUS
1169 209 1372 254 theologiae
1397 210 1433 243 in
1458 209 1696 243 universitate
1722 208 1921 243 lovaniensi

348 262 530 307 professor
556 261 756 296 CANISIO.
1253 262 1412 297 Lovanio
1439 274 1484 296 m.
1504 264 1670 305 Augusto
1692 262 1741 305 (9)
1773 262 1872 296 1569.

277 334 336 366 Er
362 332 511 375 epistula
539 332 689 374 Dilinya
715 333 810 365 circa
838 334 894 365 21.
914 333 1070 375 Auqusti
1097 335 1188 366 1569
1213 343 1235 365 a
1258 333 1474 366 Theoderico
1496 333 1641 365 Ccmisio
1666 334 1807 365 nomine
1824 332 1922 365 Petri

155 387 288 429 fratris
323 386 369 418 ad
404 385 597 417 Polancum
632 385 814 418 Societatis
846 386 1075 418 secretarium
1112 386 1196 418 data
1233 387 1357 428 (infra
1392 397 1425 419 n.
1448 386 1557 425 1652)
1593 385 1782 428 colli-uitur,
1818 386 1920 418 Petro

160 439 304 472 Caw'sz'o
330 450 350 470 α
379 438 527 471 Nicolao
555 438 718 471 Sandero
746 439 938 481 (Scmders,
968 438 1172 479 Saunders)
1198 439 1333 482 insiym'
1359 439 1419 472 illo
1445 439 1598 481 theologo
1625 438 1740 482 amylo,
1767 439 1921 471 Lovam'i

157 494 305 535 degente,
341 492 403 534 qui
428 502 460 524 (ι.
482 493 574 524 1566
599 492 635 523 in
664 493 815 524 comitiis
840 493 1050 534 auyzcstamts
1080 502 1157 524 cum
1192 493 1269 534 ipso
1303 493 1350 525 ad
1376 492 1595 525 cardinalem
1625 492 1919 525 Commendonum

156 545 401 578 adiuvandum
428 555 568 586 operam
589 545 825 578 coniunxerat
844 545 1082 585 (Can.1'238
1109 546 1327 587 584—589),
1355 546 1631 578 commendatum
1657 555 1725 578 esse
1752 545 1921 578 Ioannem

160 599 357 631 Gibbonum
383 599 538 630 iuvenem
565 598 720 640 amylum.
771 598 886 631 Plura
912 598 989 630 ride
1016 599 1129 640 infra,
1159 609 1209 641 ep.
1236 610 1270 631 n.
1292 600 1393 631 1682.

155 723 310 760 1682.
409 725 449 759 P.
476 723 815 759 THEODORIGUS
852 723 1070 758 CANISIUS
1110 723 1144 757 S.
1168 723 1201 758 J.
1238 726 1355 758 rector
1389 723 1529 767 collegii
1570 723 1743 767 dilingani
1778 723 1920 757 nornine

344 778 443 812 Petri
463 777 595 812 Canisii
622 777 746 812 fratris
773 776 834 812 P.
855 775 1100 812 IOANNI
1127 775 1218 811 DE
1246 775 1563 812 POLANCO
1591 776 1785 811 secretario
1804 777 1919 812 Socie-

344 831 431 865 tatis
458 831 550 865 Iesu.
1218 830 1363 874 Dilinga
1391 831 1485 864 circa
1512 831 1568 865 21.
1586 829 1743 873 Augusti
1770 830 1871 864 1569.

275 901 329 936 Ex
354 901 577 946 autographo
607 901 678 944 (203
719 901 758 943 ¹s8
786 913 838 945 p.;
876 901 910 934 in
938 913 970 945 p.
991 901 1022 935 2.
1050 901 1245 946 inscriptio,
1282 912 1373 945 quae
1400 901 1470 935 alia
1497 912 1605 935 manu
1640 900 1757 945 posita
1784 902 1849 941 est,
1885 901 1921 933 et

155 967 238 1000 pars
265 955 362 999 sig.).
415 954 456 989 G.
484 954 548 999 Ep.
567 954 599 988 X
625 954 650 988 f.
673 954 750 988 148.

274 1027 443 1059 Ioannem.
475 1025 673 1058 Gibbomcm
701 1026 856 1058 invenem
882 1026 1025 1068 amylum
1054 1026 1280 1059 commendat.

272 1097 516 1138 Admodum
563 1097 816 1138 Reuerende
860 1099 1008 1151 pater,
1054 1096 1218 1138 Jncidit
1261 1097 1305 1138 in
1349 1097 1576 1139 aduersam
1623 1095 1918 1138 valetudinem

154 1162 280 1204 hodie
303 1162 353 1205 R.
378 1177 417 1216 p.
442 1161 651 1212 Canisius‚
687 1176 815 1214 quam
847 1165 994 1204 tamen
1021 1175 1160 1215 neque
1192 1162 1478 1216 periculosam
1502 1175 1640 1215 neque
1672 1161 1917 1203 diuturnam

153 1227 248 1269 fore
270 1241 517 1281 speramus;
553 1227 763 1281 Cupiebat
785 1230 931 1270 autem
964 1227 1257 1281 praesentium
1290 1227 1487 1277 latorem,
1522 1230 1702 1280 rogatus
1725 1226 1778 1268 ab
1812 1225 1918 1267 ami-

154 1292 215 1334 cis
260 1292 434 1345 Anglis‚
482 1292 770 1334 Reuerentiae
815 1293 864 1336 T.
910 1293 1212 1334 commendare
1228 1294 1254 1343 1,
1301 1293 1414 1345 quod
1458 1306 1555 1333 cum
1597 1292 1689 1346 ipse
1733 1290 1919 1346 proprijs

151 1358 290 1400 literis
330 1357 415 1399 iam
457 1371 541 1399 non
583 1357 734 1411 possit,
778 1371 858 1410 ego
900 1357 992 1399 eius
1033 1358 1203 1399 nomine
1245 1360 1452 1411 quantum
1494 1371 1670 1411 possum
1707 1358 1752 1398 et
1784 1356 1917 1398 debeo

153 1422 366 1465 Charitati
407 1425 577 1476 patrum
619 1422 732 1465 hunc
765 1422 958 1464 Christi
1000 1424 1230 1465 seruum2
1271 1423 1535 1472 commendo,
1579 1425 1623 1464 et
1660 1420 1917 1475 praesertim

152 1487 441 1530 Reuerentiae
474 1488 522 1531 T.
557 1502 666 1541 quae
698 1488 876 1542 speciali
909 1502 1055 1530 amore
1088 1488 1165 1529 1105
1197 1502 1275 1542 pro
1305 1487 1474 1530 Christo
1508 1488 1657 1529 exules
1691 1485 1918 1541 complecti

154 1553 389 1596 consueuit.
453 1553 563 1595 Vale
596 1553 849 1595 Reuerende
882 1556 1008 1607 pater
1041 1555 1085 1595 et
1116 1567 1194 1607 pro
1226 1553 1349 1595 nobis
1382 1567 1470 1595 ora.

683 1618 732 1661 R.
756 1618 803 1660 Τ.
828 1618 940 1660 filius
972 1619 1015 1660 in
1049 1618 1230 1660 Domino
1262 1618 1395 1660 IESV

1261 1683 1557 1725 Theodoricus
1590 1682 1798 1724 Canisius.

272 1762 299 1811 ἦ·
332 1760 586 1802 Reuerendo
628 1760 670 1802 in
713 1760 882 1803 Christo
922 1761 1041 1815 Patrj
1075 1761 1133 1803 M.
1157 1760 1307 1814 Ioannj
1351 1760 1402 1802 de
1444 1760 1632 1801 Polanco
1673 1757 1918 1801 Secretario

155 1826 354 1868 Generali
388 1826 618 1868 Societatis
651 1826 763 1869 IEsv.
888 1826 1063 1868 Rornae.

274 1906 501 1950 Inscriptioni
526 1906 632 1940 huius
659 1906 834 1951 epistulae
860 1918 968 1940 manu
993 1907 1101 1940 tertia
1125 1917 1237 1950 eaque
1256 1917 1412 1947 romana,
1440 1917 1531 1950 quae
1550 1905 1695 1939 Polanci
1715 1904 1773 1938 vel
1790 1904 1919 1939 saltem

155 1960 312 1994 eiusdem
339 1959 415 1993 fere
441 1960 612 2004 temporis
643 1971 722 1994 esse
749 1960 902 2001 videtur,
938 1960 1148 1994 adnotatum
1175 1961 1247 1993 est:
1288 1959 1399 2001 „1569
1426 1959 1570 2002 Dilinga
1596 1959 1754 1993 Joannes
1780 1957 1920 2001 Anglus

155 2014 197 2047 21
219 2013 408 2056 Augusti“.
443 2013 562 2057 Ipsam
589 2016 709 2047 autem
727 2012 937 2047 Theodorici
957 2012 1090 2047 Canisii
1116 2012 1307 2057 epistulam
1335 2013 1369 2046 in
1397 2012 1520 2046 eadem
1547 2013 1679 2057 pagina
1705 2011 1920 2046 antecedunt

154 2067 297 2101 litterae
332 2065 476 2108 Dilinga
503 2066 558 2100 21.
579 2066 735 2109 Augusti
770 2066 813 2100 ab
853 2067 1010 2108 „Joanne
1045 2066 1182 2109 Anglo“
1224 2065 1301 2100 sive
1336 2066 1496 2100 Rastello
1524 2065 1558 2100 S.
1578 2066 1610 2100 J.
1645 2066 1690 2099 ad
1728 2064 1919 2098 Polancum

155 2120 278 2154 datae:
315 2118 549 2153 Commendat
575 2119 606 2152 ei
636 2120 844 2161 „Ioannem“
875 2119 1051 2160 iuvenem,
1086 2119 1145 2163 qui
1173 2130 1233 2153 035
1258 2119 1356 2163 ipsas
1382 2119 1523 2153 litteras
1549 2119 1618 2164 ipsi
1644 2118 1819 2152 allaturus
1844 2120 1918 2157 est;

155 2173 249 2207 hunc
284 2173 376 2206 enim
417 2172 608 2214 „Dominus
643 2172 788 2216 quidam
813 2172 982 2206 Nicolaus
1008 2173 1169 2215 Anglus,
1206 2172 1328 2206 doctor
1360 2172 1596 2215 Theologiae,
1632 2171 1784 2206 dilectus
1820 2171 1918 2205 Patri

154 2226 327 2260 Turriano
354 2226 389 2259 in
416 2225 572 2259 Concilio
591 2225 809 2267 Tridentino,
837 2228 871 2259 et
897 2225 997 2259 Patri
1025 2225 1167 2259 Canisio
1194 2228 1301 2269 atque
1327 2225 1408 2271 alijs
1434 2226 1470 2259 in
1496 2225 1669 2270 proximis
1695 2225 1919 2268 Augustanis

156 2279 329 2324 Comitijs,
365 2290 434 2322 quo
470 2280 620 2312 uocatus
645 2278 889 2312 Jllustrissimi
927 2279 1179 2312 Commendoni
1215 2279 1329 2313 literis
1364 2282 1513 2313 uenerat
1526 2280 1548 2319 3,
1569 2306 1575 2312 .
1596 2278 1734 2312 ..mihi
1768 2278 1918 2312 seorsim

154 2334 303 2376 triginta
339 2343 428 2377 pene
463 2332 533 2365 iam
566 2331 669 2366 annis
696 2332 803 2365 etiam
831 2331 1084 2366 charissimus“
1115 2332 1220 2366 valde
1247 2332 1427 2373 laudavit3
1464 2332 1541 2377 ipse
1567 2343 1707 2376 quoque
1734 2332 1918 2374 egregium

155 2386 254 2420 illum
280 2386 446 2419 iuvene-m
472 2386 605 2429 optime
631 2386 743 2419 novit.
786 2384 919 2426 Quodsi
945 2385 1033 2419 haec
1061 2397 1141 2419 cum
1159 2385 1305 2419 Polanci
1332 2385 1487 2430 epistula
1514 2385 1569 2420 23.
1588 2384 1809 2429 Septembris
1828 2385 1918 2419 1569

156 2440 199 2473 ad
218 2439 365 2473 Petrum
384 2438 566 2473 Canisium
590 2439 674 2472 data
700 2439 903 2480 contuleris,
930 2439 1001 2472 iam
1029 2438 1192 2472 dubitare
1211 2451 1279 2472 non
1305 2439 1449 2483 poteris,
1477 2439 1561 2482 quin
1581 2438 1746 2472 Canisius
1764 2437 1918 2472 Polanco

156 2492 461 2526 commendaverit
483 2491 651 2525 Ioannem
671 2491 871 2525 Gibbonum
898 2492 977 2526 sive
996 2491 1165 2533 Gibbons,
1193 2492 1287 2526 circa
1313 2504 1345 2526 a.
1367 2493 1457 2526 1544
1482 2503 1591 2536 prope
1609 2490 1748 2525 Wellas
1768 2490 1915 2534 (wells)

156 2546 190 2579 in
221 2545 348 2588 Anglia
373 2547 515 2585 natum3
552 2545 593 2585 is,
629 2556 708 2579 cum
745 2544 965 2588 aliquamdiu
1000 2546 1036 2579 in
1071 2545 1307 2579 universitate
1342 2545 1525 2579 oxoniensi
1552 2544 1684 2578 litteris
1709 2544 1917 2585 studuisset,

157 2598 351 2632 Lovanium
379 2598 488 2637 venit,
524 2598 583 2632 ubi
619 2609 639 2631 a
675 2598 821 2632 Nicolao
848 2598 1005 2632 Sandero
1040 2598 1241 2642 theologiae
1276 2599 1313 2632 in
1348 2598 1584 2632 universitate
1618 2597 1681 2631 illa
1715 2597 1917 2642 professore

156 2650 388 2695 popularique
407 2662 470 2684 suo
488 2650 631 2684 adiutus
650 2653 723 2691 est;
751 2651 877 2685 deinde
896 2663 975 2685 cum
996 2653 1014 2686 7
1034 2663 1145 2685 annos
1164 2652 1298 2685 Romae
1323 2651 1358 2685 in
1385 2650 1534 2694 collegio
1560 2650 1763 2693 germanico
1788 2651 1917 2684 fuisset

157 2706 191 2736 et
210 2697 419 2746 a'Gregorio
438 2703 533 2737 XIII.
561 2704 773 2738 canonicatu
799 2704 970 2738 bonnensi
992 2704 1123 2748 (Bonn)
1152 2705 1350 2738 instructus
1376 2706 1480 2744 esset,
1507 2703 1573 2737 sub
1592 2714 1622 2736 a.
1640 2704 1730 2738 1578
1749 2703 1918 2737 Societati

158 2756 237 2789 Iesu
272 2767 397 2789 nomen
433 2756 548 2796 dedit;
585 2759 709 2800 postea
736 2757 894 2791 Treviris
929 2760 966 2791 et
991 2757 1207 2800 theologiam
1238 2758 1357 2791 docuit
1383 2760 1419 2791 et
1444 2756 1635 2799 collegium
1660 2757 1755 2790 rexit
1783 2758 1917 2800 (Folegh

157 2807 313 2842 Records
340 2808 388 2841 IV
407 2808 605 2843 480-—484.
647 2812 773 2843 Gillow
800 2810 820 2843 l.
842 2822 870 2844 c.
890 2811 923 2844 II
949 2811 1148 2845 437—439.
1184 2811 1396 2844 Steinhuber
1420 2810 1442 2843 1.
1462 2821 1491 2844 c.
1520 2810 1551 2843 12
1569 2809 1745 2852 82—83);
1772 2811 1916 2855 scriptis

158 2872 297 2904 quoque
325 2860 424 2894 libris
451 2861 639 2895 ecclesiam
659 2863 870 2897 catholicam
898 2863 1072 2898 adversus
1092 2863 1310 2907 Anglicanos
1337 2863 1494 2897 defendit
1516 2864 1797 2907 (Sommervoyel,
1826 2863 1914 2897 Bibl.

280 2967 287 2985 ¹
315 2966 479 2999 Ioannem
508 2966 718 3009 Gibbonum‚
745 2980 765 3002 a
792 2969 945 3002 Doctore
970 2968 1117 3003 Nicolao
1136 2969 1293 3003 Sandero
1320 2969 1462 3003 Canisio
1489 2970 1781 3012 commendatum,
1808 2971 1916 3014 signi-

159 3019 261 3059 ficat;
289 3018 331 3051 de
358 3030 425 3061 quo
452 3019 554 3063 plura
580 3020 645 3053 sub
672 3020 769 3064 ipsas
794 3021 860 3054 has
886 3022 1026 3056 litteras
1053 3022 1225 3057 dicentur.

277 3072 290 3091 ‘·’
317 3071 384 3105 Gal
414 3072 441 3112 1,
472 3072 523 3105 10.
575 3072 633 3106 Iac
662 3075 690 3109 1,
721 3074 749 3107 1.
801 3074 863 3107 Iud
894 3075 907 3108 1
939 3078 1005 3109 etc.
1153 3076 1165 3094 3
1196 3074 1327 3108 ΘαηῩ
1355 3075 1421 3109 238
1449 3076 1516 3109 576
1543 3076 1739 3111 584-589.
