<?xml version="1.0" encoding="UTF-8"?>
<!DOCTYPE html PUBLIC "-//W3C//DTD XHTML 1.0 Transitional//EN"
    "http://www.w3.org/TR/xhtml1/DTD/xhtml1-transitional.dtd">
<html xmlns="http://www.w3.org/1999/xhtml" xml:lang="en" lang="en">
 <head>
  <title>
</title>
<meta http-equiv="Content-Type" content="text/html;charset=utf-8" />
  <meta name='ocr-system' content='tesseract 3.04.00' />
  <meta name='ocr-capabilities' content='ocr_page ocr_carea ocr_par ocr_line ocrx_word'/>
</head>
<body>
  <div class='ocr_page' id='page_1' title='image "beatipetricanisi06cani_0597.png"; bbox 0 0 2044 3335; ppageno 0'>
   <div class='ocr_carea' id='block_1_1' title="bbox 385 118 1875 164">
    <p class='ocr_par' dir='ltr' id='par_1_1' title="bbox 385 118 1875 164">
     <span class='ocr_line' id='line_1_1' title="bbox 385 118 1875 164; baseline -0.001 -11"><span class='ocrx_word' id='word_1_1' title='bbox 385 119 480 154; x_wconf 90' lang='lat' dir='ltr'>Mon.</span> <span class='ocrx_word' id='word_1_2' title='bbox 508 119 574 154; x_wconf 85' lang='lat'>921</span> <span class='ocrx_word' id='word_1_3' title='bbox 604 119 682 154; x_wconf 88' lang='lat' dir='ltr'>sive</span> <span class='ocrx_word' id='word_1_4' title='bbox 708 131 790 164; x_wconf 87' lang='lat' dir='ltr'>aug.</span> <span class='ocrx_word' id='word_1_5' title='bbox 811 119 848 164; x_wconf 89' lang='lat' dir='ltr'>(b</span> <span class='ocrx_word' id='word_1_6' title='bbox 860 120 911 163; x_wconf 84' lang='lat'>3).</span> <span class='ocrx_word' id='word_1_7' title='bbox 955 120 985 154; x_wconf 91' lang='lat' dir='ltr'>A</span> <span class='ocrx_word' id='word_1_8' title='bbox 1012 119 1067 155; x_wconf 82' lang='lat'>20.</span> <span class='ocrx_word' id='word_1_9' title='bbox 1086 118 1189 153; x_wconf 85' lang='lat' dir='ltr'>Febr.</span> <span class='ocrx_word' id='word_1_10' title='bbox 1215 119 1260 153; x_wconf 88' lang='lat' dir='ltr'>ad</span> <span class='ocrx_word' id='word_1_11' title='bbox 1288 119 1343 153; x_wconf 82' lang='lat'>17.</span> <span class='ocrx_word' id='word_1_12' title='bbox 1362 119 1448 164; x_wconf 88' lang='lat' dir='ltr'>Apr.</span> <span class='ocrx_word' id='word_1_13' title='bbox 1478 118 1580 153; x_wconf 88' lang='lat'><strong>1569.</strong></span> <span class='ocrx_word' id='word_1_14' title='bbox 1790 121 1875 161; x_wconf 79' lang='lat'>523</span> 
     </span>
    </p>
   </div>
   <div class='ocr_carea' id='block_1_2' title="bbox 100 236 1879 1722">
    <p class='ocr_par' dir='ltr' id='par_1_2' title="bbox 100 236 1879 1722">
     <span class='ocr_line' id='line_1_2' title="bbox 106 236 1878 293; baseline -0.001 -14"><span class='ocrx_word' id='word_1_15' title='bbox 106 237 399 289; x_wconf 72' lang='lat' dir='ltr'>ministrabat,</span> <span class='ocrx_word' id='word_1_16' title='bbox 443 239 641 292; x_wconf 69' lang='lat' dir='ltr'>dixisset,</span> <span class='ocrx_word' id='word_1_17' title='bbox 683 239 786 280; x_wconf 78' lang='lat' dir='ltr'>haec</span> <span class='ocrx_word' id='word_1_18' title='bbox 827 252 985 293; x_wconf 76' lang='lat' dir='ltr'>quoque</span> <span class='ocrx_word' id='word_1_19' title='bbox 1029 238 1087 279; x_wconf 83' lang='lat' dir='ltr'>ad</span> <span class='ocrx_word' id='word_1_20' title='bbox 1119 239 1162 280; x_wconf 87' lang='lat' dir='ltr'>S.</span> <span class='ocrx_word' id='word_1_21' title='bbox 1197 237 1478 279; x_wconf 73' lang='lat' dir='ltr'>Franciscum</span> <span class='ocrx_word' id='word_1_22' title='bbox 1510 236 1714 290; x_wconf 67' lang='lat' dir='ltr'>Boryiam</span> <span class='ocrx_word' id='word_1_23' title='bbox 1753 249 1878 290; x_wconf 79' lang='lat' dir='ltr'>prae-</span> 
     </span>
     <span class='ocr_line' id='line_1_3' title="bbox 103 299 1877 357; baseline -0.002 -13"><span class='ocrx_word' id='word_1_24' title='bbox 103 303 285 357; x_wconf 78' lang='lat' dir='ltr'>positum</span> <span class='ocrx_word' id='word_1_25' title='bbox 313 303 552 357; x_wconf 71' lang='lat' dir='ltr'>yeneralem</span> <span class='ocrx_word' id='word_1_26' title='bbox 584 304 768 345; x_wconf 74' lang='lat' dir='ltr'>rettulit:</span> <span class='ocrx_word' id='word_1_27' title='bbox 809 304 987 345; x_wconf 71' lang='lat' dir='ltr'>Praeter</span> <span class='ocrx_word' id='word_1_28' title='bbox 1019 303 1128 344; x_wconf 76' lang='lat' dir='ltr'>hanc</span> <span class='ocrx_word' id='word_1_29' title='bbox 1169 302 1414 344; x_wconf 72' lang='lat' dir='ltr'>cathedram</span> <span class='ocrx_word' id='word_1_30' title='bbox 1457 299 1570 342; x_wconf 92' lang='lat' dir='ltr'>aliae</span> <span class='ocrx_word' id='word_1_31' title='bbox 1602 300 1713 342; x_wconf 83' lang='lat' dir='ltr'>duae</span> <span class='ocrx_word' id='word_1_32' title='bbox 1751 313 1877 353; x_wconf 89' lang='lat' dir='ltr'>prae·</span> 
     </span>
     <span class='ocr_line' id='line_1_4' title="bbox 105 364 1875 421; baseline -0.001 -13"><span class='ocrx_word' id='word_1_33' title='bbox 105 366 256 421; x_wconf 91' lang='lat' dir='ltr'>cipuae</span> <span class='ocrx_word' id='word_1_34' title='bbox 288 366 665 410; x_wconf 75' lang='lat' dir='ltr'>concionatoribus</span> <span class='ocrx_word' id='word_1_35' title='bbox 697 368 858 410; x_wconf 89' lang='lat' dir='ltr'>nostris</span> <span class='ocrx_word' id='word_1_36' title='bbox 891 368 1065 410; x_wconf 88' lang='lat' dir='ltr'>oblatae</span> <span class='ocrx_word' id='word_1_37' title='bbox 1097 369 1212 417; x_wconf 91' lang='lat' dir='ltr'>sunt,</span> <span class='ocrx_word' id='word_1_38' title='bbox 1247 367 1288 409; x_wconf 98' lang='lat' dir='ltr'>S.</span> <span class='ocrx_word' id='word_1_39' title='bbox 1312 365 1505 420; x_wconf 88' lang='lat' dir='ltr'>Mauritij</span> <span class='ocrx_word' id='word_1_40' title='bbox 1540 367 1585 407; x_wconf 88' lang='lat' dir='ltr'>et</span> <span class='ocrx_word' id='word_1_41' title='bbox 1615 365 1657 409; x_wconf 84' lang='lat' dir='ltr'>S.</span> <span class='ocrx_word' id='word_1_42' title='bbox 1682 364 1875 407; x_wconf 82' lang='lat' dir='ltr'>Crucis1:</span> 
     </span>
     <span class='ocr_line' id='line_1_5' title="bbox 105 429 1876 487; baseline -0.001 -14"><span class='ocrx_word' id='word_1_43' title='bbox 105 431 159 474; x_wconf 92' lang='lat' dir='ltr'>de</span> <span class='ocrx_word' id='word_1_44' title='bbox 181 445 362 485; x_wconf 89' lang='lat' dir='ltr'>quarum</span> <span class='ocrx_word' id='word_1_45' title='bbox 383 431 527 487; x_wconf 90' lang='lat' dir='ltr'>priore</span> <span class='ocrx_word' id='word_1_46' title='bbox 549 432 759 487; x_wconf 89' lang='lat' dir='ltr'>scriptum</span> <span class='ocrx_word' id='word_1_47' title='bbox 781 432 910 475; x_wconf 80' lang='lat' dir='ltr'>suita</span> <span class='ocrx_word' id='word_1_48' title='bbox 925 431 1144 487; x_wconf 88' lang='lat' dir='ltr'>primarijs</span> <span class='ocrx_word' id='word_1_49' title='bbox 1167 431 1291 473; x_wconf 92' lang='lat' dir='ltr'>huius</span> <span class='ocrx_word' id='word_1_50' title='bbox 1315 430 1533 474; x_wconf 82' lang='lat' dir='ltr'>ciuitatis2</span> <span class='ocrx_word' id='word_1_51' title='bbox 1555 430 1610 472; x_wconf 89' lang='lat' dir='ltr'>ad</span> <span class='ocrx_word' id='word_1_52' title='bbox 1627 429 1876 472; x_wconf 88' lang='lat' dir='ltr'>Illustrissi-</span> 
     </span>
     <span class='ocr_line' id='line_1_6' title="bbox 105 494 1879 540; baseline -0.001 -2"><span class='ocrx_word' id='word_1_53' title='bbox 105 510 222 538; x_wconf 90' lang='lat' dir='ltr'>mum</span> <span class='ocrx_word' id='word_1_54' title='bbox 254 496 525 539; x_wconf 85' lang='lat' dir='ltr'>Cardinalem</span> <span class='ocrx_word' id='word_1_55' title='bbox 559 498 796 540; x_wconf 89' lang='lat' dir='ltr'>Patronum</span> <span class='ocrx_word' id='word_1_56' title='bbox 829 500 1025 540; x_wconf 89' lang='lat' dir='ltr'>nostrum</span> <span class='ocrx_word' id='word_1_57' title='bbox 1058 499 1102 539; x_wconf 91' lang='lat' dir='ltr'>et</span> <span class='ocrx_word' id='word_1_58' title='bbox 1135 497 1183 539; x_wconf 89' lang='grc' dir='ltr'>Τ.</span> <span class='ocrx_word' id='word_1_59' title='bbox 1217 496 1268 539; x_wconf 84' lang='lat' dir='ltr'>R.</span> <span class='ocrx_word' id='word_1_60' title='bbox 1301 495 1642 538; x_wconf 89' lang='lat' dir='ltr'>Paternitatem:</span> <span class='ocrx_word' id='word_1_61' title='bbox 1682 494 1879 537; x_wconf 87' lang='lat' dir='ltr'>Praefuit</span> 
     </span>
     <span class='ocr_line' id='line_1_7' title="bbox 104 559 1876 616; baseline -0.001 -14"><span class='ocrx_word' id='word_1_62' title='bbox 104 560 167 603; x_wconf 92' lang='lat' dir='ltr'>illi</span> <span class='ocrx_word' id='word_1_63' title='bbox 198 576 276 616; x_wconf 92' lang='lat' dir='ltr'>per</span> <span class='ocrx_word' id='word_1_64' title='bbox 308 562 557 605; x_wconf 91' lang='lat' dir='ltr'>Aduentum</span> <span class='ocrx_word' id='word_1_65' title='bbox 589 562 640 605; x_wconf 87' lang='lat' dir='ltr'>R.</span> <span class='ocrx_word' id='word_1_66' title='bbox 671 562 718 605; x_wconf 92' lang='lat' dir='ltr'>P.</span> <span class='ocrx_word' id='word_1_67' title='bbox 753 562 913 604; x_wconf 88' lang='lat' dir='ltr'>Paulus</span> <span class='ocrx_word' id='word_1_68' title='bbox 945 562 1166 612; x_wconf 89' lang='lat' dir='ltr'>Hoffaeus,</span> <span class='ocrx_word' id='word_1_69' title='bbox 1201 575 1338 615; x_wconf 84' lang='lat' dir='ltr'>nuper</span> <span class='ocrx_word' id='word_1_70' title='bbox 1370 563 1545 603; x_wconf 87' lang='lat' dir='ltr'>creatus</span> <span class='ocrx_word' id='word_1_71' title='bbox 1577 559 1876 610; x_wconf 88' lang='lat' dir='ltr'>Prouincialis,</span> 
     </span>
     <span class='ocr_line' id='line_1_8' title="bbox 103 625 1878 680; baseline -0.001 -12"><span class='ocrx_word' id='word_1_72' title='bbox 103 640 265 680; x_wconf 90' lang='lat' dir='ltr'>magna</span> <span class='ocrx_word' id='word_1_73' title='bbox 305 641 400 669; x_wconf 92' lang='lat' dir='ltr'>cum</span> <span class='ocrx_word' id='word_1_74' title='bbox 443 627 570 669; x_wconf 89' lang='lat' dir='ltr'>laude</span> <span class='ocrx_word' id='word_1_75' title='bbox 611 630 657 670; x_wconf 93' lang='lat' dir='ltr'>et</span> <span class='ocrx_word' id='word_1_76' title='bbox 697 627 886 669; x_wconf 89' lang='lat' dir='ltr'>omnium</span> <span class='ocrx_word' id='word_1_77' title='bbox 927 626 1250 677; x_wconf 76' lang='lat' dir='ltr'>satisfactione,</span> <span class='ocrx_word' id='word_1_78' title='bbox 1294 625 1364 679; x_wconf 91' lang='lat' dir='ltr'>qui</span> <span class='ocrx_word' id='word_1_79' title='bbox 1408 639 1503 667; x_wconf 91' lang='lat' dir='ltr'>cum</span> <span class='ocrx_word' id='word_1_80' title='bbox 1546 625 1599 667; x_wconf 92' lang='lat' dir='ltr'>ob</span> <span class='ocrx_word' id='word_1_81' title='bbox 1641 625 1750 667; x_wconf 87' lang='lat' dir='ltr'>alias</span> <span class='ocrx_word' id='word_1_82' title='bbox 1791 639 1878 667; x_wconf 92' lang='lat' dir='ltr'>non</span> 
     </span>
     <span class='ocr_line' id='line_1_9' title="bbox 103 689 1877 747; baseline -0.001 -15"><span class='ocrx_word' id='word_1_83' title='bbox 103 690 283 733; x_wconf 90' lang='lat' dir='ltr'>minoris</span> <span class='ocrx_word' id='word_1_84' title='bbox 323 692 531 734; x_wconf 86' lang='lat' dir='ltr'>momenti</span> <span class='ocrx_word' id='word_1_85' title='bbox 572 692 899 747; x_wconf 74' lang='lat' dir='ltr'>occupationes,</span> <span class='ocrx_word' id='word_1_86' title='bbox 943 690 1225 734; x_wconf 89' lang='lat' dir='ltr'>concionandi</span> <span class='ocrx_word' id='word_1_87' title='bbox 1265 690 1457 732; x_wconf 91' lang='lat' dir='ltr'>laborem</span> <span class='ocrx_word' id='word_1_88' title='bbox 1500 689 1755 732; x_wconf 88' lang='lat' dir='ltr'>continuare</span> <span class='ocrx_word' id='word_1_89' title='bbox 1791 703 1877 731; x_wconf 91' lang='lat' dir='ltr'>non</span> 
     </span>
     <span class='ocr_line' id='line_1_10' title="bbox 104 754 1875 811; baseline -0.001 -14"><span class='ocrx_word' id='word_1_90' title='bbox 104 759 266 809; x_wconf 88' lang='lat' dir='ltr'>posset,</span> <span class='ocrx_word' id='word_1_91' title='bbox 300 757 511 799; x_wconf 90' lang='lat' dir='ltr'>successit</span> <span class='ocrx_word' id='word_1_92' title='bbox 542 756 585 798; x_wconf 91' lang='lat' dir='ltr'>in</span> <span class='ocrx_word' id='word_1_93' title='bbox 609 757 700 800; x_wconf 90' lang='lat' dir='ltr'>eius</span> <span class='ocrx_word' id='word_1_94' title='bbox 732 758 873 800; x_wconf 93' lang='lat' dir='ltr'>locum</span> <span class='ocrx_word' id='word_1_95' title='bbox 895 771 974 811; x_wconf 91' lang='lat' dir='ltr'>per</span> <span class='ocrx_word' id='word_1_96' title='bbox 997 756 1239 799; x_wconf 74' lang='lat' dir='ltr'>insecutam</span> <span class='ocrx_word' id='word_1_97' title='bbox 1261 754 1459 810; x_wconf 82' lang='lat' dir='ltr'>proxime</span> <span class='ocrx_word' id='word_1_98' title='bbox 1482 754 1875 808; x_wconf 82' lang='lat' dir='ltr'>quadragesimam,</span> 
     </span>
     <span class='ocr_line' id='line_1_11' title="bbox 103 819 1876 876; baseline 0 -14"><span class='ocrx_word' id='word_1_99' title='bbox 103 820 155 864; x_wconf 85' lang='lat' dir='ltr'><strong>R.</strong></span> <span class='ocrx_word' id='word_1_100' title='bbox 180 821 226 864; x_wconf 87' lang='lat' dir='ltr'>P.</span> <span class='ocrx_word' id='word_1_101' title='bbox 252 822 407 864; x_wconf 87' lang='lat' dir='ltr'>Petrus</span> <span class='ocrx_word' id='word_1_102' title='bbox 429 821 638 873; x_wconf 81' lang='lat' dir='ltr'>Canisius‚</span> <span class='ocrx_word' id='word_1_103' title='bbox 674 822 744 876; x_wconf 92' lang='lat' dir='ltr'>qui</span> <span class='ocrx_word' id='word_1_104' title='bbox 777 825 828 865; x_wconf 93' lang='lat' dir='ltr'>ut</span> <span class='ocrx_word' id='word_1_105' title='bbox 850 821 1120 876; x_wconf 89' lang='lat' dir='ltr'>Augustanis</span> <span class='ocrx_word' id='word_1_106' title='bbox 1153 820 1350 863; x_wconf 89' lang='lat' dir='ltr'>omnibus</span> <span class='ocrx_word' id='word_1_107' title='bbox 1383 833 1438 862; x_wconf 87' lang='lat' dir='ltr'>ex</span> <span class='ocrx_word' id='word_1_108' title='bbox 1461 819 1732 874; x_wconf 86' lang='lat' dir='ltr'>superiorum</span> <span class='ocrx_word' id='word_1_109' title='bbox 1765 821 1876 862; x_wconf 87' lang='lat' dir='ltr'>tem-</span> 
     </span>
     <span class='ocr_line' id='line_1_12' title="bbox 103 884 1879 941; baseline -0.001 -13"><span class='ocrx_word' id='word_1_110' title='bbox 103 899 255 940; x_wconf 91' lang='lat' dir='ltr'>porum</span> <span class='ocrx_word' id='word_1_111' title='bbox 288 886 422 941; x_wconf 86' lang='lat' dir='ltr'>uarijs</span> <span class='ocrx_word' id='word_1_112' title='bbox 453 887 673 929; x_wconf 88' lang='lat' dir='ltr'>laboribus</span> <span class='ocrx_word' id='word_1_113' title='bbox 715 887 990 941; x_wconf 88' lang='lat' dir='ltr'>gratissimus</span> <span class='ocrx_word' id='word_1_114' title='bbox 1031 888 1150 937; x_wconf 87' lang='lat' dir='ltr'>erat,</span> <span class='ocrx_word' id='word_1_115' title='bbox 1191 885 1255 928; x_wconf 86' lang='lat' dir='ltr'>ita</span> <span class='ocrx_word' id='word_1_116' title='bbox 1294 899 1456 938; x_wconf 90' lang='lat' dir='ltr'>magna</span> <span class='ocrx_word' id='word_1_117' title='bbox 1494 899 1590 927; x_wconf 91' lang='lat' dir='ltr'>cum</span> <span class='ocrx_word' id='word_1_118' title='bbox 1630 884 1802 927; x_wconf 88' lang='lat' dir='ltr'>laetitia</span> <span class='ocrx_word' id='word_1_119' title='bbox 1834 887 1879 927; x_wconf 90' lang='lat' dir='ltr'>et</span> 
     </span>
     <span class='ocr_line' id='line_1_13' title="bbox 104 949 1878 1006; baseline -0.001 -13"><span class='ocrx_word' id='word_1_120' title='bbox 104 951 249 994; x_wconf 83' lang='lat' dir='ltr'>fructu</span> <span class='ocrx_word' id='word_1_121' title='bbox 289 951 505 1006; x_wconf 79' lang='lat' dir='ltr'>spirituali</span> <span class='ocrx_word' id='word_1_122' title='bbox 547 966 573 994; x_wconf 91' lang='lat' dir='ltr'>a</span> <span class='ocrx_word' id='word_1_123' title='bbox 614 952 762 995; x_wconf 89' lang='lat' dir='ltr'>multis</span> <span class='ocrx_word' id='word_1_124' title='bbox 803 955 870 994; x_wconf 89' lang='lat' dir='ltr'>est</span> <span class='ocrx_word' id='word_1_125' title='bbox 911 952 1097 995; x_wconf 90' lang='lat' dir='ltr'>auditus.</span> <span class='ocrx_word' id='word_1_126' title='bbox 1161 951 1461 1005; x_wconf 87' lang='lat' dir='ltr'>Conceperant</span> <span class='ocrx_word' id='word_1_127' title='bbox 1503 949 1707 992; x_wconf 91' lang='lat' dir='ltr'>catholici</span> <span class='ocrx_word' id='word_1_128' title='bbox 1749 963 1878 1003; x_wconf 88' lang='lat' dir='ltr'>quam</span> 
     </span>
     <span class='ocr_line' id='line_1_14' title="bbox 102 1015 1877 1071; baseline -0.001 -13"><span class='ocrx_word' id='word_1_129' title='bbox 102 1016 339 1059; x_wconf 87' lang='lat' dir='ltr'>maximam</span> <span class='ocrx_word' id='word_1_130' title='bbox 370 1030 493 1071; x_wconf 89' lang='lat' dir='ltr'>spem</span> <span class='ocrx_word' id='word_1_131' title='bbox 524 1016 715 1071; x_wconf 90' lang='lat' dir='ltr'>ingentis</span> <span class='ocrx_word' id='word_1_132' title='bbox 748 1017 983 1069; x_wconf 87' lang='lat' dir='ltr'>cuiusdam,</span> <span class='ocrx_word' id='word_1_133' title='bbox 1017 1017 1061 1059; x_wconf 90' lang='lat' dir='ltr'>in</span> <span class='ocrx_word' id='word_1_134' title='bbox 1094 1016 1309 1059; x_wconf 91' lang='lat' dir='ltr'>communi</span> <span class='ocrx_word' id='word_1_135' title='bbox 1341 1015 1566 1069; x_wconf 82' lang='lat' dir='ltr'>religionis</span> <span class='ocrx_word' id='word_1_136' title='bbox 1598 1028 1743 1065; x_wconf 89' lang='lat' dir='ltr'>causa,</span> <span class='ocrx_word' id='word_1_137' title='bbox 1776 1028 1877 1069; x_wconf 88' lang='lat' dir='ltr'>pro-</span> 
     </span>
     <span class='ocr_line' id='line_1_15' title="bbox 102 1079 1877 1137; baseline -0.001 -15"><span class='ocrx_word' id='word_1_138' title='bbox 102 1080 258 1132; x_wconf 77' lang='lat' dir='ltr'>fectus,</span> <span class='ocrx_word' id='word_1_139' title='bbox 292 1095 388 1123; x_wconf 91' lang='lat' dir='ltr'>cum</span> <span class='ocrx_word' id='word_1_140' title='bbox 421 1081 622 1125; x_wconf 90' lang='lat' dir='ltr'>uiderent</span> <span class='ocrx_word' id='word_1_141' title='bbox 654 1082 886 1125; x_wconf 90' lang='lat' dir='ltr'>Societatis</span> <span class='ocrx_word' id='word_1_142' title='bbox 918 1084 1068 1137; x_wconf 90' lang='lat' dir='ltr'>patres</span> <span class='ocrx_word' id='word_1_143' title='bbox 1101 1081 1284 1124; x_wconf 89' lang='lat' dir='ltr'>diuersis</span> <span class='ocrx_word' id='word_1_144' title='bbox 1325 1080 1566 1136; x_wconf 88' lang='lat' dir='ltr'>ijsdemque</span> <span class='ocrx_word' id='word_1_145' title='bbox 1599 1079 1877 1134; x_wconf 88' lang='lat' dir='ltr'>amplissimis</span> 
     </span>
     <span class='ocr_line' id='line_1_16' title="bbox 100 1144 1876 1201; baseline -0.001 -14"><span class='ocrx_word' id='word_1_146' title='bbox 100 1144 145 1187; x_wconf 91' lang='lat' dir='ltr'>in</span> <span class='ocrx_word' id='word_1_147' title='bbox 176 1145 283 1188; x_wconf 89' lang='lat' dir='ltr'>locis</span> <span class='ocrx_word' id='word_1_148' title='bbox 314 1146 547 1190; x_wconf 85' lang='lat' dir='ltr'>haereticis</span> <span class='ocrx_word' id='word_1_149' title='bbox 589 1147 984 1199; x_wconf 86' lang='lat' dir='ltr'>concionatoribus,</span> <span class='ocrx_word' id='word_1_150' title='bbox 1027 1147 1098 1201; x_wconf 91' lang='lat' dir='ltr'>qui</span> <span class='ocrx_word' id='word_1_151' title='bbox 1140 1146 1377 1190; x_wconf 89' lang='lat' dir='ltr'>catholicos</span> <span class='ocrx_word' id='word_1_152' title='bbox 1419 1146 1487 1188; x_wconf 94' lang='lat' dir='ltr'>hic</span> <span class='ocrx_word' id='word_1_153' title='bbox 1528 1159 1708 1188; x_wconf 91' lang='lat' dir='ltr'>numero</span> <span class='ocrx_word' id='word_1_154' title='bbox 1746 1145 1876 1198; x_wconf 92' lang='lat' dir='ltr'>longe</span> 
     </span>
     <span class='ocr_line' id='line_1_17' title="bbox 102 1209 1874 1267; baseline 0 -15"><span class='ocrx_word' id='word_1_155' title='bbox 102 1212 353 1266; x_wconf 84' lang='lat' dir='ltr'>superant3,</span> <span class='ocrx_word' id='word_1_156' title='bbox 386 1215 595 1266; x_wconf 89' lang='lat' dir='ltr'>tanquam</span> <span class='ocrx_word' id='word_1_157' title='bbox 629 1212 891 1256; x_wconf 85' lang='lat' dir='ltr'>fortissimos</span> <span class='ocrx_word' id='word_1_158' title='bbox 923 1211 1250 1267; x_wconf 86' lang='lat' dir='ltr'>antagonistas,</span> <span class='ocrx_word' id='word_1_159' title='bbox 1291 1225 1369 1267; x_wconf 91' lang='lat' dir='ltr'>per</span> <span class='ocrx_word' id='word_1_160' title='bbox 1403 1210 1598 1265; x_wconf 89' lang='lat' dir='ltr'>singulos</span> <span class='ocrx_word' id='word_1_161' title='bbox 1638 1224 1750 1265; x_wconf 90' lang='lat' dir='ltr'>pene</span> <span class='ocrx_word' id='word_1_162' title='bbox 1783 1209 1874 1252; x_wconf 89' lang='lat' dir='ltr'>dies</span> 
     </span>
     <span class='ocr_line' id='line_1_18' title="bbox 100 1274 1872 1332; baseline -0.001 -14"><span class='ocrx_word' id='word_1_163' title='bbox 100 1275 145 1318; x_wconf 92' lang='lat' dir='ltr'>in</span> <span class='ocrx_word' id='word_1_164' title='bbox 177 1275 269 1319; x_wconf 91' lang='lat' dir='ltr'>acie</span> <span class='ocrx_word' id='word_1_165' title='bbox 301 1280 421 1320; x_wconf 89' lang='lat' dir='ltr'>stare</span> <span class='ocrx_word' id='word_1_166' title='bbox 454 1278 688 1332; x_wconf 89' lang='lat' dir='ltr'>oppositos.</span> <span class='ocrx_word' id='word_1_167' title='bbox 742 1277 896 1332; x_wconf 89' lang='lat' dir='ltr'>Neque</span> <span class='ocrx_word' id='word_1_168' title='bbox 928 1292 1031 1320; x_wconf 92' lang='lat' dir='ltr'>uero</span> <span class='ocrx_word' id='word_1_169' title='bbox 1063 1291 1164 1332; x_wconf 90' lang='lat' dir='ltr'>spes</span> <span class='ocrx_word' id='word_1_170' title='bbox 1196 1291 1248 1320; x_wconf 89' lang='lat' dir='ltr'>ea</span> <span class='ocrx_word' id='word_1_171' title='bbox 1269 1277 1478 1319; x_wconf 91' lang='lat' dir='ltr'>bonorum</span> <span class='ocrx_word' id='word_1_172' title='bbox 1512 1276 1670 1319; x_wconf 87' lang='lat' dir='ltr'>fefellit</span> <span class='ocrx_word' id='word_1_173' title='bbox 1692 1274 1872 1325; x_wconf 86' lang='lat' dir='ltr'>animos,</span> 
     </span>
     <span class='ocr_line' id='line_1_19' title="bbox 100 1340 1876 1397; baseline 0 -14"><span class='ocrx_word' id='word_1_174' title='bbox 100 1340 145 1383; x_wconf 88' lang='lat' dir='ltr'>id</span> <span class='ocrx_word' id='word_1_175' title='bbox 178 1341 291 1395; x_wconf 91' lang='lat' dir='ltr'>quod</span> <span class='ocrx_word' id='word_1_176' title='bbox 323 1342 494 1385; x_wconf 86' lang='lat' dir='ltr'>abunde</span> <span class='ocrx_word' id='word_1_177' title='bbox 525 1344 746 1386; x_wconf 86' lang='lat' dir='ltr'>testantur</span> <span class='ocrx_word' id='word_1_178' title='bbox 778 1343 1095 1386; x_wconf 89' lang='lat' dir='ltr'>haereticorum</span> <span class='ocrx_word' id='word_1_179' title='bbox 1128 1345 1304 1397; x_wconf 89' lang='lat' dir='ltr'>praeter</span> <span class='ocrx_word' id='word_1_180' title='bbox 1335 1342 1510 1385; x_wconf 86' lang='lat' dir='ltr'>solitum</span> <span class='ocrx_word' id='word_1_181' title='bbox 1552 1342 1736 1384; x_wconf 87' lang='lat' dir='ltr'>acerbae</span> <span class='ocrx_word' id='word_1_182' title='bbox 1774 1355 1876 1383; x_wconf 88' lang='lat' dir='ltr'>con-</span> 
     </span>
     <span class='ocr_line' id='line_1_20' title="bbox 102 1405 1875 1463; baseline 0 -15"><span class='ocrx_word' id='word_1_183' title='bbox 102 1405 260 1458; x_wconf 88' lang='lat' dir='ltr'>ciones,</span> <span class='ocrx_word' id='word_1_184' title='bbox 301 1407 454 1461; x_wconf 92' lang='lat' dir='ltr'>quibus</span> <span class='ocrx_word' id='word_1_185' title='bbox 494 1407 557 1450; x_wconf 92' lang='lat' dir='ltr'>illi</span> <span class='ocrx_word' id='word_1_186' title='bbox 597 1408 802 1463; x_wconf 90' lang='lat' dir='ltr'>populum</span> <span class='ocrx_word' id='word_1_187' title='bbox 836 1408 1200 1459; x_wconf 85' lang='lat' dir='ltr'>dehortabantur,</span> <span class='ocrx_word' id='word_1_188' title='bbox 1245 1407 1394 1450; x_wconf 87' lang='lat' dir='ltr'>audire</span> <span class='ocrx_word' id='word_1_189' title='bbox 1436 1421 1509 1450; x_wconf 89' lang='lat' dir='ltr'>eos</span> <span class='ocrx_word' id='word_1_190' title='bbox 1543 1407 1759 1458; x_wconf 89' lang='lat' dir='ltr'>homines,</span> <span class='ocrx_word' id='word_1_191' title='bbox 1803 1405 1875 1460; x_wconf 92' lang='lat' dir='ltr'>qui</span> 
     </span>
     <span class='ocr_line' id='line_1_21' title="bbox 101 1471 1874 1528; baseline 0 -15"><span class='ocrx_word' id='word_1_192' title='bbox 101 1471 317 1515; x_wconf 83' lang='lat' dir='ltr'>fascinare</span> <span class='ocrx_word' id='word_1_193' title='bbox 348 1473 541 1516; x_wconf 89' lang='lat' dir='ltr'>solerent</span> <span class='ocrx_word' id='word_1_194' title='bbox 572 1473 767 1516; x_wconf 89' lang='lat' dir='ltr'>homines</span> <span class='ocrx_word' id='word_1_195' title='bbox 799 1473 889 1516; x_wconf 87' lang='lat' dir='ltr'>suis</span> <span class='ocrx_word' id='word_1_196' title='bbox 922 1474 1062 1518; x_wconf 90' lang='lat' dir='ltr'>dictis.</span> <span class='ocrx_word' id='word_1_197' title='bbox 1116 1473 1225 1515; x_wconf 85' lang='lat' dir='ltr'>Tam</span> <span class='ocrx_word' id='word_1_198' title='bbox 1256 1472 1492 1528; x_wconf 88' lang='lat' dir='ltr'>importuni</span> <span class='ocrx_word' id='word_1_199' title='bbox 1521 1475 1647 1515; x_wconf 91' lang='lat' dir='ltr'>erant</span> <span class='ocrx_word' id='word_1_200' title='bbox 1678 1471 1874 1514; x_wconf 87' lang='lat' dir='ltr'>homines</span> 
     </span>
     <span class='ocr_line' id='line_1_22' title="bbox 101 1536 1876 1592; baseline 0.001 -14"><span class='ocrx_word' id='word_1_201' title='bbox 101 1536 299 1591; x_wconf 90' lang='lat' dir='ltr'>improbi,</span> <span class='ocrx_word' id='word_1_202' title='bbox 338 1540 386 1581; x_wconf 93' lang='lat' dir='ltr'>ut</span> <span class='ocrx_word' id='word_1_203' title='bbox 425 1540 603 1581; x_wconf 89' lang='lat' dir='ltr'>coactus</span> <span class='ocrx_word' id='word_1_204' title='bbox 635 1539 692 1581; x_wconf 91' lang='lat' dir='ltr'>sit</span> <span class='ocrx_word' id='word_1_205' title='bbox 724 1538 1012 1592; x_wconf 84' lang='lat' dir='ltr'>magistratus</span> <span class='ocrx_word' id='word_1_206' title='bbox 1044 1538 1185 1581; x_wconf 88' lang='lat' dir='ltr'>accire</span> <span class='ocrx_word' id='word_1_207' title='bbox 1226 1552 1301 1581; x_wconf 90' lang='lat' dir='ltr'>eos</span> <span class='ocrx_word' id='word_1_208' title='bbox 1342 1537 1397 1581; x_wconf 90' lang='lat' dir='ltr'>ad</span> <span class='ocrx_word' id='word_1_209' title='bbox 1439 1551 1498 1588; x_wconf 91' lang='lat' dir='ltr'>se,</span> <span class='ocrx_word' id='word_1_210' title='bbox 1542 1540 1587 1580; x_wconf 92' lang='lat' dir='ltr'>et</span> <span class='ocrx_word' id='word_1_211' title='bbox 1619 1536 1876 1580; x_wconf 86' lang='lat' dir='ltr'>modestiam</span> 
     </span>
     <span class='ocr_line' id='line_1_23' title="bbox 102 1601 1875 1659; baseline 0.001 -16"><span class='ocrx_word' id='word_1_212' title='bbox 102 1601 305 1654; x_wconf 88' lang='lat' dir='ltr'>indicere,</span> <span class='ocrx_word' id='word_1_213' title='bbox 348 1603 421 1657; x_wconf 86' lang='lat' dir='ltr'>qui</span> <span class='ocrx_word' id='word_1_214' title='bbox 452 1618 558 1647; x_wconf 89' lang='lat' dir='ltr'>sane</span> <span class='ocrx_word' id='word_1_215' title='bbox 589 1604 673 1646; x_wconf 87' lang='lat' dir='ltr'>nisi</span> <span class='ocrx_word' id='word_1_216' title='bbox 713 1606 805 1646; x_wconf 90' lang='lat' dir='ltr'>tam</span> <span class='ocrx_word' id='word_1_217' title='bbox 846 1604 1053 1659; x_wconf 90' lang='lat' dir='ltr'>prouidus</span> <span class='ocrx_word' id='word_1_218' title='bbox 1094 1605 1233 1655; x_wconf 87' lang='lat' dir='ltr'>esset,</span> <span class='ocrx_word' id='word_1_219' title='bbox 1276 1602 1450 1658; x_wconf 88' lang='lat' dir='ltr'>saepius</span> <span class='ocrx_word' id='word_1_220' title='bbox 1491 1602 1577 1645; x_wconf 88' lang='lat' dir='ltr'>iam</span> <span class='ocrx_word' id='word_1_221' title='bbox 1611 1605 1764 1645; x_wconf 88' lang='lat' dir='ltr'>contra</span> <span class='ocrx_word' id='word_1_222' title='bbox 1796 1616 1875 1644; x_wconf 89' lang='lat' dir='ltr'>nos</span> 
     </span>
     <span class='ocr_line' id='line_1_24' title="bbox 100 1667 1131 1722; baseline 0.003 -13"><span class='ocrx_word' id='word_1_223' title='bbox 100 1667 239 1722; x_wconf 90' lang='lat' dir='ltr'>plebis</span> <span class='ocrx_word' id='word_1_224' title='bbox 271 1668 437 1711; x_wconf 91' lang='lat' dir='ltr'>animos</span> <span class='ocrx_word' id='word_1_225' title='bbox 470 1669 741 1713; x_wconf 80' lang='lat' dir='ltr'>excitassent</span> <span class='ocrx_word' id='word_1_226' title='bbox 773 1670 828 1712; x_wconf 89' lang='lat' dir='ltr'>ad</span> <span class='ocrx_word' id='word_1_227' title='bbox 862 1669 1131 1712; x_wconf 90' lang='lat' dir='ltr'>seditionem.</span> 
     </span>
    </p>
   </div>
   <div class='ocr_carea' id='block_1_3' title="bbox 101 1736 1875 1838">
    <p class='ocr_par' dir='ltr' id='par_1_3' title="bbox 101 1736 1875 1838">
     <span class='ocr_line' id='line_1_25' title="bbox 219 1736 1875 1785; baseline -0.001 -13"><span class='ocrx_word' id='word_1_228' title='bbox 219 1737 421 1774; x_wconf 82' lang='lat' dir='ltr'>Exercismi</span> <span class='ocrx_word' id='word_1_229' title='bbox 439 1751 590 1784; x_wconf 88' lang='lat' dir='ltr'>quoque,</span> <span class='ocrx_word' id='word_1_230' title='bbox 618 1752 709 1785; x_wconf 90' lang='lat' dir='ltr'>quos</span> <span class='ocrx_word' id='word_1_231' title='bbox 727 1739 821 1774; x_wconf 89' lang='lat' dir='ltr'>Socii</span> <span class='ocrx_word' id='word_1_232' title='bbox 840 1740 1027 1784; x_wconf 83' lang='lat' dir='ltr'>Augustae</span> <span class='ocrx_word' id='word_1_233' title='bbox 1053 1739 1149 1774; x_wconf 86' lang='lat' dir='ltr'>haud</span> <span class='ocrx_word' id='word_1_234' title='bbox 1168 1739 1246 1773; x_wconf 86' lang='lat' dir='ltr'>sine</span> <span class='ocrx_word' id='word_1_235' title='bbox 1264 1739 1385 1773; x_wconf 87' lang='lat' dir='ltr'>fructu</span> <span class='ocrx_word' id='word_1_236' title='bbox 1404 1738 1598 1779; x_wconf 82' lang='lat' dir='ltr'>faciebant,</span> <span class='ocrx_word' id='word_1_237' title='bbox 1625 1736 1875 1772; x_wconf 88' lang='lat' dir='ltr'>contionatori-</span> 
     </span>
     <span class='ocr_line' id='line_1_26' title="bbox 101 1789 1575 1838; baseline 0.001 -13"><span class='ocrx_word' id='word_1_238' title='bbox 101 1789 168 1825; x_wconf 85' lang='lat' dir='ltr'>bus</span> <span class='ocrx_word' id='word_1_239' title='bbox 193 1790 266 1826; x_wconf 90' lang='lat' dir='ltr'>illis</span> <span class='ocrx_word' id='word_1_240' title='bbox 291 1803 438 1827; x_wconf 84' lang='lat' dir='ltr'>causam</span> <span class='ocrx_word' id='word_1_241' title='bbox 463 1793 684 1838; x_wconf 86' lang='lat' dir='ltr'>praebebant</span> <span class='ocrx_word' id='word_1_242' title='bbox 709 1793 837 1828; x_wconf 88' lang='lat' dir='ltr'>iisdem</span> <span class='ocrx_word' id='word_1_243' title='bbox 862 1793 1117 1834; x_wconf 90' lang='lat' dir='ltr'>maledicendi;</span> <span class='ocrx_word' id='word_1_244' title='bbox 1145 1805 1180 1827; x_wconf 88' lang='lat' dir='ltr'>v.</span> <span class='ocrx_word' id='word_1_245' title='bbox 1206 1804 1316 1838; x_wconf 88' lang='lat' dir='ltr'>supra</span> <span class='ocrx_word' id='word_1_246' title='bbox 1342 1804 1375 1838; x_wconf 92' lang='lat' dir='ltr'>p.</span> <span class='ocrx_word' id='word_1_247' title='bbox 1400 1791 1469 1826; x_wconf 82' lang='lat'>222</span> <span class='ocrx_word' id='word_1_248' title='bbox 1497 1791 1575 1826; x_wconf 87' lang='lat'><strong>339.</strong></span> 
     </span>
    </p>
   </div>
   <div class='ocr_carea' id='block_1_4' title="bbox 103 1907 1457 1955">
    <p class='ocr_par' dir='ltr' id='par_1_4' title="bbox 103 1907 1457 1955">
     <span class='ocr_line' id='line_1_27' title="bbox 103 1907 1457 1955; baseline 0 -12"><span class='ocrx_word' id='word_1_249' title='bbox 103 1907 201 1944; x_wconf 75' lang='lat'>921</span> <span class='ocrx_word' id='word_1_250' title='bbox 227 1908 307 1943; x_wconf 86' lang='lat' dir='ltr'>sive</span> <span class='ocrx_word' id='word_1_251' title='bbox 333 1916 456 1953; x_wconf 79' lang='lat' dir='ltr'>aug.</span> <span class='ocrx_word' id='word_1_252' title='bbox 477 1907 533 1954; x_wconf 87' lang='lat' dir='ltr'>(b</span> <span class='ocrx_word' id='word_1_253' title='bbox 547 1907 623 1954; x_wconf 84' lang='lat'>3).</span> <span class='ocrx_word' id='word_1_254' title='bbox 697 1908 727 1945; x_wconf 92' lang='lat' dir='ltr'>A</span> <span class='ocrx_word' id='word_1_255' title='bbox 753 1908 812 1944; x_wconf 82' lang='lat'>20.</span> <span class='ocrx_word' id='word_1_256' title='bbox 831 1907 1028 1944; x_wconf 81' lang='lat' dir='ltr'>Februarii</span> <span class='ocrx_word' id='word_1_257' title='bbox 1054 1907 1101 1944; x_wconf 84' lang='lat' dir='ltr'>ad</span> <span class='ocrx_word' id='word_1_258' title='bbox 1126 1907 1173 1944; x_wconf 82' lang='lat'>17.</span> <span class='ocrx_word' id='word_1_259' title='bbox 1192 1907 1334 1955; x_wconf 87' lang='lat' dir='ltr'>Aprilis</span> <span class='ocrx_word' id='word_1_260' title='bbox 1361 1907 1457 1944; x_wconf 88' lang='grc'><strong>1569.</strong></span> 
     </span>
    </p>
   </div>
   <div class='ocr_carea' id='block_1_5' title="bbox 101 1968 1875 2110">
    <p class='ocr_par' dir='ltr' id='par_1_5' title="bbox 101 1968 1875 2110">
     <span class='ocr_line' id='line_1_28' title="bbox 225 1968 1875 2013; baseline -0.001 -11"><span class='ocrx_word' id='word_1_261' title='bbox 225 1968 391 2002; x_wconf 77' lang='lat' dir='ltr'>Canisius</span> <span class='ocrx_word' id='word_1_262' title='bbox 416 1969 600 2013; x_wconf 61' lang='lat' dir='ltr'>Augustae</span> <span class='ocrx_word' id='word_1_263' title='bbox 633 1970 672 2002; x_wconf 82' lang='lat' dir='ltr'>in</span> <span class='ocrx_word' id='word_1_264' title='bbox 697 1970 822 2013; x_wconf 79' lang='lat' dir='ltr'>templo</span> <span class='ocrx_word' id='word_1_265' title='bbox 850 1970 886 2004; x_wconf 90' lang='lat' dir='ltr'><strong>S.</strong></span> <span class='ocrx_word' id='word_1_266' title='bbox 906 1970 1077 2003; x_wconf 62' lang='lat' dir='ltr'>Maurum·</span> <span class='ocrx_word' id='word_1_267' title='bbox 1103 1980 1125 2002; x_wconf 79' lang='lat' dir='ltr'>a</span> <span class='ocrx_word' id='word_1_268' title='bbox 1151 1969 1342 2003; x_wconf 80' lang='lat' dir='ltr'>Dominica</span> <span class='ocrx_word' id='word_1_269' title='bbox 1373 1969 1693 2012; x_wconf 69' lang='lat' dir='ltr'>Qm’nquayesimae</span> <span class='ocrx_word' id='word_1_270' title='bbox 1727 1968 1775 2001; x_wconf 77' lang='lat' dir='ltr'>ad</span> <span class='ocrx_word' id='word_1_271' title='bbox 1802 1968 1875 2001; x_wconf 89' lang='lat' dir='ltr'>Do-</span> 
     </span>
     <span class='ocr_line' id='line_1_29' title="bbox 101 2022 1874 2066; baseline -0.001 -11"><span class='ocrx_word' id='word_1_272' title='bbox 101 2023 270 2055; x_wconf 69' lang='lat' dir='ltr'>minicam</span> <span class='ocrx_word' id='word_1_273' title='bbox 295 2022 335 2055; x_wconf 79' lang='lat' dir='ltr'>in</span> <span class='ocrx_word' id='word_1_274' title='bbox 361 2023 464 2056; x_wconf 69' lang='lat' dir='ltr'>Albis</span> <span class='ocrx_word' id='word_1_275' title='bbox 487 2023 638 2066; x_wconf 72' lang='lat' dir='ltr'>sinyulis</span> <span class='ocrx_word' id='word_1_276' title='bbox 662 2023 889 2057; x_wconf 77' lang='lat' dir='ltr'>hebdomadis</span> <span class='ocrx_word' id='word_1_277' title='bbox 912 2024 988 2065; x_wconf 83' lang='lat' dir='ltr'>fere</span> <span class='ocrx_word' id='word_1_278' title='bbox 1013 2027 1066 2056; x_wconf 79' lang='lat' dir='ltr'>ter</span> <span class='ocrx_word' id='word_1_279' title='bbox 1100 2024 1340 2066; x_wconf 73' lang='lat' dir='ltr'>contionatur,</span> <span class='ocrx_word' id='word_1_280' title='bbox 1371 2022 1507 2056; x_wconf 74' lang='lat' dir='ltr'>Christi</span> <span class='ocrx_word' id='word_1_281' title='bbox 1535 2022 1735 2065; x_wconf 79' lang='lat' dir='ltr'>passionem</span> <span class='ocrx_word' id='word_1_282' title='bbox 1771 2031 1874 2054; x_wconf 77' lang='lat' dir='ltr'>enar—</span> 
     </span>
     <span class='ocr_line' id='line_1_30' title="bbox 102 2076 305 2110; baseline 0.005 -1"><span class='ocrx_word' id='word_1_283' title='bbox 102 2076 219 2109; x_wconf 76' lang='lat' dir='ltr'>rando</span> <span class='ocrx_word' id='word_1_284' title='bbox 245 2080 305 2110; x_wconf 75' lang='lat' dir='ltr'>etc.</span> 
     </span>
    </p>
   </div>
   <div class='ocr_carea' id='block_1_6' title="bbox 101 2134 1883 2779">
    <p class='ocr_par' dir='ltr' id='par_1_6' title="bbox 101 2134 1883 2779">
     <span class='ocr_line' id='line_1_31' title="bbox 221 2134 1876 2190; baseline -0.002 -12"><span class='ocrx_word' id='word_1_285' title='bbox 221 2135 475 2186; x_wconf 84' lang='lat' dir='ltr'>Contiones‚</span> <span class='ocrx_word' id='word_1_286' title='bbox 518 2150 626 2190; x_wconf 91' lang='lat' dir='ltr'>quas</span> <span class='ocrx_word' id='word_1_287' title='bbox 660 2150 686 2178; x_wconf 90' lang='lat' dir='ltr'>a</span> <span class='ocrx_word' id='word_1_288' title='bbox 719 2136 890 2179; x_wconf 87' lang='lat' dir='ltr'>Canisio</span> <span class='ocrx_word' id='word_1_289' title='bbox 933 2150 1047 2178; x_wconf 89' lang='lat' dir='ltr'>anno</span> <span class='ocrx_word' id='word_1_290' title='bbox 1093 2137 1204 2178; x_wconf 89' lang='grc'>1569</span> <span class='ocrx_word' id='word_1_291' title='bbox 1246 2139 1444 2190; x_wconf 92' lang='lat' dir='ltr'>tempore</span> <span class='ocrx_word' id='word_1_292' title='bbox 1485 2149 1639 2177; x_wconf 87' lang='lat' dir='ltr'>sacrae</span> <span class='ocrx_word' id='word_1_293' title='bbox 1681 2134 1876 2184; x_wconf 82' lang='lat' dir='ltr'>Quadra-</span> 
     </span>
     <span class='ocr_line' id='line_1_32' title="bbox 101 2199 1878 2256; baseline -0.001 -13"><span class='ocrx_word' id='word_1_294' title='bbox 101 2200 295 2256; x_wconf 90' lang='lat' dir='ltr'>gesimae</span> <span class='ocrx_word' id='word_1_295' title='bbox 317 2201 545 2255; x_wconf 89' lang='lat' dir='ltr'>Augustae</span> <span class='ocrx_word' id='word_1_296' title='bbox 575 2201 620 2243; x_wconf 94' lang='lat' dir='ltr'>in</span> <span class='ocrx_word' id='word_1_297' title='bbox 642 2201 827 2244; x_wconf 89' lang='lat' dir='ltr'>ecclesia</span> <span class='ocrx_word' id='word_1_298' title='bbox 850 2202 891 2244; x_wconf 87' lang='lat' dir='ltr'>S.</span> <span class='ocrx_word' id='word_1_299' title='bbox 915 2201 1111 2244; x_wconf 90' lang='lat' dir='ltr'>Mauritii</span> <span class='ocrx_word' id='word_1_300' title='bbox 1142 2200 1315 2244; x_wconf 87' lang='lat' dir='ltr'>habitas</span> <span class='ocrx_word' id='word_1_301' title='bbox 1345 2215 1442 2244; x_wconf 89' lang='lat' dir='ltr'>esse</span> <span class='ocrx_word' id='word_1_302' title='bbox 1465 2202 1639 2243; x_wconf 85' lang='lat' dir='ltr'>constat</span> <span class='ocrx_word' id='word_1_303' title='bbox 1661 2199 1720 2253; x_wconf 88' lang='lat' dir='ltr'>(V.</span> <span class='ocrx_word' id='word_1_304' title='bbox 1746 2212 1878 2253; x_wconf 88' lang='lat' dir='ltr'>supra</span> 
     </span>
     <span class='ocr_line' id='line_1_33' title="bbox 101 2264 1880 2321; baseline -0.002 -12"><span class='ocrx_word' id='word_1_305' title='bbox 101 2281 215 2310; x_wconf 91' lang='lat' dir='ltr'>mon.</span> <span class='ocrx_word' id='word_1_306' title='bbox 241 2266 360 2320; x_wconf 82' lang='lat'>920),</span> <span class='ocrx_word' id='word_1_307' title='bbox 394 2269 573 2310; x_wconf 84' lang='lat' dir='ltr'>exstant</span> <span class='ocrx_word' id='word_1_308' title='bbox 604 2281 753 2309; x_wconf 89' lang='lat' dir='ltr'>omnes</span> <span class='ocrx_word' id='word_1_309' title='bbox 776 2267 881 2318; x_wconf 91' lang='lat' dir='ltr'>(una</span> <span class='ocrx_word' id='word_1_310' title='bbox 913 2267 1138 2309; x_wconf 88' lang='lat' dir='ltr'>duabusve</span> <span class='ocrx_word' id='word_1_311' title='bbox 1171 2265 1381 2321; x_wconf 74' lang='lat' dir='ltr'>exeeptis,</span> <span class='ocrx_word' id='word_1_312' title='bbox 1417 2266 1469 2308; x_wconf 92' lang='lat' dir='ltr'>de</span> <span class='ocrx_word' id='word_1_313' title='bbox 1502 2265 1657 2319; x_wconf 90' lang='lat' dir='ltr'>quibus</span> <span class='ocrx_word' id='word_1_314' title='bbox 1688 2264 1804 2306; x_wconf 83' lang='lat' dir='ltr'>infra</span> <span class='ocrx_word' id='word_1_315' title='bbox 1835 2264 1880 2306; x_wconf 92' lang='lat' dir='ltr'>in</span> 
     </span>
     <span class='ocr_line' id='line_1_34' title="bbox 105 2329 1879 2387; baseline -0.001 -13"><span class='ocrx_word' id='word_1_316' title='bbox 105 2334 174 2377; x_wconf 92' lang='grc'>11.</span> <span class='ocrx_word' id='word_1_317' title='bbox 208 2335 253 2376; x_wconf 91' lang='lat' dir='ltr'>et</span> <span class='ocrx_word' id='word_1_318' title='bbox 296 2334 362 2375; x_wconf 88' lang='grc'>12.</span> <span class='ocrx_word' id='word_1_319' title='bbox 396 2331 561 2387; x_wconf 86' lang='lat' dir='ltr'>Aprilis</span> <span class='ocrx_word' id='word_1_320' title='bbox 606 2332 792 2385; x_wconf 89' lang='lat' dir='ltr'>dicetur)</span> <span class='ocrx_word' id='word_1_321' title='bbox 839 2332 884 2374; x_wconf 92' lang='lat' dir='ltr'>in</span> <span class='ocrx_word' id='word_1_322' title='bbox 928 2331 1083 2374; x_wconf 84' lang='lat' dir='ltr'>Codice</span> <span class='ocrx_word' id='word_1_323' title='bbox 1130 2331 1386 2383; x_wconf 86' lang='lat' dir='ltr'>„Canisiana</span> <span class='ocrx_word' id='word_1_324' title='bbox 1431 2333 1510 2373; x_wconf 79' lang='lat'>31“</span> <span class='ocrx_word' id='word_1_325' title='bbox 1559 2331 1587 2374; x_wconf 87' lang='lat' dir='ltr'><strong>f.</strong></span> <span class='ocrx_word' id='word_1_326' title='bbox 1626 2329 1879 2380; x_wconf 40' lang='grc' dir='ltr'>’ΠΗ-1511),</span> 
     </span>
     <span class='ocr_line' id='line_1_35' title="bbox 102 2394 1881 2452; baseline -0.002 -12"><span class='ocrx_word' id='word_1_327' title='bbox 102 2397 338 2440; x_wconf 87' lang='lat' dir='ltr'>maximam</span> <span class='ocrx_word' id='word_1_328' title='bbox 371 2400 542 2452; x_wconf 88' lang='lat' dir='ltr'>partem</span> <span class='ocrx_word' id='word_1_329' title='bbox 575 2397 730 2451; x_wconf 89' lang='lat' dir='ltr'>(usque</span> <span class='ocrx_word' id='word_1_330' title='bbox 762 2397 816 2440; x_wconf 90' lang='lat' dir='ltr'>ad</span> <span class='ocrx_word' id='word_1_331' title='bbox 849 2398 879 2441; x_wconf 83' lang='lat' dir='ltr'>f.</span> <span class='ocrx_word' id='word_1_332' title='bbox 917 2398 1036 2451; x_wconf 70' lang='lat'>149³)</span> <span class='ocrx_word' id='word_1_333' title='bbox 1069 2397 1260 2452; x_wconf 87' lang='lat' dir='ltr'>scriptae</span> <span class='ocrx_word' id='word_1_334' title='bbox 1293 2397 1347 2439; x_wconf 88' lang='lat' dir='ltr'>ab</span> <span class='ocrx_word' id='word_1_335' title='bbox 1380 2396 1531 2450; x_wconf 90' lang='lat' dir='ltr'>ignoto</span> <span class='ocrx_word' id='word_1_336' title='bbox 1564 2395 1774 2449; x_wconf 84' lang='lat' dir='ltr'>quodam;</span> <span class='ocrx_word' id='word_1_337' title='bbox 1808 2394 1881 2449; x_wconf 89' lang='lat' dir='ltr'>qui</span> 
     </span>
     <span class='ocr_line' id='line_1_36' title="bbox 102 2460 1882 2518; baseline -0.002 -12"><span class='ocrx_word' id='word_1_338' title='bbox 102 2463 156 2506; x_wconf 87' lang='lat' dir='ltr'>iis</span> <span class='ocrx_word' id='word_1_339' title='bbox 187 2463 217 2506; x_wconf 87' lang='lat' dir='ltr'>f.</span> <span class='ocrx_word' id='word_1_340' title='bbox 244 2463 316 2506; x_wconf 71' lang='lat'>771‘</span> <span class='ocrx_word' id='word_1_341' title='bbox 336 2463 582 2518; x_wconf 88' lang='lat' dir='ltr'>inscripsit:</span> <span class='ocrx_word' id='word_1_342' title='bbox 622 2462 878 2514; x_wconf 84' lang='lat' dir='ltr'>„Contiones</span> <span class='ocrx_word' id='word_1_343' title='bbox 901 2462 1303 2516; x_wconf 86' lang='lat' dir='ltr'>quadragesimales</span> <span class='ocrx_word' id='word_1_344' title='bbox 1330 2464 1375 2504; x_wconf 93' lang='lat' dir='ltr'>et</span> <span class='ocrx_word' id='word_1_345' title='bbox 1406 2461 1545 2516; x_wconf 88' lang='lat' dir='ltr'>primo</span> <span class='ocrx_word' id='word_1_346' title='bbox 1579 2461 1631 2503; x_wconf 91' lang='lat' dir='ltr'>de</span> <span class='ocrx_word' id='word_1_347' title='bbox 1655 2460 1882 2503; x_wconf 91' lang='lat' dir='ltr'>Dominica</span> 
     </span>
     <span class='ocr_line' id='line_1_37' title="bbox 104 2525 1883 2583; baseline -0.002 -12"><span class='ocrx_word' id='word_1_348' title='bbox 104 2528 475 2583; x_wconf 89' lang='lat' dir='ltr'>quinquagesime.</span> <span class='ocrx_word' id='word_1_349' title='bbox 519 2529 720 2582; x_wconf 87' lang='lat' dir='ltr'>Auguste</span> <span class='ocrx_word' id='word_1_350' title='bbox 746 2529 903 2571; x_wconf 82' lang='lat'><strong>1569“.</strong></span> <span class='ocrx_word' id='word_1_351' title='bbox 949 2527 1167 2570; x_wconf 86' lang='lat' dir='ltr'>Canisium</span> <span class='ocrx_word' id='word_1_352' title='bbox 1201 2526 1425 2569; x_wconf 85' lang='lat' dir='ltr'>contiones</span> <span class='ocrx_word' id='word_1_353' title='bbox 1448 2527 1637 2569; x_wconf 83' lang='lat' dir='ltr'>dictasse</span> <span class='ocrx_word' id='word_1_354' title='bbox 1670 2540 1726 2568; x_wconf 89' lang='lat' dir='ltr'>ex</span> <span class='ocrx_word' id='word_1_355' title='bbox 1749 2525 1883 2568; x_wconf 86' lang='lat' dir='ltr'>variis</span> 
     </span>
     <span class='ocr_line' id='line_1_38' title="bbox 104 2591 1883 2648; baseline -0.002 -11"><span class='ocrx_word' id='word_1_356' title='bbox 104 2594 324 2648; x_wconf 84' lang='lat' dir='ltr'>colligitur</span> <span class='ocrx_word' id='word_1_357' title='bbox 354 2594 521 2637; x_wconf 88' lang='lat' dir='ltr'>mendis</span> <span class='ocrx_word' id='word_1_358' title='bbox 552 2594 595 2636; x_wconf 89' lang='lat' dir='ltr'>in</span> <span class='ocrx_word' id='word_1_359' title='bbox 619 2593 775 2636; x_wconf 85' lang='lat' dir='ltr'>Codice</span> <span class='ocrx_word' id='word_1_360' title='bbox 798 2593 1149 2643; x_wconf 88' lang='lat' dir='ltr'>occurrentibus;</span> <span class='ocrx_word' id='word_1_361' title='bbox 1183 2593 1304 2635; x_wconf 91' lang='lat' dir='ltr'>velut</span> <span class='ocrx_word' id='word_1_362' title='bbox 1337 2606 1433 2634; x_wconf 90' lang='lat' dir='ltr'>cum</span> <span class='ocrx_word' id='word_1_363' title='bbox 1466 2591 1653 2646; x_wconf 85' lang='lat' dir='ltr'>scriptor</span> <span class='ocrx_word' id='word_1_364' title='bbox 1674 2606 1751 2646; x_wconf 90' lang='lat' dir='ltr'>pro</span> <span class='ocrx_word' id='word_1_365' title='bbox 1780 2591 1883 2643; x_wconf 89' lang='lat' dir='ltr'>„hos</span> 
     </span>
     <span class='ocr_line' id='line_1_39' title="bbox 102 2657 1882 2714; baseline -0.001 -13"><span class='ocrx_word' id='word_1_366' title='bbox 102 2659 230 2712; x_wconf 87' lang='lat' dir='ltr'>illis“,</span> <span class='ocrx_word' id='word_1_367' title='bbox 265 2674 377 2714; x_wconf 90' lang='lat' dir='ltr'>quae</span> <span class='ocrx_word' id='word_1_368' title='bbox 409 2660 599 2703; x_wconf 91' lang='lat' dir='ltr'>scribere</span> <span class='ocrx_word' id='word_1_369' title='bbox 632 2658 794 2709; x_wconf 90' lang='lat' dir='ltr'>debuit,</span> <span class='ocrx_word' id='word_1_370' title='bbox 828 2658 1004 2713; x_wconf 88' lang='lat' dir='ltr'>scripsit</span> <span class='ocrx_word' id='word_1_371' title='bbox 1037 2658 1215 2711; x_wconf 88' lang='lat' dir='ltr'>(Canisii</span> <span class='ocrx_word' id='word_1_372' title='bbox 1248 2658 1394 2700; x_wconf 88' lang='lat' dir='ltr'>verbis</span> <span class='ocrx_word' id='word_1_373' title='bbox 1435 2657 1551 2700; x_wconf 88' lang='lat' dir='ltr'>haud</span> <span class='ocrx_word' id='word_1_374' title='bbox 1591 2660 1712 2700; x_wconf 91' lang='lat' dir='ltr'>recte</span> <span class='ocrx_word' id='word_1_375' title='bbox 1752 2657 1882 2700; x_wconf 91' lang='lat' dir='ltr'>intel-</span> 
     </span>
     <span class='ocr_line' id='line_1_40' title="bbox 103 2722 1876 2779; baseline -0.002 -12"><span class='ocrx_word' id='word_1_376' title='bbox 103 2725 246 2779; x_wconf 87' lang='lat' dir='ltr'>lectis)</span> <span class='ocrx_word' id='word_1_377' title='bbox 287 2725 514 2776; x_wconf 86' lang='lat' dir='ltr'>„hostiles“</span> <span class='ocrx_word' id='word_1_378' title='bbox 553 2725 599 2778; x_wconf 90' lang='lat' dir='ltr'><strong>(l.</strong></span> <span class='ocrx_word' id='word_1_379' title='bbox 631 2739 666 2767; x_wconf 94' lang='lat' dir='ltr'>c.</span> <span class='ocrx_word' id='word_1_380' title='bbox 700 2725 730 2767; x_wconf 83' lang='lat' dir='ltr'>f.</span> <span class='ocrx_word' id='word_1_381' title='bbox 759 2723 891 2778; x_wconf 73' lang='lat' dir='ltr'>198b),</span> <span class='ocrx_word' id='word_1_382' title='bbox 926 2728 970 2767; x_wconf 91' lang='lat' dir='ltr'>et</span> <span class='ocrx_word' id='word_1_383' title='bbox 1002 2738 1080 2778; x_wconf 92' lang='lat' dir='ltr'>pro</span> <span class='ocrx_word' id='word_1_384' title='bbox 1120 2723 1342 2775; x_wconf 89' lang='lat' dir='ltr'>„silentio“</span> <span class='ocrx_word' id='word_1_385' title='bbox 1380 2722 1525 2778; x_wconf 89' lang='lat' dir='ltr'>posuit</span> <span class='ocrx_word' id='word_1_386' title='bbox 1563 2723 1876 2773; x_wconf 83' lang='lat' dir='ltr'>„excellentia“</span> 
     </span>
    </p>
   </div>
   <div class='ocr_carea' id='block_1_7' title="bbox 102 2846 1883 3160">
    <p class='ocr_par' dir='ltr' id='par_1_7' title="bbox 103 2846 1883 2947">
     <span class='ocr_line' id='line_1_41' title="bbox 228 2846 1883 2891; baseline -0.001 -9"><span class='ocrx_word' id='word_1_387' title='bbox 228 2849 237 2869; x_wconf 89' lang='lat'><em>¹</em></span> <span class='ocrx_word' id='word_1_388' title='bbox 263 2848 363 2883; x_wconf 88' lang='lat' dir='ltr'>Haec</span> <span class='ocrx_word' id='word_1_389' title='bbox 390 2847 542 2882; x_wconf 88' lang='lat' dir='ltr'>ecclesia</span> <span class='ocrx_word' id='word_1_390' title='bbox 570 2847 828 2883; x_wconf 88' lang='lat' dir='ltr'>Canonicorum</span> <span class='ocrx_word' id='word_1_391' title='bbox 865 2846 1088 2890; x_wconf 87' lang='lat' dir='ltr'>regularium</span> <span class='ocrx_word' id='word_1_392' title='bbox 1115 2846 1149 2882; x_wconf 87' lang='lat' dir='ltr'>S.</span> <span class='ocrx_word' id='word_1_393' title='bbox 1177 2846 1372 2891; x_wconf 85' lang='lat' dir='ltr'>Augustini</span> <span class='ocrx_word' id='word_1_394' title='bbox 1404 2848 1494 2881; x_wconf 86' lang='lat' dir='ltr'>erat.</span> <span class='ocrx_word' id='word_1_395' title='bbox 1544 2846 1597 2881; x_wconf 92' lang='lat' dir='ltr'>De</span> <span class='ocrx_word' id='word_1_396' title='bbox 1632 2846 1786 2881; x_wconf 87' lang='lat' dir='ltr'>ecclesia</span> <span class='ocrx_word' id='word_1_397' title='bbox 1812 2846 1883 2881; x_wconf 88' lang='lat' dir='ltr'>col-</span> 
     </span>
     <span class='ocr_line' id='line_1_42' title="bbox 103 2900 1232 2947; baseline -0.002 -11"><span class='ocrx_word' id='word_1_398' title='bbox 103 2901 226 2946; x_wconf 86' lang='lat' dir='ltr'>legiali</span> <span class='ocrx_word' id='word_1_399' title='bbox 251 2905 288 2936; x_wconf 83' lang='lat' dir='ltr'>et</span> <span class='ocrx_word' id='word_1_400' title='bbox 312 2901 508 2947; x_wconf 84' lang='lat' dir='ltr'>parochiali</span> <span class='ocrx_word' id='word_1_401' title='bbox 535 2901 569 2936; x_wconf 91' lang='lat' dir='ltr'><strong>S.</strong></span> <span class='ocrx_word' id='word_1_402' title='bbox 596 2901 757 2936; x_wconf 83' lang='lat' dir='ltr'>Mauritii</span> <span class='ocrx_word' id='word_1_403' title='bbox 784 2913 818 2935; x_wconf 91' lang='lat' dir='ltr'>v.</span> <span class='ocrx_word' id='word_1_404' title='bbox 845 2912 954 2946; x_wconf 88' lang='lat' dir='ltr'>supra</span> <span class='ocrx_word' id='word_1_405' title='bbox 979 2912 1013 2945; x_wconf 89' lang='lat' dir='ltr'>p.</span> <span class='ocrx_word' id='word_1_406' title='bbox 1031 2900 1232 2935; x_wconf 81' lang='lat'><strong>226—227.</strong></span> 
     </span>
    </p>

    <p class='ocr_par' dir='ltr' id='par_1_8' title="bbox 224 2954 1195 2999">
     <span class='ocr_line' id='line_1_43' title="bbox 224 2954 1195 2999; baseline -0.001 -10"><span class='ocrx_word' id='word_1_407' title='bbox 224 2955 238 2976; x_wconf 70' lang='lat'>2</span> <span class='ocrx_word' id='word_1_408' title='bbox 263 2956 385 2990; x_wconf 86' lang='lat' dir='ltr'>Marco</span> <span class='ocrx_word' id='word_1_409' title='bbox 411 2958 447 2989; x_wconf 93' lang='lat' dir='ltr'>et</span> <span class='ocrx_word' id='word_1_410' title='bbox 474 2956 605 2989; x_wconf 87' lang='lat' dir='ltr'>Ioanne</span> <span class='ocrx_word' id='word_1_411' title='bbox 631 2954 827 2999; x_wconf 86' lang='lat' dir='ltr'>Fuggeris;</span> <span class='ocrx_word' id='word_1_412' title='bbox 854 2966 890 2989; x_wconf 90' lang='lat' dir='ltr'>v.</span> <span class='ocrx_word' id='word_1_413' title='bbox 916 2965 1026 2999; x_wconf 84' lang='lat' dir='ltr'>supra</span> <span class='ocrx_word' id='word_1_414' title='bbox 1052 2965 1086 2999; x_wconf 90' lang='lat' dir='ltr'><strong>p.</strong></span> <span class='ocrx_word' id='word_1_415' title='bbox 1114 2954 1195 2988; x_wconf 89' lang='grc'>226.</span> 
     </span>
    </p>

    <p class='ocr_par' dir='ltr' id='par_1_9' title="bbox 102 3007 1880 3160">
     <span class='ocr_line' id='line_1_44' title="bbox 225 3007 1880 3052; baseline -0.002 -9"><span class='ocrx_word' id='word_1_416' title='bbox 225 3010 238 3030; x_wconf 79' lang='lat'>³</span> <span class='ocrx_word' id='word_1_417' title='bbox 263 3009 367 3043; x_wconf 87' lang='lat' dir='ltr'>Anno</span> <span class='ocrx_word' id='word_1_418' title='bbox 394 3008 485 3043; x_wconf 86' lang='lat'>1570</span> <span class='ocrx_word' id='word_1_419' title='bbox 511 3008 698 3052; x_wconf 86' lang='lat' dir='ltr'>Augustae</span> <span class='ocrx_word' id='word_1_420' title='bbox 737 3008 778 3042; x_wconf 83' lang='lat'>15</span> <span class='ocrx_word' id='word_1_421' title='bbox 815 3007 1080 3042; x_wconf 84' lang='lat' dir='ltr'>contionatores</span> <span class='ocrx_word' id='word_1_422' title='bbox 1114 3008 1359 3052; x_wconf 82' lang='lat' dir='ltr'>protestantes</span> <span class='ocrx_word' id='word_1_423' title='bbox 1395 3007 1507 3042; x_wconf 84' lang='lat' dir='ltr'>fuisse</span> <span class='ocrx_word' id='word_1_424' title='bbox 1541 3009 1700 3042; x_wconf 85' lang='lat' dir='ltr'>testatur</span> <span class='ocrx_word' id='word_1_425' title='bbox 1725 3007 1880 3041; x_wconf 67' lang='lat' dir='ltr'>Achilles</span> 
     </span>
     <span class='ocr_line' id='line_1_45' title="bbox 103 3060 1877 3106; baseline -0.001 -10"><span class='ocrx_word' id='word_1_426' title='bbox 103 3063 304 3096; x_wconf 57' lang='lat' dir='ltr'>Pir-minius</span> <span class='ocrx_word' id='word_1_427' title='bbox 345 3064 529 3096; x_wconf 80' lang='lat' dir='ltr'>Gassarus</span> <span class='ocrx_word' id='word_1_428' title='bbox 566 3062 726 3096; x_wconf 89' lang='lat' dir='ltr'>medicus</span> <span class='ocrx_word' id='word_1_429' title='bbox 764 3064 990 3105; x_wconf 85' lang='lat' dir='ltr'>augustanus</span> <span class='ocrx_word' id='word_1_430' title='bbox 1032 3061 1134 3106; x_wconf 85' lang='lat' dir='ltr'>isque</span> <span class='ocrx_word' id='word_1_431' title='bbox 1176 3060 1390 3095; x_wconf 88' lang='lat' dir='ltr'>lutheranus</span> <span class='ocrx_word' id='word_1_432' title='bbox 1431 3063 1468 3095; x_wconf 87' lang='lat' dir='ltr'>et</span> <span class='ocrx_word' id='word_1_433' title='bbox 1509 3072 1632 3095; x_wconf 88' lang='lat' dir='ltr'>corum</span> <span class='ocrx_word' id='word_1_434' title='bbox 1674 3063 1877 3105; x_wconf 88' lang='lat' dir='ltr'>temporum</span> 
     </span>
     <span class='ocr_line' id='line_1_46' title="bbox 102 3114 1660 3160; baseline -0.001 -10"><span class='ocrx_word' id='word_1_435' title='bbox 102 3115 265 3160; x_wconf 85' lang='lat' dir='ltr'>aequalis</span> <span class='ocrx_word' id='word_1_436' title='bbox 294 3114 469 3160; x_wconf 90' lang='lat' dir='ltr'>(Annales</span> <span class='ocrx_word' id='word_1_437' title='bbox 495 3114 825 3158; x_wconf 85' lang='lat' dir='ltr'>Augstburgenses,</span> <span class='ocrx_word' id='word_1_438' title='bbox 852 3115 946 3160; x_wconf 87' lang='lat' dir='ltr'>apud</span> <span class='ocrx_word' id='word_1_439' title='bbox 973 3115 1218 3149; x_wconf 75' lang='lat' dir='ltr'>Menckenium</span> <span class='ocrx_word' id='word_1_440' title='bbox 1245 3114 1267 3150; x_wconf 90' lang='lat' dir='ltr'><strong>l.</strong></span> <span class='ocrx_word' id='word_1_441' title='bbox 1295 3126 1324 3149; x_wconf 92' lang='lat' dir='ltr'>c.</span> <span class='ocrx_word' id='word_1_442' title='bbox 1351 3114 1367 3149; x_wconf 93' lang='lat' dir='ltr'>I</span> <span class='ocrx_word' id='word_1_443' title='bbox 1397 3114 1660 3158; x_wconf 82' lang='lat'><strong>1928—1929).</strong></span> 
     </span>
    </p>
   </div>
  </div>
 </body>
</html>
