2044 3335
646 92 812 134 Augusta
830 91 936 125 Vind.
956 92 988 126 5.
1007 91 1128 125 Martii
1157 90 1259 124 1569.
1752 92 1836 132 269

187 210 446 252 Commendo
488 222 556 250 me
597 211 642 250 et
682 209 880 251 miserias
919 212 1092 252 nostras
1125 208 1204 250 Dei
1238 208 1410 261 gratiae
1442 222 1519 261 per
1551 207 1763 250 sacrificia
1797 211 1841 250 et

68 289 219 330 preces
243 275 287 316 P.
313 275 360 316 T.
395 276 439 316 et
472 274 650 315 Patrum
683 273 811 315 isthic
843 274 1031 316 omnium
1056 273 1380 323 Assistentium,
1416 273 1570 326 quibus
1603 273 1841 315 accessisse

67 341 152 382 iam
186 339 311 381 audio
345 339 392 381 P.
416 339 466 381 D.
492 338 830 389 Sahneronem1,
872 353 998 392 quem
1041 353 1125 380 una
1168 352 1262 380 cum
1299 339 1395 392 alijs
1427 338 1469 379 in
1504 338 1674 380 Christo
1708 338 1841 392 pluri-

69 419 185 447 mum
217 405 374 446 saluto.
439 402 666 456 Augustae
701 405 724 444 5
758 403 906 457 Martij
944 405 1070 446 1569.

957 481 1117 523 Seruus
1149 479 1192 521 in
1226 480 1395 522 Christo
1429 480 1475 523 P.
1510 479 1720 522 Canisius.

188 569 214 619 †
255 568 496 610 Admodum
537 568 790 610 Reuerendo
833 568 876 609 in
918 568 1089 610 Christo
1123 567 1256 617 Patri,
1304 568 1348 610 P.
1374 568 1607 610 Francisco
1641 568 1842 622 Borgiae.

72 633 326 687 Praeposito
367 633 563 687 generali
595 633 829 675 Societatis
861 634 980 676 Jesu.
1104 633 1282 675 Romae.

194 725 233 758 In
258 724 326 758 hac
353 724 510 769 epistula
536 724 761 767 diligentiore
799 725 1036 769 explicatione
1071 725 1234 768 indigent
1270 736 1322 764 ea,
1359 736 1450 769 quae
1478 724 1643 760 Canisius
1679 728 1844 772 scripsit:

70 777 252 813 Plurimos
287 778 397 812 libros
433 777 552 811 afferri
580 777 693 812 Sociis
724 779 1033 822 „expurgandos“‚
1070 778 1121 812 ita
1156 781 1196 812 ut
1223 777 1346 812 multis
1372 778 1556 812 mensibus
1592 791 1660 813 non
1697 784 1845 824 possent

70 831 204 875 singuli
233 831 405 874 castigari
432 834 499 865 etc.
551 829 650 871 Quae
675 843 734 864 res
770 831 820 865 ita
855 843 894 865 se
920 831 1048 866 habet:
1086 832 1125 865 In
1157 831 1329 873 „Indicis“
1360 831 1559 869 tridentini,
1595 844 1626 867 a.
1657 834 1747 868 1564
1782 847 1846 879 per

72 885 176 919 Pium
203 884 265 919 IV.
302 885 404 925 editi,
449 884 638 927 „Regulis“
680 884 769 918 haee
809 885 1006 919 constituta
1045 887 1166 919 erant:
1211 884 1425 926 „Versiones
1463 885 1695 930 scriptorum,
1736 889 1845 922 etiam

73 937 411 978 ecclesiasticorum,
440 949 531 981 quae
557 937 733 971 hactenus
760 938 878 972 editae
897 941 982 972 sunt
1008 950 1029 972 a
1048 937 1228 972 damnatis
1247 938 1464 977 auctoribus,
1491 939 1596 973 modo
1614 940 1703 973 nihil
1721 943 1846 975 contra

70 1002 196 1026 sanam
235 991 434 1025 doctrinam
474 990 698 1032 contineant,
742 992 1012 1035 permittuntur.
1071 991 1258 1025 Librorum
1298 993 1418 1025 autem
1448 991 1589 1026 Veteris
1622 993 1846 1028 Testamenti

71 1045 257 1078 versiones
283 1044 373 1078 viris
398 1046 540 1078 tantum
567 1044 682 1078 doctis
709 1047 746 1078 et
771 1044 840 1088 piis
864 1044 998 1089 judicio
1026 1044 1183 1089 episcopi
1211 1045 1357 1078 concedi
1384 1046 1562 1089 poterunt.
1591 1073 1597 1079 .
1619 1073 1625 1080 .
1647 1074 1652 1080 .
1691 1046 1727 1080 Si
1754 1059 1846 1091 quae

73 1109 158 1132 vero
185 1098 436 1131 annotationes
463 1109 542 1131 cum
570 1097 786 1142 hujusmodi,
824 1109 915 1141 quae
942 1097 1213 1142 permittuntur,
1248 1097 1475 1132 versionibus
1502 1098 1560 1132 vel
1587 1111 1666 1133 cum
1686 1099 1847 1144 Vulgata

72 1151 227 1184 editione
262 1150 575 1188 circumferuntur,
615 1151 807 1195 expunctis
842 1150 930 1184 locis
965 1151 1145 1195 suspectis
1185 1162 1204 1184 a
1240 1151 1415 1185 facultate
1450 1151 1654 1196 theologica
1691 1153 1846 1199 alicujus

73 1203 322 1238 universitatis
349 1203 547 1238 catholicae
583 1206 646 1238 aut
680 1203 911 1247 inquisitione
938 1203 1108 1246 generali,
1145 1205 1304 1249 permitti
1340 1204 1473 1238 eisdem
1501 1209 1679 1250 poterunt,
1716 1208 1845 1251 quibus

72 1259 108 1291 et
134 1258 336 1291 versiones“
372 1257 528 1301 (Regula
555 1257 635 1301 Ill).
691 1257 806 1299 ,Libri
842 1257 905 1298 illi,
942 1258 1001 1301 qui
1028 1257 1292 1292 haereticorum
1318 1261 1504 1292 auctorum
1531 1271 1640 1303 opera
1665 1261 1845 1295 interdum

74 1310 260 1355 prodeunt,
296 1311 332 1344 in
359 1311 488 1354 quibus
515 1310 614 1344 nulla
640 1314 703 1344 aut
729 1322 844 1355 pauca.
880 1312 922 1344 de
948 1322 1012 1345 suo
1039 1313 1232 1356 apponunt,
1269 1312 1330 1345 sed
1358 1311 1508 1346 aliorum
1536 1313 1632 1347 dicta
1658 1314 1844 1358 colligunt.

75 1363 275 1409 cujusmodi
301 1367 385 1398 sunt
411 1364 538 1405 lexica,
566 1364 851 1403 concordantiae,
879 1364 1196 1409 apophthegmata,
1223 1364 1490 1405 similitudines,
1517 1366 1653 1401 indices
1672 1370 1707 1401 et
1724 1368 1845 1414 hujus-

74 1417 179 1459 modi,
216 1417 246 1451 si
272 1429 363 1462 quae
390 1418 547 1451 habeant
573 1417 745 1457 admixta,
782 1429 874 1461 quae
905 1418 1167 1462 expurgatione
1195 1417 1388 1460 indigeant,
1426 1418 1497 1452 illis
1532 1421 1688 1466 episcopi
1725 1425 1761 1456 et
1796 1423 1845 1456 in—

74 1471 260 1515 quisitoris
295 1482 366 1505 una
393 1483 473 1505 cum
501 1471 750 1514 theologorum
777 1471 1034 1505 catholicorum
1064 1471 1212 1505 consilio
1245 1471 1398 1505 sublatis
1435 1474 1498 1505 aut
1524 1475 1734 1517 emendatis,
1769 1488 1845 1520 per-

74 1525 284 1558 mittantur“
317 1524 421 1567 (Reg.
440 1524 502 1567 V).
556 1524 671 1566 „Libri
701 1535 850 1567 quorum
877 1524 1076 1569 principale
1115 1527 1368 1567 argumentum
1396 1525 1526 1559 bonum
1554 1529 1619 1567 est,
1655 1528 1690 1561 in
1718 1530 1847 1573 quibus

74 1579 195 1611 tamen
231 1577 346 1611 obiter
372 1577 494 1622 aliqua
528 1577 666 1611 inserta
691 1580 787 1617 sunt,
824 1589 915 1621 quae
952 1577 995 1611 ad
1023 1577 1201 1612 haeresim
1229 1590 1292 1611 seu
1320 1578 1552 1623 impietatem,
1589 1581 1848 1616 divinationem

74 1641 138 1664 seu
164 1630 457 1675 superstitionem
484 1633 661 1675 spectant,
689 1643 709 1665 a
736 1630 924 1665 catholicis
951 1631 1131 1674 theologis
1157 1631 1399 1675 inquisitionis
1426 1633 1606 1676 generalis
1633 1637 1848 1670 auctoritate

75 1685 277 1729 expurgati,
315 1685 460 1719 concedi
487 1686 646 1729 possunt.
699 1685 794 1718 Idem
819 1684 993 1729 judicium
1032 1685 1080 1718 sit
1105 1685 1148 1718 de
1176 1685 1345 1730 prologis,
1380 1687 1586 1721 summariis
1613 1700 1675 1722 seu
1703 1689 1849 1724 adnota-

75 1737 243 1778 tionibus,
270 1749 361 1782 quae
388 1750 408 1772 a
435 1738 615 1772 damnatis
634 1738 841 1772 auctoribus
867 1738 969 1772 libris
992 1750 1062 1772 non
1082 1739 1261 1773 damnatis
1280 1740 1467 1784 appositae
1485 1742 1590 1775 sunt“
1616 1741 1848 1787 (Rengll).

76 1791 213 1825 Deinde
248 1792 282 1825 in
318 1792 484 1835 catalogo
515 1794 712 1832 auctorum,
749 1792 810 1836 qui
836 1792 982 1835 regulas
1008 1793 1182 1836 sequitur,
1220 1793 1422 1837 complures
1458 1795 1754 1838 praescribuntur
1789 1808 1849 1831 ex-

76 1845 328 1890 purgationes;
365 1845 467 1879 velut
502 1845 544 1879 de
571 1845 713 1879 Erasini
739 1845 970 1880 Roterodami
1001 1846 1207 1889 „Adagiis“.
1264 1847 1340 1888 „Ex
1367 1847 1533 1888 editione,
1569 1860 1676 1893 quam
1703 1851 1850 1884 molitur

75 1899 212 1932 Paulus
239 1899 433 1940 Manutius,
460 1899 731 1944 permittentur;
770 1899 912 1933 interim
940 1911 1037 1940 vero,
1070 1911 1163 1944 quae
1186 1899 1261 1945 jam
1289 1900 1386 1934 edita
1411 1905 1506 1943 sunt,
1544 1904 1735 1946 expunctis
1761 1904 1850 1938 locis

75 1952 255 1997 suspectis
286 1952 421 1998 judicio
456 1952 611 1998 alicujus
645 1953 832 1986 facultatis
858 1952 1082 1996 theologicae
1109 1953 1361 1987 universitatis
1388 1954 1589 1989 catholicae
1617 1957 1682 1990 vel-
1701 1957 1849 2001 inquisi-

75 2005 184 2039 tionis
209 2005 363 2051 alicujus
389 2006 579 2049 generalis,
606 2007 882 2051 permittantur“
915 2006 997 2049 (Die
1015 2007 1155 2040 Indices
1177 2007 1348 2041 librorum
1373 2008 1632 2052 prohibitorum
1660 2012 1723 2044 des
1749 2012 1850 2045 sech·

77 2059 229 2093 zehnten
267 2059 549 2100 Jahrhunderts,
587 2059 803 2102 gesammelt
841 2060 911 2093 und
951 2060 1248 2104 herausgegeben
1288 2072 1358 2094 von
1398 2062 1462 2095 Fr.
1491 2064 1668 2097 Heinrich
1704 2066 1851 2109 Rensch,

77 2112 266 2156 Tiibingen
287 2113 388 2154 1886,
415 2113 602 2148 247—249
629 2114 726 2156 259).
767 2113 801 2148 S.
827 2113 914 2148 Pius
929 2113 972 2148 V.
992 2113 1104 2147 Roma
1126 2114 1179 2148 19.
1199 2114 1414 2149 Novembris
1436 2117 1525 2151 1570
1552 2117 1594 2151 ad
1625 2118 1662 2152 P.
1678 2118 1851 2153 Thomam

77 2167 120 2200 de
139 2167 327 2210 Maurique
347 2166 386 2200 O.
407 2167 466 2201 Pr.
493 2166 593 2201 Sacri
620 2166 751 2201 Palatii
778 2168 992 2210 magistrum
1019 2167 1171 2209 litteras,
1200 2179 1291 2211 quas
1315 2169 1434 2210 „Motu
1454 2172 1618 2214 propri0“
1641 2176 1783 2213 vocant,
1810 2174 1852 2207 de

78 2219 181 2254 libris
206 2220 404 2265 purgandis
431 2220 539 2254 dedit.
591 2219 781 2262 „Ordinem
808 2221 1026 2255 servandum
1056 2249 1090 2255 ..
1113 2249 1118 2255 .
1146 2222 1181 2254 in
1208 2223 1406 2266 purgandis
1442 2223 1544 2257 libris
1571 2225 1848 2260 catholicorum“

80 2274 165 2307 olim
192 2274 228 2308 in
255 2274 341 2307 folio
367 2276 534 2318 separato
553 2285 740 2314 excusum,
767 2275 827 2318 qui
848 2286 888 2308 eo
907 2278 1068 2319 tempore
1094 2286 1115 2309 a
1133 2275 1337 2319 Mauriquio
1364 2278 1583 2322 compositus
1603 2290 1682 2312 esse
1701 2280 1854 2320 videtur,

79 2327 194 2361 denuo
233 2327 330 2372 typis
366 2327 560 2371 exscripsit
595 2329 663 2361 103.
691 2328 837 2371 He'lyers
873 2328 906 2362 S.
934 2328 967 2362 J.
1010 2328 1046 2362 in
1086 2328 1344 2371 „Zentralblatt
1386 2332 1444 2364 fiir
1481 2331 1850 2368 Bibliotliekswesen“

79 2380 246 2421 XXVIII,
282 2380 430 2425 Leipzig
459 2380 560 2421 1911,
590 2381 667 2415 122.
720 2380 910 2415 Societatis
947 2383 1067 2415 autem
1103 2382 1307 2416 hominibus
1334 2383 1421 2417 Pius
1445 2383 1499 2425 V.,
1527 2396 1607 2418 cum
1635 2385 1770 2421 Romae
1806 2388 1855 2421 in-

79 2434 265 2478 quisitoris
291 2434 472 2478 generalis
509 2434 626 2468 officio
653 2434 876 2477 fungeretur,
914 2435 956 2468 de
990 2435 1092 2469 libris
1128 2436 1372 2480 expurgandis
1400 2438 1520 2472 varias
1554 2438 1749 2474 facultates
1776 2453 1855 2475 con-

81 2490 250 2529 cesserat,
287 2500 331 2522 ex
368 2488 497 2532 quibus
533 2487 600 2521 hae
636 2488 863 2532 potissimum
900 2488 944 2522 ad
970 2500 1045 2522 rem
1081 2492 1308 2533 praesentem
1345 2494 1531 2535 spectant:
1568 2492 1618 2526 Ut
1644 2494 1786 2528 sodales
1816 2507 1855 2538 „a

81 2541 271 2586 Superiore
307 2541 470 2586 deputati
506 2541 550 2576 ad
587 2541 827 2575 emendandos
863 2541 974 2576 libros
1010 2554 1149 2583 eorum,
1186 2543 1246 2586 qui
1284 2543 1327 2577 ad
1364 2544 1462 2588 ipsos
1497 2545 1701 2589 Religiosos
1727 2548 1786 2582 vel
1820 2549 1855 2582 in

81 2595 228 2636 scholis,
257 2595 314 2629 vel
343 2598 447 2629 extra
473 2595 555 2629 illas
581 2607 766 2630 recurrere
792 2595 920 2637 solent,
947 2595 1159 2630 facultatem
1187 2597 1373 2637 haberent,
1414 2599 1555 2641 quando
1582 2602 1749 2635 auctores
1775 2602 1858 2636 boni

81 2651 218 2690 essent,
254 2651 295 2682 vt
322 2649 566 2692 Augustinus,
594 2649 851 2693 Hieronymus,
888 2651 924 2682 et
959 2649 1115 2691 similes,
1151 2650 1213 2684 sed
1249 2650 1423 2685 haberent
1458 2664 1571 2697 praua
1606 2654 1758 2696 scholia,
1798 2656 1857 2690 vel

83 2702 199 2736 malas
226 2703 499 2744 annotationes;
527 2704 589 2737 aut
616 2714 695 2737 cum
723 2705 858 2744 auctor,
887 2704 924 2736 et
948 2702 1169 2748 impressor2
1195 2703 1295 2749 impij
1324 2707 1455 2746 essent,
1482 2707 1544 2740 sed
1572 2719 1641 2741 non
1667 2707 1768 2750 libri:
1797 2713 1858 2744 aut

207 2829 215 2847 ¹
244 2828 282 2862 P.
312 2827 518 2873 Alphonsus
554 2827 739 2862 Salmeron
780 2827 987 2872 provinciae
1025 2828 1277 2873 neapolitanae
1313 2830 1347 2864 S.
1374 2831 1406 2865 J.
1440 2833 1669 2877 praepositus
1708 2845 1738 2868 a.
1768 2835 1858 2870 1569

83 2881 185 2915 iussu
211 2881 244 2915 S.
273 2881 328 2915 Pii
346 2881 389 2916 V.
417 2881 552 2916 Romae
588 2882 623 2915 in
649 2881 784 2926 palatio
812 2881 1008 2926 apostolico
1036 2893 1155 2916 coram
1191 2882 1268 2927 ipso
1300 2884 1469 2928 pontifice
1495 2886 1679 2921 contiones
1707 2889 1858 2931 quadra-

83 2935 277 2978 gesimales
303 2935 430 2969 habuit
459 2935 657 2980 (Epistolae
685 2935 723 2968 P.
744 2935 922 2978 Alphonsi
941 2936 1162 2969 Salmeronis
1186 2937 1210 2977 Ι,
1238 2937 1378 2971 Matriti
1400 2939 1621 2980 1906,xv11;
1648 2941 1692 2982 II,
1719 2941 1858 2976 Matriti

87 2988 189 3030 1907⁷
206 2988 546 3087 jssliaegcffiiinprimis
572 3042 617 3076 ad
639 3042 838 3085 „indicem
866 3041 970 3075 Pauli
988 3042 1050 3076 IV.
1072 3042 1109 3086 (a
1127 3043 1191 3077 Pio
1211 3043 1271 3078 lV.
1291 3044 1521 3090 abrogatum)
1550 3050 1729 3092 spectant,
1757 3050 1859 3084 cuius

84 3095 194 3129 editio
220 3096 354 3130 Romae
380 3108 411 3130 a.
439 3096 529 3130 1559
564 3096 662 3130 facta
698 3095 904 3138 catalogum
940 3095 1048 3130 habet
1079 3096 1434 3143 „Typographorum,
1472 3112 1489 3133 e
1517 3112 1669 3144 quorum
1705 3102 1859 3137 officinis
