2044 3335
762 81 794 115 7.
813 83 847 114 et
875 81 906 115 9.
927 79 1146 125 Septembris
1173 79 1276 115 1567.
1477 129 1479 131 q
1808 81 1890 122 561

131 198 324 240 Jesuitas
356 197 560 251 priuatim
593 200 911 248 conuenerunt,
953 198 1026 239 vbi
1068 211 1237 252 quoque
1277 200 1367 240 tam
1404 196 1611 238 Dominos
1653 195 1706 236 de
1738 195 1894 237 Facul-

130 266 223 306 tate
256 262 428 313 artium,
464 276 592 314 quam
624 263 747 306 Dom.
783 262 834 304 de
867 263 1086 305 Societate
1123 276 1260 317 ¹supra
1300 261 1545 304 nominatos
1586 262 1761 316 praesto
1801 274 1896 302 esse

130 329 362 370 iusserunt.

250 393 352 434 Cum
386 393 529 433 autem
554 391 749 434 Actionis
774 392 1141 446 Exceptionisque
1174 391 1327 446 Capita
1355 390 1522 444 Arbitrj
1556 391 1895 439 examinassent,

132 457 316 512 primum
349 457 487 510 Caput
520 456 711 498 nonnihil
739 457 934 499 Jniuriae
967 471 1071 510 prae
1103 470 1149 498 se
1183 456 1298 498 ferre
1331 456 1471 497 visum
1504 458 1584 507 est,
1619 470 1702 509 quo
1725 455 1896 508 Dominj

133 524 185 564 de
219 522 447 564 Facultate
480 535 565 562 non
597 535 750 574 parum
783 536 829 563 se
862 536 887 563 a
910 521 1177 563 Reuerendis
1200 520 1395 562 Dominis
1428 521 1479 562 de
1504 521 1721 563 Societate
1754 520 1897 562 Philo-

131 587 308 641 sophiae
341 585 664 628 Professoribus
696 587 837 628 laesos
871 600 966 629 esse
999 586 1385 639 conquerebantur.
1449 585 1568 634 Quod
1603 600 1697 627 cum
1731 588 1779 627 vt
1810 585 1899 640 pri-

134 667 262 702 mum,
295 652 358 693 ita
379 650 616 693 maximum
640 650 873 702 videretur,
909 651 1080 704 Dominj
1106 650 1397 703 Commissarij
1430 664 1516 691 non
1542 650 1622 691 sibi
1653 651 1697 692 in
1719 650 1898 704 negocio

130 717 216 759 isto
248 715 614 770 progrediundum
657 715 984 767 existimarunt,
1028 716 1278 770 priusquam
1311 714 1579 757 Jniuriarum
1612 715 1682 756 vel
1722 715 1899 757 minima

131 782 265 825 etiam
298 781 484 835 suspicio
517 783 827 823 remoueretur.

251 846 388 896 Quum
422 859 524 887 vero
551 845 706 887 Patres
740 846 791 887 de
826 846 1043 889 Societate
1066 847 1117 889 D.
1140 845 1362 887 Arboreus
1395 846 1440 887 et
1462 844 1647 887 Vrsinus
1669 843 1898 886 Neminem

133 913 188 954 de
210 912 440 954 Facultate
474 925 499 953 a
521 925 567 952 se
590 910 759 952 ,Jniuria
782 911 985 953 affectum
1013 925 1108 953 esse
1132 910 1423 961 ostenderent,
1458 922 1537 951 nec
1559 909 1693 951 vllam
1726 922 1900 951 causam

135 977 303 1020 Jniuria
336 976 511 1030 dignam
545 975 588 1017 in
622 975 765 1028 aliquo
809 979 1118 1029 agnoscerent,
1163 976 1263 1029 quin
1305 989 1390 1017 non
1430 975 1513 1016 nisi
1545 974 1736 1016 BONOS
1769 977 1900 1028 atque

136 1041 385 1084 OPTIMOS
419 1040 590 1082 VIROS
625 1042 837 1093 quotquot
876 1041 928 1083 de
969 1041 1180 1083 facultate
1222 1043 1390 1090 essent,
1435 1042 1479 1082 et
1517 1039 1602 1081 iam
1645 1039 1899 1089 iudicarent,

134 1111 179 1150 et
211 1108 422 1149 hactenus
455 1105 626 1159 experti
658 1104 865 1157 fuissent,
911 1106 1077 1148 dextris
1118 1105 1315 1148 manibus
1348 1105 1546 1147 ι1111110001
1578 1104 1737 1148 iunctis
1770 1107 1901 1158 atque

134 1172 293 1215 mutuis
316 1171 587 1225 amplexibus
619 1170 849 1224 pristinam
872 1171 1086 1224 Vtrinque
1112 1171 1300 1224 gratiam
1334 1171 1534 1213 lubenter
1556 1170 1769 1221 Jnierunt,
1805 1184 1899 1211 cum

133 1241 259 1280 tanta
291 1237 342 1279 D.
377 1235 776 1278 Commissariorum
810 1237 1201 1289 congratulatione,
1244 1238 1294 1278 vt
1325 1236 1568 1289 Negocium
1609 1249 1719 1290 pene
1760 1238 1899 1278 totum

134 1305 406 1346 ¹transactum
442 1301 674 1343 videretur.

253 1368 343 1418 Quo
385 1367 503 1409 facto
546 1366 782 1408 discessum
825 1369 913 1417 est,
957 1370 1088 1420 atque
1130 1366 1393 1420 reliquorum
1429 1366 1649 1421 Capitum,
1695 1380 1805 1419 quae
1847 1366 1903 1408 ad

133 1434 357 1476 Oameram
390 1432 662 1486 spectabant,
698 1431 919 1482 discussio,
954 1432 1010 1473 Jn
1035 1434 1072 1475 9.
1098 1432 1315 1486 Septemb.
1349 1434 1601 1485 sequentem
1635 1432 1799 1474 reiecta
1822 1434 1901 1475 est.

134 1499 312 1549 Quando
346 1511 476 1550 quum
510 1496 636 1539 solito
670 1496 763 1538 1000
799 1497 1102 1540 conuenissent
1135 1501 1178 1540 et
1209 1496 1372 1551 Arbitrj
1407 1499 1451 1539 et
1492 1497 1518 1551 ij
1554 1497 1624 1550 qui
1658 1497 1743 1539 iam
1776 1496 1904 1539 ,10101-

134 1578 181 1606 50
213 1567 420 1613 coierant,
460 1562 704 1615 Reuerendj
738 1561 909 1603 Domini
953 1562 1004 1604 de
1037 1562 1255 1605 Societate
1287 1563 1344 1604 M.
1379 1561 1599 1604 Arboreus
1642 1565 1686 1605 et
1719 1562 1903 1604 Vrsinus

136 1629 366 1683 suspicatj,
419 1627 672 1669 Animorum
719 1627 837 1668 illam
886 1627 1237 1670 Coniunctionem
1284 1628 1599 1671 nudiustertius
1647 1630 1899 1669 renouatam

137 1694 367 1736 firmiorem
409 1707 493 1734 non
534 1692 650 1743 fore,
697 1706 826 1746 quam
871 1693 906 1734 si
949 1693 1268 1735 Discessionem
1309 1708 1335 1736 a
1375 1693 1552 1747 reliquis
1585 1692 1755 1735 Artium
1799 1692 1903 1734 Pro-

135 1760 371 1802 fessoribus
394 1758 603 1801 facerent.
647 1758 672 1799 J
678 1760 808 1810 taque
832 1760 985 1800 contra
1006 1758 1289 1800 Voluntatem
1313 1759 1593 1800 Dominorum
1617 1758 1669 1799 de
1692 1758 1904 1800 facultate

134 1839 214 1867 sua
246 1828 399 1879 sponte
423 1823 618 1865 omnibus
641 1837 687 1864 se
711 1825 755 1865 et
785 1823 1016 1865 honoribus
1040 1826 1084 1866 01
1106 1823 1306 1865 oneribus
1328 1823 1553 1866 facultatis
1575 1822 1904 1877 Philosophicae

137 1893 226 1932 tam
269 1904 345 1932 suo
388 1903 514 1942 quam
550 1889 830 1931 Posterorum
872 1888 1061 1930 omnium
1102 1889 1274 1931 nomine
1307 1892 1544 1940 exuerunt,
1579 1889 1827 1942 Senatuque
1861 1892 1906 1930 et

137 1956 309 1998 Gremio
343 1954 568 1997 facultatis
600 1968 776 2008 prorsus
810 1954 1090 2005 abdicarunt,
1133 1954 1194 1997 Vt
1226 1954 1392 1996 scilicet
1434 1954 1600 1996 cunctis
1633 1954 1903 2008 etdisputa-

135 2021 324 2064 tionibus
356 2019 629 2074 praesidendj
663 2022 706 2061 et
728 2020 1044 2073 promouendos
1068 2019 1343 2074 examinandj
1368 2019 1579 2074 molestijs
1606 2022 1753 2062 essent
1784 2022 1903 2074 post-

136 2088 216 2128 hac
258 2085 404 2139 liberj,
449 2099 528 2126 nec
570 2085 624 2126 ad
666 2085 800 2126 Vllum
846 2084 963 2127 aliud
1008 2099 1137 2138 quam
1177 2086 1407 2139 profitendj
1450 2089 1494 2128 et
1535 2085 1706 2139 legendj
1751 2099 1905 2126 munus

136 2151 341 2204 obligatj,
385 2153 516 2202 atque
558 2149 620 2192 ita
661 2163 800 2203 neque
842 2150 896 2192 ad
931 2150 1150 2192 Gremium
1191 2164 1270 2192 000
1304 2151 1512 2193 Senatum
1544 2150 1785 2193 Facultatis
1818 2150 1905 2191 vllo

138 2217 262 2258 modo
295 2215 634 2269 reciperenturl.
697 2215 878 2268 Hocque
919 2215 961 2256 in
998 2216 1245 2270 praesentia
1278 2216 1328 2258 D.
1364 2216 1763 2258 Commissariorum
1806 2228 1904 2269 1110-Ἰ

134 2281 288 2334 testatj
311 2283 424 2331 sunt,
460 2283 504 2322 et
527 2280 804 2334 subsequentj
830 2280 984 2331 Coena,
1020 2280 1087 2323 cui
1110 2295 1257 2323 omnes
1290 2281 1387 2323 illos
1409 2295 1496 2323 vna
1524 2295 1619 2323 cum
1642 2281 1698 2325 M.
1723 2280 1904 2322 Alberto

137 2347 344 2400 Hungero
377 2345 675 2400 philosophiae
707 2345 960 2388 Professore
983 2346 1209 2389 ‚Jnteresse
1242 2347 1365 2389 Dom.
1391 2346 1586 2389 Canisius
1620 2346 1769 2396 voluit,
1804 2360 1903 2387 con—

135 2413 375 2454 firmarunt.

256 2477 423 2530 Coeterj
458 2479 603 2518 tamen
629 2475 830 2529 Collegae
854 2479 985 2529 atque
1007 2476 1180 2518 Artium
1202 2477 1476 2519 Professores
1506 2477 1616 2519 hanc
1638 2475 1903 2519 Jesuitarum

136 2543 424 2585 secessionem
469 2544 512 2583 et
557 2555 582 2582 a
625 2540 807 2583 Scholae
852 2542 1053 2583 oneribus
1094 2542 1426 2584 ernunitatem
1470 2556 1555 2584 non
1599 2542 1717 2596 prius
1761 2544 1903 2584 ratam

138 2609 393 2659 habuerunt,
419 2622 548 2661 quam
570 2606 862 2661 ι11111511155110]
888 2607 1099 2661 Principis
1121 2607 1258 2661 nostrj
1282 2607 1558 2650 Confirmatio
1583 2611 1626 2650 et
1649 2607 1904 2662 approbatio

138 2674 406 2716 accessisset.
481 2673 574 2714 Hoc
623 2672 779 2720 etenim
824 2675 1004 2726 propter
1053 2673 1358 2726 posteritatem
1400 2687 1569 2726 quoque
1613 2673 1903 2715 necessarium

139 2739 452 2793 quodammodo
486 2738 727 2780 videbatur.
793 2737 874 2779 Sed
910 2752 1005 2779 cum
1040 2737 1228 2792 Principi
1263 2741 1412 2780 nostro
1446 2732 1714 2782 ClementiSS.
1750 2739 1805 2780 ad
1836 2753 1904 2780 re-

138 2805 358 2848 tinendam
384 2805 411 2846 J
416 2806 513 2846 nter
536 2802 811 2845 Professores
845 2802 1004 2845 artium
1038 2805 1081 2845 et
1103 2803 1296 2846 Jesuitas
1319 2803 1599 2846 Concordiam
1633 2818 1905 2859 summopere

139 2871 394 2925 placuisset,
429 2868 622 2922 Reliquis
656 2868 977 2910 Professoribus
1019 2871 1172 2922 postea
1204 2869 1323 2910 nulla
1364 2869 1533 2912 ratione
1574 2869 1803 2925 displicere
1837 2870 1905 2911 vel

139 2935 286 2978 debuit
318 2936 386 2977 vel
419 2935 573 2989 potuit.
1898 2936 1900 2941 ’

263 3071 271 3089 ¹
299 3068 440 3103 Canisio
467 3071 612 3104 auctore
638 3069 819 3103 Arboreus
846 3071 882 3102 et
909 3068 1061 3102 Ursinus
1089 3067 1138 3102 ita
1165 3071 1335 3113 egerunt;
1362 3082 1395 3104 V.
1423 3082 1532 3116 supra
1558 3083 1591 3116 p.
1610 3071 1762 3106 41—42.

212 3133 524 3165 Braunsberger,
545 3132 658 3159 Canisii
677 3132 832 3166 Epistulae
853 3134 882 3159 et
903 3133 989 3160 Acta.
1020 3132 1068 3158 VI.
1575 3131 1620 3165 36
