2044 3335
164 111 316 135 XXXVIII

216 216 306 250 1568

216 323 305 357 1568

199 595 310 636 1568

216 858 306 893 1568

216 1071 307 1107 1568

203 1246 312 1287 1568

218 1445 308 1479 1568

219 1551 309 1586 1568

219 1611 308 1646 1568

202 1725 313 1766 1568

219 1795 309 1829 1568

222 2013 311 2047 1568

220 2120 311 2154 1568

222 2279 311 2313 1568

207 2400 317 2440 1568

226 2985 315 3019 1568

632 99 693 134 ΙΙΙ.
720 98 879 133 Tabulae
905 98 1176 143 chronologicae
1201 98 1300 134 vitae
1327 99 1470 134 Canisii.

391 217 476 260 Apr.
494 215 550 249 26.
570 214 629 248 vel
647 214 703 248 27.

461 321 547 366 Apr.
567 321 624 356 29.

457 593 561 636 Maii
596 595 632 636 1.

368 858 455 892 Maii
483 859 524 900 1.‚
551 858 594 899 2„
623 858 666 899 3.,
687 858 720 891 4.

368 1071 462 1106 inter
476 1071 507 1105 5.
521 1073 556 1105 et
569 1070 623 1106 10.
635 1070 722 1105 Maii

411 1244 489 1286 sub
514 1245 552 1288 5.
576 1243 681 1285 Maii

464 1444 551 1478 Maii
572 1444 625 1479 11.

427 1497 482 1541 (ut
508 1497 668 1541 videtur)

465 1551 552 1584 Maii
571 1551 626 1585 24.

418 1609 484 1644 sub
510 1610 566 1644 24.
588 1609 675 1643 Maii

414 1723 682 1767 Ian.——NOV.

414 1794 515 1828 initio
541 1805 586 1828 m.
606 1793 682 1828 Iun.

441 2012 547 2057 paulo
573 2015 657 2046 ante

479 2066 532 2100 13.
551 2066 628 2100 Iun.

475 2119 552 2153 Iun.
576 2120 630 2154 13.

407 2279 482 2313 Iun.
502 2279 557 2314 20.
579 2279 698 2323 (2112)

415 2398 507 2441 Iun.
533 2400 601 2441 21.
627 2398 682 2440 ad

470 2464 572 2507 Dec.
601 2466 636 2507 1.

378 2986 453 3020 Iun.
473 2987 529 3020 21.
541 3005 585 3010 ——
597 2986 681 3020 Dec.
699 2987 728 3020 1.

759 214 809 249 Ut
834 214 1112 249 calumniatores
1137 214 1291 256 refellat,
1318 215 1518 250 contionem
1545 215 1654 250 habet
1677 215 1711 249 in
1729 224 1825 261 pago
1844 227 1928 260 quo-

818 268 899 301 dam
926 268 1100 302 dioecesis
1126 267 1386 312 herbipolensis
1413 265 1631 311 (Eifclstadt
1643 268 1674 312 P)
1704 269 1818 312 (185).

758 322 945 363 Augustae
971 321 1007 354 in
1033 321 1322 364 congregationis
1348 322 1580 366 provincialis
1608 322 1829 366 (provinciae
1848 321 1929 356 S.J.
1973 335 1976 339 ’

818 373 1032 408 Germaniae
1058 374 1269 418 superioris)
1292 375 1432 408 actione
1459 375 1484 408 Ι.
1504 375 1675 418 deligitur
1694 375 1731 409 O.
1753 374 1928 418 (absens),

818 429 858 460 ut
883 439 963 461 cum
991 427 1029 460 P.
1045 427 1192 460 Hoffaeo
1210 427 1502 472 viceprovinciali
1528 430 1565 461 et
1582 428 1621 461 P.
1637 428 1769 462 Lanoio
1787 428 1929 471 seligat,

817 491 908 523 quae
943 479 1214 523 congregationi
1249 480 1485 524 proponenda,
1521 492 1612 524 quae
1647 480 1826 514 reicienda
1857 481 1931 515 sint

819 532 933 576 (566).

759 593 802 636 C.
825 592 1055 647 Augustae
1079 593 1407 646 congregationi
1439 593 1693 648 provinciali
1718 593 1931 636 interesse

817 657 990 712 incipit;
1032 658 1075 699 in
1117 672 1168 699 ea
1208 657 1301 712 ipse
1333 661 1601 712 procurator,
1644 658 1717 712 qui
1749 659 1931 701 Romam

819 727 903 773 eat,
939 723 984 766 P.
1011 723 1199 765 Lanoius
1237 723 1328 765 eius
1367 724 1676 774 „substitutus“
1713 724 1933 777 eliguntur

820 789 956 842 (566).

760 857 1059 902 congregationis
1088 858 1161 901 (cui
1187 858 1226 892 P.
1246 858 1416 893 Hoffaens
1434 858 1747 904 viceprovincialis
1771 859 1929 903 praeest)

819 911 1018 945 actionibus
1044 911 1196 945 interest
1221 911 1265 945 ab
1292 922 1403 955 eaque
1430 911 1531 945 varia
1564 912 1711 955 negotia
1736 911 1870 945 Romae
1896 912 1933 945 in

820 964 1099 1007 congregatione
1124 966 1394 1009 procuratorum
1425 967 1460 998 et
1485 965 1579 1010 apud
1605 964 1847 1010 praepositum
1874 976 1932 1008 ge·
1978 992 1990 1001 .

819 1017 975 1051 neralem
1002 1020 1161 1051 tractare
1188 1017 1329 1052 iubetur
1357 1018 1534 1061 (566s72).

760 1068 930 1115 Dilingae
950 1070 999 1111 C„
1018 1070 1200 1110 Hoffaeus,
1227 1071 1449 1105 consultores
1467 1071 1578 1115 aliqui
1601 1070 1929 1113 „i11formationem“

820 1124 863 1157 de
890 1123 1002 1157 Sociis
1029 1124 1072 1157 ad
1099 1123 1357 1168 professionem
1384 1124 1614 1158 admittendis
1641 1124 1843 1165 conficiunt,
1870 1136 1933 1169 per

821 1176 858 1225 C.
885 1177 1089 1221 praeposito
1116 1177 1276 1220 generali
1302 1177 1520 1211 afferendam
1549 1177 1664 1221 (601).

761 1243 1001 1286 Cardinalis
1023 1243 1274 1294 Truchsess,
1305 1246 1353 1285 ut
1375 1243 1455 1285 sibi
1477 1244 1659 1286 Romam
1682 1243 1932 1298 profecturo

820 1308 863 1350 C.
898 1322 1041 1350 comes
1073 1309 1273 1360 addatur,
1311 1309 1459 1351 multis
1496 1309 1694 1362 precibus
1726 1309 1935 1364 impetrat

821 1373 958 1426 (573).

741 1433 798 1476 'C.
827 1454 906 1476 cum
933 1442 1107 1477 cardinali
1133 1442 1278 1486 Dilinga
1304 1442 1456 1476 discedit
1485 1443 1598 1487 (574).

761 1547 962 1594 Oeniponte
989 1561 1067 1583 cum
1095 1548 1269 1583 cardinali
1294 1551 1462 1583 versatur
1491 1549 1604 1593 (574).

761 1608 816 1642 Ex
843 1608 994 1651 collegio
1029 1609 1266 1653 oenipontano
1301 1608 1341 1643 P.
1368 1608 1600 1653 Merquitium
1636 1619 1759 1643 secum
1785 1607 1936 1642 Romam

822 1673 949 1696 versus
975 1662 1121 1695 abducit
1149 1662 1263 1705 (574).

764 1722 804 1764 S.
829 1722 930 1764 Pius
953 1722 1005 1765 V.
1039 1722 1302 1764 cardinalem
1335 1722 1431 1764 vult
1463 1722 1505 1764 C.
1540 1735 1689 1764 creare
1721 1720 1858 1774 (731).

762 1790 947 1827 Anconam
966 1804 1044 1826 cum
1064 1791 1235 1826 cardinali
1250 1791 1449 1826 Truchsess
1467 1792 1577 1826 venit.
1605 1792 1646 1825 In
1663 1791 1797 1836 templo
1816 1790 1934 1825 cathe-

823 1845 924 1887 drali,
952 1846 1036 1879 dum
1063 1846 1098 1879 in
1124 1848 1239 1879 semet
1263 1845 1422 1889 inquirit,
1449 1844 1624 1888 singulari
1650 1844 1771 1878 divino
1798 1844 1933 1878 lumine

822 1899 1027 1933 illustratus
1053 1899 1166 1932 vitam
1197 1910 1336 1932 omnem
1371 1898 1407 1932 in
1441 1910 1528 1932 suae
1556 1898 1707 1932 vilitatis
1734 1897 1936 1941 cognitione

822 1952 973 1986 fundare
999 1953 1128 1986 statuit
1155 1951 1272 1995 (574).

764 2011 853 2046 Cum
879 2011 1051 2046 cardinali
1077 2011 1277 2046 Truchsess
1302 2009 1502 2046 Lauretum
1528 2011 1628 2045 venit
1655 2009 1769 2055 (575).

765 2119 864 2152 Dom.
900 2117 960 2152 SS.
987 2117 1176 2152 Trinitatis
1214 2118 1249 2151 in
1285 2117 1373 2151 aede
1407 2117 1579 2159 mariana,
1615 2117 1788 2151 cardinali
1823 2116 1937 2151 sacris

823 2173 1004 2217 operante,
1027 2172 1141 2216 ipsius
1159 2171 1304 2205 hortatu
1322 2171 1470 2205 latinam
1491 2171 1691 2205 contionem
1710 2170 1752 2204 de
1770 2170 1936 2204 laudibus

823 2237 948 2259 sacrae
973 2225 1274 2269 peregrinationis
1299 2222 1410 2258 habet
1437 2224 1591 2268 (575s6).

765 2278 853 2312 Cum
889 2278 1062 2312 cardinali
1093 2277 1294 2312 Truchsess
1329 2280 1364 2311 et
1400 2278 1439 2311 P.
1467 2277 1660 2321 Merquitio
1692 2275 1841 2311 Romam
1876 2275 1935 2310 ad-

824 2331 924 2365 venit
953 2332 1106 2375 (576s7).

765 2398 929 2440 Romae
961 2402 1185 2444 versatur:
1228 2412 1305 2451 per
1337 2411 1538 2450 magnam
1572 2397 1697 2438 huius
1729 2395 1937 2450 temporis

824 2466 994 2518 partem
1029 2465 1244 2516 aegrotat.
1307 2462 1580 2516 Aliquotiens
1621 2462 1736 2513 (cum
1776 2461 1820 2503 P.
1855 2461 1938 2502 Po-

824 2528 948 2570 lanco
982 2528 1212 2571 Societatis
1244 2527 1498 2581 secretario)
1532 2527 1573 2570 S.
1597 2526 1720 2568 Pium
1746 2526 1799 2568 V.
1830 2525 1936 2568 adit.

825 2594 909 2635 Per
953 2593 1185 2636 Societatis
1228 2593 1378 2634 domos
1420 2592 1746 2634 exhortationes
1790 2604 1938 2632 sacras

825 2657 969 2700 habet.
1014 2658 1191 2711 Collegii
1215 2657 1452 2710 germanici
1473 2657 1653 2698 iuvenes
1684 2656 1739 2697 ad
1760 2654 1938 2709 pietatis

826 2726 871 2765 et
902 2723 1147 2765 litterarum
1169 2722 1313 2765 studia
1335 2736 1465 2776 saepe
1488 2721 1674 2770 excitat;
1708 2720 1872 2774 templa
1895 2722 1939 2761 et

826 2788 1146 2831 valetudinaria
1190 2787 1385 2829 obeundo
1427 2799 1632 2828 romanae
1674 2785 1849 2839 pietatis
1894 2786 1939 2826 et

828 2853 1137 2894 beneficentiae
1169 2852 1371 2906 exempla
1397 2851 1562 2904 colligit
1593 2850 1698 2903 (208
1732 2852 1814 2891 211
1852 2851 1935 2891 237

828 2918 912 2958 578
947 2917 1064 2970 584)

768 2985 973 3020 oratorium
992 2986 1026 3021 S.
1047 2987 1203 3031 Philippi
1220 2986 1319 3020 Nerii
1344 2986 1562 3029 frequentat.
1596 2985 1644 3019 Et
1669 2996 1689 3018 a
1709 2983 1876 3028 Philippo
1902 2984 1939 3017 et

826 3050 848 3073 a
874 3040 1036 3081 Baronio,
1063 3040 1247 3080 Taurusio,
1275 3039 1441 3073 Bordinio
1474 3038 1550 3072 eius
1585 3037 1772 3082 discipulis
1808 3036 1938 3071 famili-

828 3093 939 3126 ariter
964 3095 1001 3126 et
1025 3093 1219 3127 honorifice
1244 3092 1397 3126 habetur
1425 3091 1540 3133 (579).
