2044 3335
180 100 265 141 570
834 95 928 128 Mon.
955 95 1025 130 948
1051 94 1129 129 sive
1156 94 1192 128 it.
1215 94 1280 138 (1).

517 226 654 266 parua
686 211 808 253 nobis
840 211 1015 264 insuper
1056 212 1123 252 est
1158 211 1391 253 difficultas
1434 212 1658 265 exigendi,
1702 214 1746 254 et
1787 212 1934 255 obser-

520 276 649 318 uandi
672 290 736 325 ea,
771 290 881 329 quae
904 275 1018 317 circa
1051 275 1181 318 libros
1210 275 1461 330 prohibitos,
1495 277 1638 318 Jndex
1661 276 1834 330 eiusque
1867 292 1934 319 re-

518 342 646 394 gulae
679 341 721 382 in
745 340 932 383 Concilio
957 339 1208 383 Tridentino
1233 340 1458 383 confectae
1489 341 1802 395 praescribunt.
1845 346 1935 384 Au-

519 406 702 447 diuimus
736 406 775 448 S.
802 405 941 448 Ponti.
976 404 1097 446 Pium
1131 408 1332 458 quartum
1373 405 1452 446 sub
1485 420 1567 459 quo
1599 406 1736 460 primo
1769 406 1836 448 hic
1869 409 1936 448 est

519 471 656 512 Index
697 471 997 524 promulgatus
1041 483 1248 524 expresse
1290 470 1451 512 dixisse
1489 471 1602 512 nolle
1644 485 1690 513 se
1730 471 1847 512 illum
1892 471 1935 512 in

522 535 754 577 Germania
786 534 994 589 publicari
1010 536 1036 577 1.
1090 534 1243 588 Neque
1266 535 1469 589 Episcopi
1501 538 1657 589 putant
1689 536 1869 578 eundem
1893 535 1935 577 in

520 600 753 642 Germania
785 613 912 654 posse
945 599 1182 641 obseruari.

578 666 648 707 Ex
681 665 895 707 communi
937 678 1148 706 consensu
1191 664 1329 706 uisum
1371 664 1455 707 fuit
1487 665 1688 707 Patribus
1727 665 1935 716 omnibus,

520 733 568 773 ut
601 730 653 772 de
686 729 947 784 supradictis
980 729 1321 779 difficultatibus,
1356 730 1528 771 nomine
1561 730 1809 784 prouinciae
1832 730 1937 772 Pro-

521 798 697 837 curator
719 797 884 848 ageret,
919 798 963 837 et
986 808 1238 848 responsum
1262 809 1287 836 a
1309 794 1563 836 Reuerendo
1587 795 1633 838 P.
1658 795 1712 838 N.
1738 794 1937 837 Generali

523 863 706 914 peteret.

891 920 958 962 13.
993 918 1227 960 decretum.

580 983 683 1025 Cum
724 983 839 1026 inter
879 984 965 1025 alia
1009 983 1338 1036 congregationi
1382 983 1659 1037 proponenda
1703 983 1744 1025 id
1789 983 1874 1025 iam
1913 997 1939 1025 a

522 1048 725 1090 Patribus
757 1048 1025 1102 propositum
1058 1051 1175 1090 esset
1208 1047 1344 1089 uideri
1376 1048 1520 1101 aliqua
1554 1062 1579 1090 a
1612 1048 1798 1090 Concilio
1822 1047 1938 1090 Trid.

522 1127 628 1157 sess,
669 1115 723 1154 25
758 1113 931 1155 decreto
975 1113 1027 1155 de
1061 1113 1334 1166 regularibus
1375 1116 1419 1155 et
1451 1113 1707 1155 monialibus
1748 1113 1938 1163 definita,

523 1192 634 1231 quae
661 1178 703 1220 in
727 1178 808 1219 hac
832 1177 1171 1231 congregatione
1194 1177 1566 1220 animaduersione
1589 1178 1719 1231 digna
1741 1178 1940 1220 uideren-

521 1245 615 1292 tur;
668 1243 855 1284 omnium
907 1242 1125 1297 suffragijs
1175 1245 1388 1285 statutum
1439 1243 1545 1293 fuit,
1600 1246 1647 1285 ut
1697 1242 1940 1284 Reuerendi

522 1307 690 1358 Patres,
709 1308 761 1351 D.
781 1308 938 1350 Torres
952 1309 980 1351 2.
1014 1309 1065 1350 D.
1082 1307 1289 1350 Alfonsus
1307 1307 1502 1358 Pisanus,
1522 1311 1566 1350 et
1583 1308 1632 1350 D.
1650 1307 1941 1349 Theodoricus

522 1373 718 1415 Canisius
751 1387 797 1415 re
822 1374 928 1415 bene
951 1375 1179 1427 perspecta
1212 1373 1266 1414 ad
1290 1373 1673 1426 congregationem
1699 1387 1820 1414 suam
1843 1387 1941 1414 sen-

521 1438 705 1480 tentiam
728 1438 963 1488 referrent3
999 1438 1111 1491 quod
1133 1437 1215 1492 ipsi
1238 1452 1333 1480 cum
1356 1438 1574 1488 fecissent,
1602 1437 1837 1480 iudicatum
1861 1440 1940 1488 est,

522 1503 626 1544 nihil
659 1503 716 1544 ibi
751 1517 845 1545 esse
878 1504 1113 1556 singulare,
1147 1503 1261 1556 quod
1293 1503 1347 1545 ad
1388 1502 1498 1545 hanc
1539 1501 1941 1557 congregatione[m

520 1582 784 1622 magnopere
817 1566 1075 1623 pertineret]
1087 1569 1115 1611 3.

581 1633 732 1676 Visum
775 1636 842 1676 est
883 1633 1015 1676 etiam
1049 1633 1274 1684 Patribus,
1317 1636 1365 1676 ut
1405 1633 1529 1675 iuxta
1569 1633 1801 1675 formulam
1841 1646 1942 1674 con-

522 1698 792 1752 gregationis
836 1698 917 1741 sibi
960 1698 1274 1753 praescriptam
1291 1700 1318 1749 4,
1367 1698 1558 1741 rationes
1606 1699 1853 1740 conferrent
1898 1698 1941 1739 in

521 1767 751 1816 utramque
773 1767 957 1818 partem,
991 1777 1102 1817 quae
1135 1763 1369 1806 suaderent
1400 1764 1469 1805 uel
1493 1763 1806 1814 dissuaderent,
1840 1776 1941 1804 con-

521 1829 823 1882 gregationem
857 1829 1105 1882 generalem
1148 1829 1228 1870 hoc
1269 1833 1464 1882 tempore
1506 1828 1830 1878 celebrandam,
1873 1827 1942 1869 uel

519 1907 604 1935 non
628 1894 932 1936 celebrandam
955 1908 1064 1937 esse.
1108 1895 1172 1935 Ac
1204 1908 1281 1947 pro
1314 1896 1439 1947 parte
1463 1893 1633 1946 quidem
1662 1891 1940 1941 affirmatiua,

520 1958 602 2000 hae
644 1973 754 2012 quae
797 1962 1037 2012 sequuntur
1078 1958 1271 2001 rationes
1313 1959 1366 2000 ab
1408 1958 1493 1999 illis
1535 1960 1635 2000 sunt
1676 1957 1719 1998 in
1756 1956 1941 1998 medium

522 2024 696 2066 allatae.

584 2090 620 2130 1.
654 2088 907 2131 Necessitas
948 2088 1196 2143 prouinciae
1228 2091 1418 2138 nostrae,
1462 2101 1572 2141 quae
1614 2089 1713 2141 post
1745 2086 1940 2128 ultimam

522 2153 905 2207 congregationem
957 2153 1207 2206 generalem
1259 2153 1423 2195 Romae
1475 2152 1669 2195 habitam
1683 2153 1712 2203 5,
1766 2151 1942 2204 grauius

523 2232 652 2271 quam
695 2221 825 2261 antea
866 2218 1104 2269 laborauit,
1149 2218 1398 2261 efficacibus
1443 2217 1697 2271 quibusdam
1741 2216 1943 2270 remedijs

300 2331 309 2350 ¹
336 2330 412 2364 Hoc
438 2329 563 2364 nullibi
590 2329 733 2364 invenio
759 2331 953 2369 testatum;
990 2330 1066 2374 ipse
1093 2329 1199 2363 etiam
1228 2328 1393 2363 Canisius
1420 2328 1486 2362 1100
1520 2339 1634 2372 usque
1660 2327 1705 2361 ad
1739 2326 1774 2360 id
1800 2329 1941 2371 tempus

176 2383 361 2426 ignorasse
387 2382 550 2423 videtur;
577 2394 660 2416 nam
685 2383 716 2416 si
742 2383 920 2423 scivisset,
948 2382 1043 2416 haud
1070 2382 1167 2423 adeo,
1201 2384 1298 2426 puto,
1334 2381 1511 2416 sollicitus
1537 2381 1666 2415 fuisset
1692 2380 1734 2414 de
1761 2379 1880 2413 Indice
1906 2378 1942 2412 in

178 2436 371 2471 Germania
397 2436 631 2470 observando.

297 2490 309 2510 2
334 2489 374 2524 P.
402 2488 643 2534 Hieronymus
670 2489 871 2523 Torrensis.

294 2544 307 2564 ³
333 2543 373 2576 In
409 2543 602 2577 *Indiculo
644 2541 898 2585 „Oraculorum
934 2541 1040 2575 vivae
1077 2541 1196 2575 vocis“
1235 2540 1426 2575 Societatis
1461 2540 1655 2585 provinciis
1690 2538 1940 2577 communium,

178 2607 271 2630 saec.
298 2595 395 2630 XVI.
420 2595 456 2629 in
483 2595 634 2639 collegio
661 2595 843 2638 dilingano
870 2595 1021 2639 scripto,
1056 2594 1145 2628 haec
1172 2597 1275 2629 sunt:
1312 2595 1399 2627 Pius
1424 2595 1485 2627 1⁷„-
1523 2593 1708 2638 „Synodus
1733 2591 1942 2626 Tridentina

177 2649 335 2683 sessione
358 2649 414 2683 25.
442 2660 494 2683 ca.
524 2649 578 2683 16.
606 2649 648 2682 (10
675 2648 913 2691 regularibus,
940 2647 1029 2681 nihil
1056 2647 1205 2692 impedit
1231 2647 1447 2681 Societatem
1474 2658 1542 2690 quo
1569 2647 1686 2680 minus
1713 2655 1880 2678 exercere
1907 2646 1943 2677 et

178 2701 383 2736 continuare
409 2702 529 2736 ualeat
555 2713 789 2745 quaecunque
815 2701 859 2735 ad
886 2702 999 2745 ipsius
1025 2701 1230 2735 institutum
1257 2700 1448 2745 pertinent,
1475 2711 1543 2743 quo
1562 2700 1607 2733 ad
1625 2698 1940 2737 renunciationem,

177 2754 428 2796 obligationem
455 2757 490 2788 et
515 2756 626 2789 coet.“
676 2754 776 2797 (Cod.
809 2754 866 2796 „C.
885 2754 919 2787 l‘
951 2765 983 2798 p.
1003 2754 1100 2796 486).

296 2810 307 2827 ⁴
334 2808 373 2840 In
400 2808 627 2850 *„F0rmula
655 2807 953 2850 Congregationis
981 2806 1237 2840 Prouincialis“
1268 2817 1300 2841 a.
1321 2807 1410 2840 1566
1437 2805 1549 2839 Roma
1585 2805 1620 2839 in
1652 2804 1855 2849 provincias
1881 2803 1940 2837 So-

177 2860 318 2894 cietatis
343 2860 453 2894 missa
480 2861 620 2901 dicitur,
648 2861 684 2894 in
711 2872 751 2894 ea
779 2860 1058 2903 congregatione
1077 2859 1254 2903 agendum
1281 2870 1360 2893 esse
1387 2859 1494 2892 etiam
1525 2858 1588 2901 „de
1615 2857 1822 2897 rationibus5
1849 2867 1941 2900 quae

177 2923 319 2946 mouere
345 2915 505 2957 possunt,
531 2917 571 2948 ut
597 2913 782 2948 Generalis
810 2913 1049 2956 Congregatio
1085 2912 1258 2947 celebrari
1293 2912 1432 2952 debeat,
1467 2911 1525 2945 uel
1552 2923 1621 2945 non
1653 2910 1846 2944 celebrari“
1880 2909 1941 2950 (ex

178 2965 383 3009 apographo
410 2966 530 2999 eodem
568 2966 642 3000 fere
676 2969 836 3011 ternpore
871 2966 907 3000 in
933 2966 1083 3009 collegio
1118 2965 1389 3008 ingolstadiensi
1424 2965 1577 3009 scripto;
1614 2961 1940 3007 Antiqu.1ngolst.

178 3018 202 3052 f.
224 3018 333 3058 103³).
383 3017 513 3052 Postea
539 3018 627 3052 haec
653 3019 763 3052 verba
791 3019 975 3063 paululum
1001 3019 1190 3053 immutata
1216 3019 1311 3052 sunt.

297 3071 310 3089 ⁵
336 3069 435 3104 Haec
463 3071 708 3114 (congregatio
736 3071 795 3114 11.)
824 3083 854 3105 a.
878 3073 966 3106 1565
994 3072 1116 3106 habita
1143 3080 1238 3111 erat:
1268 3083 1302 3105 v.
1333 3072 1420 3105 Can.
1440 3069 1472 3104 V
1501 3069 1698 3104 752—761.
