2044 3335
644 120 833 155 Monachio
859 120 915 155 26.
935 119 1157 165 Septembris
1177 120 1278 154 1567.
1792 123 1844 162 67

78 240 132 281 ad
166 239 452 293 Superiorem.
508 238 726 288 Quintum.
761 239 908 292 grauis
940 253 1081 293 poena
1112 239 1382 292 proponatur
1414 240 1458 279 et
1490 237 1714 290 infligatur
1746 251 1846 279 con-

78 303 294 354 tentiosis,
319 307 364 346 et
385 304 440 345 ad
464 303 771 357 disputandum
794 304 903 345 alios
925 303 1261 357 impellentibus,
1286 303 1542 356 praesertim
1566 302 1849 344 recreationis

78 373 288 423 tempore,
329 368 401 409 ubi
438 367 577 410 maior
610 371 654 410 et
685 368 860 410 liberior
893 368 1228 422 disceptantium
1263 367 1484 409 contentio
1517 367 1706 408 incidere
1739 368 1850 409 solet

79 434 130 476 de
162 434 292 475 rebus
333 435 423 475 tam
463 433 599 475 sacris
637 447 767 486 quam
800 433 1049 487 prophanis.
1115 433 1311 475 Sextum.
1354 432 1562 474 radicitus
1604 432 1850 485 extirpetur

78 498 260 540 infoelix
303 497 452 540 lolium
497 497 779 551 Auerroijcae
824 498 1136 552 philosophiae,
1184 511 1295 550 quae
1338 511 1424 538 non
1469 499 1559 539 tam
1605 496 1849 539 haereticos

79 577 207 616 quam
241 563 395 605 atheos
428 576 450 605 e
483 563 644 605 nostris
677 563 887 615 quosdam
920 563 1078 605 fecisse
1110 564 1304 616 putatur,
1339 564 1388 604 ut
1419 562 1518 603 hinc
1552 561 1682 604 etiam
1712 562 1849 603 nostri

79 630 321 682 apostatae,
356 627 428 681 qui
461 641 557 669 cum
581 628 865 681 Auerroijstis
889 627 1065 669 nimium
1089 628 1240 668 uixere
1262 626 1551 677 familiariter,
1586 641 1670 668 non
1696 640 1846 680 parum

80 693 307 747 deprauati
350 706 445 734 esse
487 692 734 734 credantur.
799 693 857 734 Et
899 693 969 745 qui
1012 706 1068 734 ex
1100 693 1217 735 Vrbe
1256 692 1335 733 hoc
1369 705 1481 733 anno
1514 695 1739 742 uenerunt,
1783 691 1847 732 in-

79 760 231 811 gratos
272 757 396 799 nobis
437 757 606 800 fructus
647 757 868 808 nunciant,
915 772 1022 810 quos
1063 757 1263 799 attulerit
1307 757 1554 810 plaerisque
1595 756 1849 810 Auerroijca

79 822 362 877 philosophia,
397 822 497 864 dum
530 823 623 864 sola
655 822 717 864 illi
751 822 858 864 duce
889 822 1059 865 ratione
1091 822 1170 864 niti
1203 814 1369 871 uolunt,
1404 823 1449 864 et
1477 821 1636 863 nullius
1658 821 1750 863 fere
1773 821 1850 863 ho-

79 887 205 929 minis
238 888 304 929 uel
341 887 531 929 doctoris
564 887 878 929 authoritatem
913 890 1170 930 reuerentur
1186 888 1211 929 1.
1278 887 1514 929 Prohibeat
1549 886 1760 936 dominus,
1803 889 1851 927 ut

23 970 25 972 ·
78 953 191 994 hunc
223 952 413 994 fructum
448 966 503 994 ex
536 951 691 1005 studijs
713 952 1011 1007 philosophiae
1033 952 1173 994 nostri
1197 953 1418 1006 colligant,
1454 966 1547 993 cum
1573 952 1627 993 ad
1650 951 1852 993 haereses

80 1018 406 1072 amplectendas
449 1017 570 1059 nulla
614 1017 858 1071 expeditior
902 1018 974 1059 uia
1017 1018 1157 1072 possit
1198 1017 1454 1071 excogitari.
1528 1017 1704 1059 Vtinam
1748 1017 1854 1058 nulli

80 1097 269 1136 unquam
304 1083 581 1131 concedatur,
616 1086 664 1125 ut
697 1097 818 1124 suam
853 1084 922 1124 uel
957 1083 1138 1125 alterius
1170 1082 1388 1137 priuatam
1422 1082 1666 1136 opinionem
1700 1085 1853 1124 contra

80 1162 347 1190 communem
382 1148 628 1189 scholarum
661 1148 926 1190 sententiam
960 1148 1166 1202 priuatim
1199 1148 1268 1189 uel
1290 1148 1461 1202 publice
1484 1147 1640 1200 aliquis
1662 1149 1851 1190 tueatur.

79 1212 206 1255 Nunc
248 1213 439 1255 diuinum
473 1214 715 1255 Auerroem
756 1214 982 1255 nominare
1026 1213 1199 1266 quidam
1233 1227 1256 1254 e
1289 1213 1451 1256 nostris
1493 1213 1667 1263 audent,
1711 1214 1756 1254 et
1797 1227 1852 1254 ex

79 1279 152 1320 illo
186 1279 498 1320 confirmantur
528 1278 573 1320 in
605 1278 761 1332 spiritu
795 1278 1166 1328 contradictionis,
1201 1278 1327 1321 sicuti
1362 1278 1554 1328 dicimus,
1599 1281 1643 1320 et
1675 1277 1717 1318 in
1751 1292 1853 1319 con-

79 1346 317 1397 temptuma
340 1341 401 1398 [P]
437 1343 726 1386 scholasticae
760 1344 1048 1397 Theologiae:
1091 1346 1183 1386 tum
1218 1344 1363 1385 nescio
1397 1343 1576 1396 quibush
1609 1342 1853 1384 nominibus

79 1408 294 1451 infamant
334 1409 455 1459 alios,
499 1408 571 1462 qui
612 1412 832 1463 receptam
875 1409 1120 1451 scholarum
1165 1409 1406 1451 doctrinam
1448 1411 1688 1461 sequuntur
1719 1410 1852 1461 atque

82 1474 331 1516 defendunt.
396 1474 591 1516 Putarim
625 1488 705 1527 ego
738 1474 955 1528 publicum
990 1474 1315 1528 proponendum
1350 1487 1445 1516 esse
1468 1473 1734 1523 mandatum,
1769 1487 1852 1526 quo

81 1553 232 1581 seuere
276 1539 580 1593 prohiberetur
625 1542 669 1582 et
714 1540 1012 1594 extirparetur
1055 1540 1136 1581 hoc
1178 1553 1338 1588 semen,
1389 1540 1502 1592 quod
1544 1539 1587 1580 in
1623 1538 1853 1581 Societatis

79 1607 255 1647 nostrae
297 1619 404 1658 agro
443 1605 672 1655 succreuit,
720 1608 765 1647 et
805 1605 847 1646 in
890 1605 1039 1648 multis
1082 1605 1195 1647 altas
1237 1604 1426 1657 gessisse
1464 1604 1632 1646 radices
1664 1604 1848 1654 uidetur,

80 1670 180 1712 dum
212 1670 310 1712 huic
344 1670 638 1723 Auerroijcae,
674 1672 722 1712 ut
755 1670 857 1721 dixi,
891 1670 1191 1724 philosophiae
1224 1673 1326 1713 sunt
1358 1669 1641 1711 uehementer
1674 1669 1848 1719 addicti,

82 1739 126 1778 et
168 1749 338 1777 omnem
383 1735 544 1790 ingenij
593 1735 825 1790 iudicijque
875 1735 1225 1790 simplicitatem,
1281 1735 1442 1777 nostris
1494 1734 1724 1789 praecipue
1775 1748 1850 1775 ne—

77 1801 326 1850 cessariam,
377 1802 584 1844 exuunt?
650 1803 714 1843 Ac
758 1802 947 1844 fortasse
993 1815 1079 1843 non
1125 1803 1242 1843 esset
1287 1801 1364 1842 abs
1405 1814 1452 1842 re
1495 1800 1703 1842 maiorem
1745 1800 1852 1841 Pro—

77 1866 332 1908 uincialibus
374 1866 632 1909 facultatem
675 1867 804 1917 dari⁶‚
849 1870 897 1908 ut
935 1881 959 1908 a
1000 1880 1180 1920 corpore
1222 1865 1480 1920 pestilentes
1521 1865 1659 1908 ueluti
1701 1868 1850 1919 partes

77 1931 394 1986 quamprimum
428 1932 700 1983 abscindant,
735 1933 769 1973 si
804 1932 875 1985 qui
910 1946 932 1974 e
965 1932 1128 1973 nostris
1151 1934 1293 1981 erunt,
1329 1932 1380 1973 de
1404 1945 1584 1984 quorum
1610 1931 1692 1972 fide
1715 1930 1850 1972 falsa-

77 2011 158 2050 que
192 1997 389 2040 doctrina
421 1998 570 2051 grauis
602 1998 754 2040 haberi
787 1998 969 2052 suspitio
1002 1999 1161 2051 potest.
1227 1997 1449 2039 Vtinam
1484 1997 1596 2038 enim
1635 1996 1848 2038 abscin-

76 2063 300 2112 dantur,
335 2063 422 2116 qui
455 2078 533 2105 nos
565 2064 609 2104 in
642 2078 688 2104 re
720 2063 834 2105 tanti
867 2063 1072 2105 momenti
1108 2062 1492 2105 conturbantss.
1557 2062 1717 2104 Verum
1742 2062 1849 2103 haec

76 2128 219 2170 omnia
251 2142 335 2169 non
368 2131 417 2170 ut
448 2129 756 2182 praescribam,
790 2129 866 2170 sed
900 2131 948 2170 ut
975 2128 1137 2182 optimo
1161 2129 1275 2182 patri
1300 2141 1533 2181 suggeram
1559 2127 1849 2180 cogitationes

75 2207 206 2244 meas,
240 2193 283 2235 in
307 2194 495 2235 medium
519 2193 660 2245 attuli,
696 2197 740 2236 et
762 2208 882 2247 rogo,
918 2196 966 2236 ut
989 2193 1223 2236 Societatis
1247 2196 1425 2235 nostrae
1448 2192 1702 2240 sinceritati,
1738 2206 1848 2245 quae

76 2272 130 2300 ex
162 2273 269 2301 sana
300 2258 401 2300 fidei
434 2258 632 2301 doctrina
661 2259 704 2300 in
732 2259 882 2313 primis
904 2260 1078 2313 pendet,
1113 2260 1292 2313 propter
1313 2258 1392 2300 hos
1414 2258 1663 2311 apostasiae
1685 2258 1846 2311 lapsus,

76 2338 181 2376 quos
215 2324 442 2375 cernimus,
477 2324 561 2367 rite
595 2326 860 2376 consulatur,
895 2339 946 2367 ac
979 2324 1138 2366 futuris
1172 2324 1304 2366 etiam
1337 2323 1555 2365 scandalis
1589 2326 1633 2365 et
1655 2323 1848 2377 lapsibus

76 2393 335 2437 nostrorum,
385 2390 527 2443 quoad
576 2391 668 2432 eius
712 2390 802 2432 fieri
848 2393 1007 2444 potest,
1055 2389 1226 2431 obuiam
1273 2392 1410 2438 eatur,
1459 2388 1630 2430 Christo
1676 2388 1847 2429 domino

75 2455 328 2498 auxiliante.
393 2454 499 2497 Oret
540 2470 618 2509 pro
660 2455 783 2497 nobis
815 2455 1067 2498 Paternitas
1099 2455 1147 2496 T.
1192 2457 1236 2497 et
1274 2454 1435 2504 uideat,
1479 2467 1653 2507 quaeso,
1697 2454 1847 2506 quanti

75 2520 250 2571 referat,
284 2521 327 2562 in
360 2519 471 2562 hanc
494 2520 769 2562 Prouinciam
802 2520 918 2563 mitti
950 2520 1146 2562 homines
1178 2519 1221 2561 in
1253 2520 1337 2561 fide
1368 2522 1412 2561 et
1435 2519 1663 2561 uocatione
1684 2519 1844 2568 firmos,

75 2587 118 2628 et
149 2586 261 2628 tales
294 2585 417 2627 nobis
451 2585 602 2627 adesse
627 2586 884 2638 Theologos,
920 2586 992 2638 qui
1024 2585 1204 2626 solidam
1233 2584 1394 2626 nostris
1417 2588 1461 2627 et
1483 2584 1581 2638 alijs
1604 2584 1845 2626 doctrinam

76 2653 332 2705 proponant,
367 2651 517 2704 quales
550 2651 717 2693 utinam
750 2651 898 2705 plures
931 2651 1091 2692 habere
1123 2664 1347 2704 possemus
1369 2650 1413 2691 in
1435 2650 1501 2691 his
1524 2649 1740 2703 Collegijs‚
1774 2650 1847 2691 ubi

193 2744 220 2774 a)
251 2743 315 2773 Sic;
341 2743 546 2775 corriyendnm
566 2751 627 2768 esse
648 2743 782 2767 videtur:
807 2741 993 2774 contemptu.
1104 2741 1134 2771 b)
1166 2741 1305 2773 Sequitur
1330 2740 1422 2769 nesci,
1449 2741 1538 2765 oblitt.
1649 2743 1675 2773 e)
1703 2743 1739 2767 In
1767 2744 1847 2768 areli.

75 2791 148 2809 corr.
169 2792 205 2809 ea:
226 2783 309 2809 dare.

198 2909 206 2928 ¹
232 2908 323 2942 Vide
349 2920 458 2953 supra
483 2920 516 2953 p.
537 2908 688 2943 60—61.

194 2963 206 2981 “-’
234 2961 347 2996 Erant
373 2963 469 2995 certe
495 2962 589 2995 inter
615 2961 847 2995 Averroistas
873 2959 1007 2994 saeculi
1035 2959 1142 2999 XVI,
1176 2959 1236 3004 qui
1264 2959 1404 3003 aliquas
1430 2961 1571 2993 tantum
1603 2972 1648 2994 ex
1673 2961 1847 2996 Averrois

77 3014 247 3049 doctrinis
273 3015 507 3049 admitterent
525 3015 583 3049 vel
601 3014 864 3060 philosophiam
891 3013 991 3047 illam
1017 3024 1097 3047 cum
1116 3013 1186 3047 fide
1205 3013 1384 3047 catholica
1402 3013 1593 3047 conciliare
1612 3019 1844 3056 conarentur;

76 3071 113 3102 at
138 3068 202 3102 hos
229 3071 378 3103 conatus
404 3068 526 3103 irritos
552 3068 678 3110 fuisse,
715 3068 829 3102 denuo
856 3079 897 3101 ea
924 3068 1003 3112 ipsa
1029 3067 1297 3107 confirmarunt,
1334 3078 1426 3110 quae
1453 3067 1587 3101 Romae
1614 3070 1650 3101 et
1675 3068 1844 3112 Dilingae

76 3121 132 3156 his
157 3122 261 3155 annis
286 3121 384 3156 facta
411 3124 505 3156 sunt.
660 3123 671 3141 ³
708 3121 766 3155 Jal
794 3123 824 3162 5,
855 3121 908 3155 12.

1513 3180 1560 3213 5*
