2044 3335
133 121 235 157 1593.
262 121 397 156 Paulus
415 120 587 155 Hoffaeus
606 120 691 155 Gan.
737 120 839 156 1594.
867 120 915 155 lo.
934 120 991 154 Fr.
1012 117 1298 154 Commendonus
1317 116 1402 152 can.
1430 116 1462 151 6.
1482 115 1562 150 Oct.
1584 115 1685 150 1568.
1762 118 1846 158 223

75 243 212 284 adhuc
252 243 429 293 eluente,
472 245 510 281 vt
542 240 781 294 Auqustam
824 239 982 281 dictum
1022 238 1235 293 colleyium
1268 234 1574 288 transferatur.
1639 234 1722 275 Hic
1754 248 1849 276 vero

73 307 176 349 mihi
207 306 487 348 Reuerendus
520 305 569 347 P.
603 304 889 346 Prouintc'alis
920 305 1022 346 haec
1053 302 1179 344 verba
1212 301 1375 356 obtjeit:

191 370 370 413 Vtinam
414 369 594 411 solidius
636 371 812 411 extaret
854 368 1035 422 Collegij
1077 365 1301 419 Dilingani
1342 365 1690 415 fundamentum,
1735 364 1849 416 quod

73 435 217 478 nescio
262 434 474 488 quomodo
520 433 638 475 dicat
669 433 721 477 R.
756 433 804 476 T.
847 436 968 476 recte
999 432 1247 485 Augustam
1290 443 1418 484 posse
1451 429 1705 483 transferri,
1749 442 1849 470 nam

75 500 239 542 Romae
271 499 422 542 audire
456 498 609 540 nolunt
642 498 694 540 de
731 497 999 541 Monasterio
1031 495 1384 552 praedicatorum
1417 495 1472 536 ad
1508 497 1683 537 nostros
1713 493 1850 548 appli-

74 565 225 616 cando,
259 567 304 607 et
327 564 515 606 Senatus
547 577 633 604 non
665 562 895 617 permittit,
929 563 1154 615 multoque
1185 561 1327 602 minus
1349 560 1512 610 CIerus,
1545 563 1595 603 vt
1619 558 1850 612 collegium

73 630 310 672 habeamus
342 629 611 682 Augustae.“

196 709 363 744 Canisius
388 709 446 743 his
473 708 596 743 verbis
621 708 851 753 respondisse
869 709 1014 743 videtur
1040 708 1084 742 ad
1112 719 1164 749 ea,
1192 717 1283 751 quae
1301 706 1474 740 Hoffaeus
1501 706 1543 739 de
1570 705 1722 749 collegio
1749 704 1850 738 dilin-

73 775 166 808 gano
201 762 452 797 transferendo
487 762 532 796 ad
567 762 685 806 ipsum
722 762 918 807 scripserat
943 762 977 796 4.
1005 760 1228 806 Septembris
1256 758 1306 803 (V.
1335 770 1444 803 supra
1472 770 1506 803 p.
1527 758 1626 802 217).
1677 758 1850 792 Hoffaeus

74 817 289 862 opinabatur
307 817 496 858 Augustae
520 826 586 849 nec
612 817 789 856 senatum,
816 827 883 849 nec
901 815 1036 849 clerum
1055 814 1311 859 impediturum
1331 824 1421 854 esse,
1450 811 1640 856 quominus
1659 811 1850 855 collegium

74 870 306 911 conderetur;
344 869 379 903 id
404 869 482 914 ipse
508 868 544 902 in
570 867 704 902 litteris
734 868 787 903 18.
807 868 975 903 Octobris
1003 868 1098 902 datis
1133 866 1336 911 significat3
1372 868 1410 900 at
1437 865 1621 900 Canisium
1657 877 1698 899 ea
1734 865 1776 899 de
1812 877 1851 898 re

73 923 207 958 rectius
233 922 392 957 sensisse
419 923 571 956 eventus
597 921 776 966 probavit.

192 975 323 1010 Nescio
357 987 441 1009 num
479 974 645 1009 Canisius
681 975 871 1009 Hoffaeum
910 974 966 1009 his
1004 973 1138 1009 litteris
1174 973 1284 1007 etiam
1320 972 1363 1006 de
1399 971 1626 1006 contionibus
1663 971 1852 1015 Augustae

76 1029 250 1064 habendis
275 1028 472 1069 monuerim
500 1040 534 1062 v.
563 1027 668 1069 infra,
696 1040 750 1073 ep.
770 1040 803 1062 n.
825 1028 928 1063 1595.

74 1137 226 1175 1593.
324 1137 386 1173 P.
413 1135 682 1173 PAULUS
719 1135 1087 1173 HOFFAEUS
1125 1135 1178 1171 S.
1203 1135 1258 1171 J.
1287 1134 1502 1170 Germaniae
1534 1133 1731 1179 superioris
1757 1134 1852 1169 vice-

264 1191 497 1237 provincialis
523 1190 724 1225 CANISIO.
849 1190 1049 1236 Oeniponte
1077 1190 1168 1224 inter
1194 1189 1286 1224 med.
1305 1188 1403 1234 Sept.
1432 1190 1467 1222 et
1492 1187 1584 1222 med.
1604 1186 1683 1222 Oct.
1702 1188 1804 1222 1568.

195 1257 250 1291 Ex
276 1256 417 1290 Hoffaei
443 1256 488 1290 ad
514 1255 686 1298 Borgiam
714 1267 768 1300 ep.
797 1255 1034 1300 autographa.
1087 1254 1128 1289 G.
1158 1254 1222 1299 Ep.
1250 1253 1301 1287 IX
1328 1254 1351 1288 f.
1374 1252 1469 1287 148¹³.

195 1324 371 1366 Hoffcteus
403 1322 559 1364 Boryiae
592 1322 737 1364 scripsit
777 1322 968 1364 Oeniponte
996 1323 1049 1354 19.
1082 1320 1241 1354 Octobris
1269 1320 1381 1352 1563:
1418 1318 1598 1362 „Reyt‘nae
1633 1317 1853 1350 meditantur

78 1379 119 1411 de
145 1377 389 1411 contionatore
411 1386 480 1418 pro
506 1375 606 1408 Haza
633 1379 665 1408 vt
691 1375 821 1417 scripsi
847 1375 885 1408 P.
917 1371 1098 1408 Cctne'sio.“

194 1440 413 1485 Magdalena
441 1441 477 1474 et
502 1439 641 1473 Helena
667 1439 814 1482 reginae
840 1438 886 1480 id,
914 1439 983 1472 nisi
1010 1437 1128 1479 fallor,
1156 1436 1324 1481 agebant,
1359 1438 1400 1470 ut
1426 1435 1542 1470 Halae
1568 1435 1603 1468 in
1630 1434 1766 1480 templo
1791 1446 1851 1480 pa-

75 1495 225 1530 rochiali
252 1494 384 1538 aliquis
411 1493 454 1527 de
481 1492 661 1527 Societate
689 1491 918 1526 contionandi
944 1503 1092 1526 munere
1118 1491 1342 1534 fungeretur.

77 1609 229 1648 1594.
324 1610 525 1645 Cardinalis
551 1607 852 1645 IGANNES
879 1605 1311 1644 FRANCISCUS
1340 1602 1852 1642 COMMENDONUS

266 1664 446 1709 pontificis
472 1664 516 1698 ad
543 1663 798 1708 imperatorem
824 1662 969 1706 legatus
996 1660 1198 1696 CANISIO.
1266 1660 1445 1694 Roboreto
1465 1664 1495 1693 ὅ.
1513 1659 1681 1693 Octobris
1703 1658 1804 1692 1568.

194 1734 252 1769 Ex
277 1733 495 1779 apographo,
522 1733 617 1777 quod
636 1744 667 1768 a.
684 1733 773 1768 1887
794 1732 944 1767 Londini
968 1733 1004 1766 in
1023 1743 1146 1766 museo
1165 1730 1366 1765 britannico
1385 1729 1562 1775 exscripsi
1582 1741 1627 1763 ex
1646 1727 1853 1773 apographo

76 1790 223 1834 antiquo
253 1787 362 1831 (saec.
390 1787 504 1821 XVII.
532 1787 592 1821 vel
620 1786 784 1830 XVIII.)‚
819 1786 914 1830 quod
949 1786 1081 1820 ibidem
1113 1786 1235 1819 exstat
1260 1785 1296 1818 in
1323 1784 1407 1819 Cod.
1439 1783 1525 1827 „Eg
1555 1782 1665 1817 107&
1699 1781 1758 1825 (de
1784 1792 1854 1825 quo

80 1844 167 1878 Can.
186 1842 219 1876 V
236 1843 343 1885 LXIX)
372 1853 405 1886 p.
433 1840 623 1876 366—368
650 1840 851 1875 353—354.

197 1915 231 1948 A
251 1913 423 1958 pontifice
448 1913 495 1946 ad
521 1912 819 1946 Blaoez'nu‘licm'mn
847 1912 897 1944 II.
924 1912 1070 1954 lcyatus,
1109 1915 1144 1943 ut
1179 1921 1256 1943 eum
1292 1910 1339 1942 ad
1374 1910 1629 1942 concessionem
1658 1911 1854 1950 protestan-

77 1969 174 2002 tismi
200 1967 433 2001 revocandam
460 1966 619 2010 inducat,
655 1967 757 2008 dolet,
793 1966 887 2009 quod
913 1967 1111 2007 'imperator
1146 1975 1222 1997 eam
1249 1963 1456 2006 leyationenz
1483 1962 1655 2005 impedire
1681 1964 1856 2001 t‘oncttu7·,·

79 2023 244 2055 miserum
272 2025 331 2065 est,
361 2021 572 2063 principum
599 2019 801 2061 infidelium
828 2023 990 2052 oratores
1024 2029 1162 2061 semper
1194 2029 1272 2051 cuin
1297 2016 1432 2050 honore
1458 2016 1585 2058 excipi,
1621 2015 1751 2057 Zeqatos
1776 2024 1855 2046 vero

75 2075 256 2119 pontificis
282 2085 350 2108 non
377 2074 479 2107 semel
506 2084 576 2107 esse
594 2075 749 2107 reiectos.
788 2073 868 2116 Ipse
892 2073 995 2106 modo
1018 2071 1518 2114 Oenipontcmproficiscitur,
1545 2069 1607 2102 ubi
1633 2079 1710 2102 cnm
1738 2067 1856 2100 arctu-

78 2130 164 2162 duce
189 2133 219 2162 et
245 2129 427 2161 Bac-ariae
452 2128 550 2171 duce,
580 2127 792 2170 praecipuis
817 2127 901 2168 fidei
927 2126 1113 2169 columnis,
1149 2126 1190 2158 de
1224 2125 1345 2157 multis
1371 2124 1476 2157 rebus
1502 2123 1652 2156 consilia
1688 2122 1853 2163 conferet,

72 2186 241 2225 paratus,
265 2192 335 2224 pro
360 2181 430 2214 Det
455 2191 564 2214 causa
594 2181 642 2213 cel
667 2181 784 2223 ipsam
809 2184 956 2213 mortem
983 2179 1090 2212 obire.
1129 2179 1321 2221 Oenipontc
1347 2178 1391 2210 ab
1418 2177 1555 2220 aliquot
1581 2177 1700 2219 αηηῖς,
1727 2175 1855 2207 Vindo-

80 2237 190 2269 bonae
225 2239 340 2268 autem
376 2235 564 2268 novissime
599 2234 716 2277 aliqui
736 2235 937 2276 praesentis
962 2234 1053 2266 vitae
1079 2232 1269 2266 commodis
1303 2231 1480 2264 studentes
1504 2230 1652 2263 salutem
1673 2228 1856 2271 publicam

80 2290 287 2323 detrimento
306 2288 484 2330 afficiunt.
526 2288 695 2321 Canisius
714 2288 829 2320 Deum
848 2297 922 2330 pro
945 2286 1204 2320 Conzmendono
1232 2285 1350 2318 orabit
1357 2296 1371 2327 ,·
1397 2289 1426 2317 ct
1452 2285 1483 2317 st
1510 2284 1620 2327 Zeyato
1647 2286 1708 2315 aut
1728 2281 1857 2314 Vindo-

80 2344 207 2376 bonam
233 2342 388 2375 eundum
415 2341 589 2374 censuerit
614 2345 678 2374 aut
707 2340 900 2383 Oeniponte
925 2340 1145 2373 haerendum
1171 2350 1242 2372 esse
1267 2338 1452 2381 iudicarit,
1479 2336 1700 2370 cardinalem
1724 2334 1856 2368 Truch-

81 2407 151 2430 sess
176 2397 227 2429 vel
253 2396 370 2438 ipsum
394 2394 594 2438 pontificem
619 2395 780 2428 monebit.

368 2466 505 2509 Molto
538 2465 796 2507 Reverendo
829 2465 984 2507 Padre.

200 2543 310 2594 Qual
351 2542 417 2584 sia
458 2542 501 2584 la
542 2542 726 2584 volunta
769 2541 867 2583 dell’
886 2541 1152 2595 imperatore
1184 2539 1358 2581 intorno
1392 2552 1418 2580 a
1450 2540 1605 2591 questa
1636 2536 1857 2590 legatione

83 2608 382 2652 commessami
425 2607 479 2649 da
520 2607 576 2650 N.
611 2607 795 2660 Signore
837 2608 938 2648 sara
979 2606 1052 2660 gia
1094 2608 1198 2647 noto
1241 2604 1329 2646 alla
1362 2603 1590 2646 Paternita
1622 2603 1675 2646 V.
1717 2616 1796 2656 per
1827 2601 1858 2643 il

83 2674 271 2718 corriero
303 2673 474 2728 spedito
507 2673 623 2715 dalla
654 2673 828 2715 Maesta
855 2672 897 2714 S.
921 2672 1123 2720 Cesarea,
1158 2673 1202 2713 et
1233 2669 1462 2712 intendere.
1494 2682 1602 2711 anco
1635 2668 1692 2722 gl’
1712 2666 1855 2717 officii,

84 2741 162 2783 che
195 2740 284 2782 cosi
314 2754 369 2781 ne
401 2738 500 2781 fara
530 2739 562 2780 11
592 2738 750 2791 Signor
782 2737 1119 2787 ambasciatorl,
1153 2736 1194 2777 le
1227 2734 1518 2777 commissioni
1550 2734 1619 2776 del
1652 2733 1780 2787 quale
1812 2746 1858 2774 se

208 2860 217 2879 ¹
243 2857 515 2892 Maximilianus
541 2856 598 2897 11..
635 2867 716 2890 cum
752 2855 890 2899 ingenti
917 2865 1001 2888 aere
1028 2854 1146 2888 alieno
1172 2854 1396 2898 premeretur
1431 2854 1467 2886 et
1491 2851 1595 2886 novis
1620 2850 1783 2896 pecuniis
1809 2849 1859 2884 in-

86 2912 236 2956 digeret,
262 2911 496 2946 Vindobonae
523 2910 579 2944 die
608 2909 663 2944 18.
690 2908 848 2952 Augusti
877 2908 979 2948 1568,
1016 2919 1085 2951 quo
1112 2906 1258 2941 comitia
1284 2906 1448 2940 ordinum
1475 2905 1645 2940 Austriae
1680 2903 1860 2938 inferioris

85 2965 357 3006 incohabantur,
383 2963 577 2998 baronibus
604 2965 641 2997 et
666 2962 847 2997 nobilibus
876 2961 1055 3005 („Her1·en
1079 2960 1151 2994 und
1170 2960 1353 3003 Ritterffl)
1383 2971 1464 2994 cum
1491 2958 1758 2994 condicionibus
1785 2959 1860 3001 qui-

85 3019 236 3054 busdam
262 3017 453 3059 concessit,
478 3019 520 3051 ut
546 3018 581 3050 et
607 3016 676 3061 ipsi
704 3018 740 3049 et
765 3026 890 3049 omnes
915 3014 1072 3059 ipsorum
1102 3013 1228 3048 ditioni
1254 3012 1407 3048 subiecti
1433 3012 1469 3046 in
1496 3012 1640 3046 arcibus
1666 3012 1702 3045 et
1720 3011 1860 3055 oppidis

90 3075 125 3106 et
150 3072 242 3106 vicis
269 3073 305 3105 et
329 3071 485 3116 templis,
522 3081 614 3115 quae
644 3069 681 3103 in
708 3070 868 3114 ipsorum
894 3070 1076 3113 potestate
1101 3067 1161 3102 vel
1192 3067 1425 3112 „patronatu‘
1456 3068 1588 3107 essent,
1616 3064 1860 3100 Confessionis

88 3127 323 3170 Augustanae
356 3124 508 3158 liberum
545 3123 758 3158 exercitium
794 3121 978 3156 haberent.
1029 3120 1106 3162 Qua
1140 3133 1179 3155 re
1215 3120 1361 3165 cognita
1396 3120 1428 3155 S.
1457 3119 1544 3154 Pius
1569 3119 1613 3153 V.
1641 3117 1859 3153 cardinalem
