2044 3335
254 103 354 138 1487.
383 102 549 137 Canisius
575 102 608 137 S.
628 103 820 138 Francisco
847 104 1012 148 Borgiae.
1060 104 1227 147 Augusta
1243 103 1351 139 Vind.
1370 104 1426 139 27.
1446 105 1539 148 Aug.
1562 105 1662 139 1567.
1809 108 1864 148 23

212 221 252 254 In
279 220 403 255 eodem
429 220 489 254 illo
508 220 639 255 Codice
665 220 860 255 coloniensi
891 221 996 266 (Epp.
1015 221 1058 255 ad
1078 221 1219 255 Kess.I
1246 221 1270 255 f.
1293 221 1391 264 175³)
1422 223 1544 255 exstat
1571 223 1867 256 commentarium

91 274 293 309 litterarum
312 285 334 308 a
352 273 516 308 Kesselio
535 273 683 308 Colonia
709 274 776 307 sub
803 286 850 308 1n.
869 275 1076 317 Augustum
1101 286 1134 309 a.
1156 274 1247 309 1567
1275 274 1451 315 datarum,
1480 286 1572 318 quae
1598 275 1651 309 sic
1676 274 1868 320 incipiunt:

95 327 305 371 „Maguntia
331 326 533 372 recepimus
558 326 653 361 hanc
679 327 857 361 sarcinam
885 327 1098 361 mittendam
1125 327 1168 361 ad
1188 327 1231 362 V.
1252 327 1518 368 Reuerentiam,
1545 327 1602 362 cui
1626 327 1765 362 inclusa
1783 330 1868 362 sunt

92 380 199 415 etiam
226 380 363 425 scripta
388 392 422 425 p.
449 379 549 413 Petri
575 379 682 413 Fabri
709 379 788 424 piae
814 381 1019 419 memoriae,
1046 391 1138 423 quae
1164 380 1252 413 mihi
1278 379 1322 414 V.
1341 380 1431 414 Rev.
1454 379 1671 424 reliquerat“
1703 380 1865 423 (Hansen

90 433 114 468 l.
134 445 163 468 c.
184 432 282 475 551).
318 433 374 467 Ad
400 444 506 477 quem
533 433 639 466 datae
665 432 740 466 sint
764 432 920 474 litterae,
948 433 985 466 in
1005 432 1135 467 Codice
1154 435 1318 467 notatum
1336 445 1407 467 non
1426 435 1492 468 est.
1529 433 1601 468 Eas
1620 434 1664 468 ad
1684 433 1868 468 Canisium

91 488 196 521 datas
222 498 302 521 esse
328 489 452 520 censet
477 487 628 520 Hansen
656 485 697 528 (1.
724 498 754 520 c.
780 486 880 530 550).
932 486 971 520 Id
999 486 1091 530 quod
1119 497 1206 520 sane
1233 485 1392 520 rationes
1427 486 1571 530 aliquae
1606 487 1781 528 suadent;
1816 488 1869 521 ita

91 542 243 581 constat,
279 539 464 574 Canisium
491 541 527 573 et
553 539 757 573 Kesselium
794 551 824 573 a.
855 540 958 580 1544,
994 550 1074 573 cum
1103 538 1272 573 Coloniae
1299 539 1484 582 degerent,
1520 539 1747 574 Psalmorum
1775 551 1869 574 com-

91 593 287 627 mentarios
324 592 515 633 habuisse,
554 603 644 636 quos
679 591 814 626 Beatus
847 592 978 626 Petrus
1004 592 1140 634 Faber,
1179 592 1317 636 primus
1355 604 1401 626 ex
1440 593 1475 627 S.
1502 592 1635 636 Ignatii
1673 593 1869 635 sodalibus,

91 645 301 690 Moguntiae
328 646 533 680 dictaverat
561 645 667 687 (Can.
694 645 710 678 Ι
739 645 836 687 144).
876 645 924 679 At
951 645 1085 679 Canisii
1112 646 1239 679 amicis
1265 645 1487 688 moguntinis
1513 646 1604 680 satis
1629 649 1752 680 notum
1780 649 1869 687 erat,

91 711 173 734 eum
198 699 235 733 in
262 698 456 733 Germania
481 698 667 743 superiore
694 698 853 738 versa-ri3
888 698 919 732 si
955 709 1063 742 quam
1099 709 1185 741 ergo
1215 699 1394 732 sarcinam
1421 699 1488 744 ipsi
1517 699 1661 733 mittere
1686 699 1868 740 volebant,

92 764 183 792 eam,
215 754 313 797 puto,
348 764 419 786 non
447 751 631 786 Coloniam
659 751 910 796 perferendam
938 751 1133 793 curabant,
1170 751 1233 786 sed
1259 751 1548 793 Francoffirtum,
1574 752 1770 796 Dilingam,
1797 754 1868 787 Au-

91 807 236 850 gustam
263 807 331 840 etc.
371 806 491 849 Atque
516 805 553 838 in
579 806 763 849 postrema
788 805 991 838 litterarum
1018 808 1122 849 parte
1149 805 1274 848 (quam
1294 805 1442 839 Hansen
1468 817 1539 839 non
1564 806 1712 851 posuit),
1740 806 1869 840 Kessel

89 859 142 893 ita
160 858 334 893 *scribitz
354 857 443 903 Spes
462 860 528 900 est,
548 857 767 892 cardinalem
785 857 954 891 Ottonem
970 857 1172 892 Truchsess
1191 859 1395 903 episcopum
1416 861 1660 902 augustanum
1677 861 1867 893 nacturum

91 923 172 946 esse
198 911 543 957 archiepiscopalem
573 911 694 945 sedem
731 910 983 946 coloniensem.
1035 909 1137 952 Quod
1163 911 1193 945 si
1220 911 1357 945 factum
1394 911 1471 953 erit,
1512 912 1665 954 „Doctor
1690 912 1870 946 Henricus

90 965 289 1010 Dionysius
327 967 424 999 esset
458 964 561 999 nobis
594 964 785 998 admodum
819 965 1069 1005 necessarius,
1107 976 1189 998 nam
1224 967 1280 999 est
1313 964 1628 999 Reuerendissimo
1664 967 1868 1009 augustano

91 1021 199 1053 notus
234 1021 271 1052 et
304 1018 515 1058 familiaris;
552 1029 658 1062 spero
693 1018 786 1061 quod
814 1018 856 1052 R.
875 1018 919 1052 V.
947 1029 1017 1052 non
1043 1018 1237 1061 denegabit
1262 1018 1365 1052 illum
1391 1019 1504 1060 nobis,
1541 1020 1625 1063 quia
1659 1022 1746 1054 tunc
1778 1019 1868 1053 bene

90 1072 310 1117 sperandum
336 1071 406 1106 erit
431 1071 474 1106 de
502 1070 662 1114 Collegio
689 1071 928 1106 Coloniensi“.
980 1071 1106 1116 Neque
1133 1083 1219 1106 vero
1247 1071 1382 1106 Canisii
1409 1074 1505 1114 erat,
1541 1072 1754 1118 Dionysium
1789 1073 1869 1107 sive

90 1126 296 1167 concedere,
323 1125 402 1159 sive
433 1125 676 1168 „denegare“;
709 1136 791 1158 nam
828 1125 859 1158 is
895 1136 941 1158 ex
967 1124 1119 1168 collegio
1147 1125 1343 1169 dilingano,
1379 1125 1481 1160 cuius
1512 1128 1631 1160 rector
1666 1126 1797 1166 fuerat,
1833 1128 1868 1160 et

90 1174 136 1213 ex
162 1181 239 1213 tota
265 1178 451 1224 provincia
478 1177 693 1213 Germaniae
728 1178 934 1222 superioris,
972 1178 1028 1212 cui
1057 1178 1224 1213 Canisius
1260 1181 1437 1223 praeerat,
1473 1179 1544 1213 iam
1578 1179 1681 1213 initio
1717 1191 1748 1214 a.
1778 1179 1868 1214 1565

90 1232 250 1267 redierat
284 1230 466 1266 Coloniam
507 1231 558 1275 (v.
588 1232 677 1266 Can.
704 1231 737 1264 V
772 1232 856 1275 54);
898 1243 929 1265 a.
960 1232 1049 1266 1567
1086 1231 1243 1266 Traiecti
1283 1232 1326 1266 ad
1362 1232 1502 1266 Mosam
1544 1232 1791 1276 (Maastricht)
1833 1235 1868 1267 et

92 1285 215 1320 Leodii
249 1285 466 1319 versabatur
504 1286 669 1327 (Hansen
708 1285 732 1319 l.
759 1297 789 1319 c.
825 1285 894 1319 548
930 1285 1029 1327 552).
1082 1284 1200 1326 Quare
1236 1286 1404 1319 existimo
1439 1286 1643 1320 Kesselium
1678 1286 1870 1331 scripsisse

92 1340 133 1374 P.
152 1339 372 1384 Hieronymo
390 1338 511 1373 Natali
530 1338 722 1372 Societatis
741 1338 922 1372 visitatori
940 1339 975 1372 in
994 1338 1120 1382 Belgio
1139 1339 1285 1382 degenti
1303 1339 1410 1384 (Epp.
1429 1341 1553 1373 Nadal
1571 1340 1621 1373 III
1639 1339 1867 1384 496—535);

91 1393 150 1427 hic
176 1395 274 1427 certe
300 1394 516 1437 potestatem
543 1391 698 1426 habebat
723 1391 889 1437 Dionysii
916 1404 959 1426 ex
987 1392 1175 1437 provincia
1194 1392 1409 1427 Germaniae
1434 1393 1615 1427 inferioris
1632 1393 1710 1427 sive
1728 1393 1870 1437 belgica

92 1447 128 1480 in
163 1446 387 1491 provinciam
418 1445 615 1480 rhenanam
653 1445 705 1488 (in
740 1457 811 1489 qua
846 1445 1037 1488 collegium
1065 1445 1269 1480 coloniense
1296 1446 1388 1490 erat)
1425 1446 1687 1487 transferendi;
1726 1449 1870 1482 constat

92 1499 213 1541 etiam,
239 1499 405 1534 Natalem
442 1499 577 1544 scripta
609 1499 785 1543 quaedam
813 1498 919 1532 Fabri
945 1499 1116 1534 habuisse
1146 1499 1183 1542 (l.
1204 1511 1232 1533 c.
1255 1499 1304 1532 IV
1330 1500 1350 1533 5
1377 1500 1397 1533 6
1425 1500 1613 1534 636—639
1641 1500 1868 1544 647—648);

92 1565 185 1598 quae
210 1554 367 1588 fortasse
395 1552 563 1587 Coloniae
598 1552 747 1597 reliquit
776 1555 839 1586 aut
866 1564 897 1586 a.
919 1553 1009 1587 1562
1039 1553 1078 1596 (l.
1105 1565 1134 1587 c.
1162 1553 1195 1586 II
1222 1553 1379 1596 96—97)
1410 1556 1473 1587 aut
1506 1565 1552 1587 m.
1582 1553 1695 1598 Aprili
1722 1566 1752 1588 a.
1776 1554 1865 1588 1567

94 1607 133 1650 (1.
161 1619 190 1642 c.
217 1607 270 1641 III
294 1607 395 1650 431).

93 1710 246 1753 1482.
345 1711 565 1747 CANISIUS
593 1709 862 1747 SANGTO
891 1710 1283 1748 FRANGISCO
1312 1710 1631 1748 BoRGIAE
1662 1713 1868 1758 praeposito

284 1766 443 1809 generali
471 1765 663 1800 Societatis
690 1766 781 1800 Iesu.
964 1766 1132 1809 Augusta
1159 1765 1427 1800 vindelicorum
1455 1767 1510 1800 27.
1530 1767 1687 1809 Augusti
1717 1766 1818 1800 1567.

214 1830 270 1864 Ex
297 1830 496 1876 archetypo
525 1831 603 1874 (203
633 1830 652 1864 5
680 1842 758 1876 pp.;
787 1830 823 1864 in
850 1843 883 1875 p.
911 1830 931 1864 5
958 1830 1066 1865 inser.
1095 1833 1131 1864 et
1156 1830 1331 1875 reliquiae
1357 1831 1455 1875 sig),
1484 1831 1603 1866 Germ.
1633 1831 1710 1871 183,
1737 1843 1771 1865 n.
1798 1831 1866 1866 207

95 1882 136 1927 (f.
163 1884 232 1919 443
259 1884 330 1919 444
354 1885 462 1928 445);
499 1883 668 1918 Canisius
703 1896 769 1918 sua
796 1896 903 1918 manu
930 1896 1060 1918 nomen
1088 1884 1284 1926 („Seruus“
1315 1884 1399 1928 etc.)
1437 1884 1664 1929 subscripsit.
1715 1885 1868 1928 Borgias

92 1937 199 1972 huius
226 1937 403 1983 epistulae
428 1938 647 1972 mentionem
673 1937 762 1972 fecit
787 1938 822 1971 in
849 1937 982 1972 litteris
1000 1938 1157 1972 Tusculo
1176 1938 1232 1972 21.
1252 1938 1474 1983 Septembris
1495 1939 1584 1972 1567
1612 1938 1657 1972 ad
1684 1938 1723 1972 P.
1743 1937 1867 1972 Hiero-

91 2003 240 2036 nymum
266 1991 435 2026 Natalem
463 1992 690 2026 visitatorem
716 1991 812 2026 datis
840 1991 946 2036 (Epp.
974 1993 1098 2025 Nadal
1123 1992 1174 2025 III
1203 1992 1301 2034 526).

212 2057 323 2090 Liber
348 2057 388 2091 P.
421 2057 612 2090 Turriani.
664 2058 704 2090 P.
732 2057 964 2091 Schorielticcs
999 2058 1136 2091 diutins
1162 2058 1296 2090 Romae
1331 2057 1524 2100 theologiae
1557 2058 1699 2090 studere
1722 2057 1865 2100 poterit.

90 2111 273 2144 Bavariae
313 2111 400 2154 dux,
439 2112 647 2154 reliqe'onem
689 2111 879 2153 dile'yenter
920 2112 1120 2154 vindicans,
1164 2113 1202 2144 in
1243 2111 1364 2144 Socios
1396 2111 1602 2154 plusculum
1643 2111 1712 2143 sibi
1747 2112 1866 2153 sumit,

90 2164 130 2198 P.
156 2165 351 2207 Hoffaenm
378 2167 418 2197 in
443 2157 644 2198 Bavciriam
671 2165 882 2207 inferiorem
909 2165 1046 2197 mz'ltere
1071 2165 1154 2198 vult.
1194 2165 1355 2197 Rectoris
1380 2165 1602 2197 monacensis
1620 2165 1866 2207 pereyrinatio

89 2217 330 2261 Zotharinyica
366 2229 445 2251 cum
476 2218 668 2251 Guilc‘elmo
694 2219 792 2251 duce.
847 2218 1058 2251 Catechz'smi
1084 2219 1242 2251 Romam·
1267 2219 1391 2251 versio.
1442 2219 1625 2251 Dissensio
1652 2218 1867 2261 Inyolstadc'c'

88 2272 128 2304 in
152 2272 326 2314 facultate
343 2273 477 2305 artium
499 2276 590 2305 orta.
631 2272 813 2305 leornaei
830 2273 1038 2314 apostasia;
1064 2274 1208 2305 timores·
1226 2272 1267 2304 de
1285 2272 1393 2313 aliz's‚·
1418 2272 1586 2305 remedia.
1625 2271 1867 2313 De'fficzcltates

89 2326 129 2358 in
153 2326 369 2368 fundatione
395 2325 532 2368 colleye'i
557 2325 812 2368 herbipolensis
838 2330 1046 2368 conmertae.
1098 2326 1352 2359 Promotiones.

304 2402 476 2444 jhesus.
540 2402 636 2444 Pax
668 2402 828 2445 Christi
861 2402 1092 2445 admodum
1126 2403 1382 2445 Reuerende
1414 2403 1548 2445 Pater
1580 2405 1662 2445 etc.

209 2480 437 2522 Postremo
471 2479 619 2533 accepi
642 2479 808 2521 Rornae
841 2479 994 2522 datas²³
1028 2481 1081 2521 15
1116 2482 1160 2521 et
1195 2476 1277 2520 26¹³
1307 2479 1426 2532 Julij,
1462 2493 1557 2521 cum
1592 2478 1689 2532 alijs
1712 2492 1738 2520 a
1760 2478 1866 2520 Pro-

90 2547 291 2587 curatore
325 2544 557 2587 Generali¹
602 2544 759 2595 missis,
806 2547 850 2586 et
895 2558 991 2586 cum
1037 2545 1220 2598 alligato
1265 2544 1374 2586 libro
1416 2544 1620 2587 Doctoris
1664 2544 1865 2593 Torres2,

89 2624 274 2663 eumque
315 2609 562 2652 curabimus
595 2610 879 2664 Antuerpiae,
923 2613 971 2652 ut
1003 2624 1144 2664 spero,
1189 2609 1422 2662 diligenter
1454 2612 1498 2652 et
1531 2610 1758 2663 eleganter
1790 2623 1867 2651 ex-

88 2675 199 2727 cudi,
233 2675 360 2717 sicuti
394 2675 551 2728 dignus
584 2689 680 2717 esse
712 2675 899 2718 uidetur.

209 2756 237 2784 a)
259 2757 399 2787 Sequitur
418 2756 434 2781 ‘2
454 2757 499 2782 ‘vel
519 2757 544 2787 7,
565 2757 654 2782 oblitt.
730 2757 761 2788 b)
782 2758 838 2782 VV.
860 2756 892 2782 et
911 2756 945 2782 26
964 2765 1057 2789 supra
1080 2765 1193 2782 versum
1214 2758 1327 2789 scripta
1346 2760 1422 2782 sunt.

88 2839 209 2884 probo.
245 2840 444 2883 assignatis
479 2840 595 2874 eidem
630 2841 666 2874 in
701 2840 920 2885 stipendium
957 2852 1116 2874 annuum
1143 2840 1224 2875 ‚200
1250 2840 1414 2874 florenis“
1457 2841 1518 2883 (ex
1553 2839 1717 2885 exemplo
1753 2839 1866 2874 eiusd.

88 2896 215 2938 temp.;
245 2893 286 2928 G.
314 2893 379 2938 Ep.
405 2893 493 2927 VIII
519 2894 542 2928 f.
570 2892 686 2937 247b).

211 2947 222 2967 ¹
247 2947 287 2980 P.
314 2946 539 2981 Ferdinando
565 2947 700 2987 Solier;
727 2959 760 2981 v.
793 2948 877 2981 Can.
906 2947 939 2981 V
965 2947 1166 2982 509—510.

208 3000 222 3020 2
247 2999 287 3034 P.
322 3000 505 3035 Francisci
540 3000 708 3034 Turriani
744 3000 778 3034 S.
807 3001 840 3034 J.
883 3000 957 3043 „De
997 3000 1241 3035 Hierarchicis
1281 3000 1579 3035 Ordinationibus
1617 3000 1865 3034 ministrorum

88 3052 273 3088 Ecclesiae
301 3053 518 3095 Catholicae,
554 3054 730 3088 adversus
765 3053 1020 3088 schismaticas
1047 3055 1256 3088 vocationes
1282 3053 1531 3089 Ministrorum
1567 3056 1604 3088 et
1630 3053 1865 3099 Super-inten-

86 3105 290 3145 dentium“;
317 3118 352 3141 V.
382 3108 470 3142 Can.
497 3107 531 3141 V
557 3108 637 3142 509.
