2044 3335
423 109 525 144 1689.
552 107 686 142 Paulus
716 108 884 142 Hoffaeus
911 107 996 141 Can.
1041 106 1142 141 1690.
1171 105 1257 140 Otto
1287 103 1488 139 Truchsess
1514 103 1601 139 Can.
1794 106 1878 146 365

113 223 268 261 1689.
383 223 444 259 Ρ.
484 222 752 259 PAULUS
792 220 1157 257 HOFFAEUS
1195 219 1248 256 S.
1286 219 1340 255 J.
1379 219 1605 265 praepositus
1648 218 1881 263 provincialis

303 278 517 313 Germaniae
542 277 737 321 superioris
764 275 964 311 CANISIO.

980 328 1179 373 Oeniponte
1206 327 1301 361 circa
1327 326 1482 360 medium
1510 325 1702 359 Octobrem
1731 325 1833 359 1569.

233 408 367 441 Scribit
393 407 434 449 ei,
460 410 500 440 ut
523 410 647 449 peryat
667 407 850 448 Auqustae
876 408 906 438 et
933 405 1190 446 confessarium
1218 407 1248 435 et
1274 403 1486 435 eoeorcistam
1503 413 1628 444 ayere;
1654 412 1764 445 neque
1789 402 1880 434 enim

113 461 227 493 alium
263 461 332 493 sibi
368 464 561 503 suppetere,
601 470 698 502 quem
738 460 776 490 in
816 459 929 491 locum
965 458 1005 491 Ρ.
1032 456 1229 489 ῙΓσΙιᾱεΖὶΜ
1255 455 1372 498 Vo'Ielc,
1411 466 1489 487 eum
1525 456 1661 487 Ioanne
1695 458 1725 487 et
1752 454 1881 488 Urszda

114 514 289 558 Fuqyerts
314 514 464 547 Romam
489 513 599 555 me‘ssi,
625 512 834 545 substituere
853 512 978 554 possit.
1031 510 1145 543 Plura
1171 509 1248 541 ride
1275 509 1388 551 infra,
1416 519 1466 549 ep.
1494 519 1529 541 sn.
1550 510 1653 541 1693.

233 578 370 612 Hoffaei
398 577 542 611 litterae
567 575 769 621 perierunt;
808 574 890 619 quid
918 576 1037 608 autem
1064 573 1123 607 hic
1150 572 1293 606 Canisio
1320 571 1550 611 commiserit,
1576 570 1719 615 planius
1746 570 1882 604 intelle-

115 630 213 674 gitur
239 643 284 665 ex
311 631 387 665 eius
414 629 606 675 *epistulis
633 629 677 663 ad
696 629 865 671 Borgiam
885 627 1128 673 praepositum
1148 625 1352 669 generalem
1380 624 1493 664 datis;
1520 624 1570 657 ita
1597 623 1691 657 enim
1711 624 1884 666 Hoffaeus

115 683 315 728 Oeniponte
344 684 397 718 18.
426 683 592 717 Octobris
620 683 730 717 1569:
762 681 823 723 „R.
851 682 889 715 P.
911 680 1076 715 Canisius
1102 680 1291 722 Augustae
1318 680 1383 718 est,
1410 677 1472 711 sed
1500 679 1641 710 tantum
1667 679 1788 710 tamen
1815 688 1883 710 non

113 738 310 781 occupatus
348 739 523 781 quantum
562 739 640 770 erat
678 736 717 770 P.
751 734 1008 774 Wendelinus;
1051 732 1113 766 sed
1153 731 1261 766 etiam
1299 730 1492 765 sanitatem
1536 729 1649 774 ipsius
1686 725 1884 774 promouet,

113 791 256 834 quando
283 802 352 824 non
379 790 545 824 continuo
563 788 695 834 studijs
721 788 904 828 incumbit,
932 790 967 821 et
993 785 1169 820 interdum
1189 786 1373 819 auocatur.
1410 783 1522 817 Video
1550 782 1713 826 grauiter
1731 782 1771 816 D.
1791 782 1884 816 Mar-

114 845 218 878 cum¹
245 846 477 888 accepturum
511 842 542 876 si
578 843 614 875 in
648 841 776 886 medijs
812 840 1069 874 afflictionibus
1105 850 1124 872 a
1153 838 1191 872 P.
1220 836 1363 872 Canisio
1398 837 1596 870 deseratur.
1728 834 1885 868 Obsecro

117 897 210 931 RV.
238 896 421 940 intelligat
446 896 559 930 totius
585 894 720 940 negotij
742 893 926 938 Canisianj
955 895 991 927 et
1017 890 1235 935 Fuggerianj
1263 891 1398 924 sta-tum
1426 901 1446 923 a
1473 888 1752 929 PWVendelino,
1779 899 1883 931 quem

114 950 252 985 vtinam
280 950 325 984 ad
343 949 509 983 Natalem
528 947 670 993 Dominj
698 947 930 981 1·emitteret.“
976 946 1018 980 Et
1037 945 1236 989 Oeniponte
1263 944 1295 978 8.
1311 942 1525 976 Novembris
1547 942 1657 976 1569:
1689 941 1750 983 „R.
1766 941 1804 975 P.
1822 940 1884 974 Ca-

116 1003 230 1037 nisius
255 1015 323 1036 non
342 1002 519 1036 successit
537 1001 575 1036 P.
591 1000 805 1035 Wendelino
833 1000 867 1033 in
887 999 1005 1033 officio
1025 997 1194 1042 ordinarij
1223 996 1449 1035 confessoris,
1477 995 1538 1039 qui
1564 1007 1633 1028 non
1660 994 1729 1028 nisi
1748 994 1885 1038 Fugge-

116 1057 211 1091 ricos
246 1056 382 1100 aliquot
419 1055 534 1096 audit,
571 1054 773 1088 ordinarius
808 1065 893 1087 vero
929 1054 984 1087 est
1011 1052 1049 1086 P.
1077 1050 1305 1085 Balthasar2.
1357 1049 1397 1083 P.
1425 1048 1591 1082 Canisius
1626 1050 1747 1081 tamen
1783 1049 1887 1081 curat

115 1109 296 1154 quandam
331 1108 487 1142 nobilem
522 1108 701 1150 virginem
737 1107 947 1141 obsessam3
981 1107 1017 1140 in
1051 1104 1200 1139 aedibus
1236 1103 1376 1147 Dominj
1413 1102 1539 1147 Marcj,
1579 1113 1644 1135 nec
1683 1101 1885 1135 consultum

117 1163 262 1197 videtur
286 1164 328 1196 vt
353 1161 542 1195 Dominum
570 1161 731 1195 Marcum
759 1160 794 1193 in
821 1162 924 1193 ‘tanta
950 1159 1166 1193 necessitate
1197 1157 1351 1197 deserat,
1385 1166 1603 1199 quamquam
1630 1155 1664 1188 in
1691 1166 1755 1188 suo
1782 1166 1887 1199 opere

115 1215 371 1250 conscribendo
397 1214 558 1248 nonnihil
584 1214 714 1248 iccirco
740 1213 967 1258 impediatur,
995 1215 1031 1246 et
1057 1211 1252 1256 optandum
1279 1211 1375 1244 esset
1402 1212 1442 1242 vt
1468 1209 1507 1242 P.
1523 1208 1759 1242 VVendelinus
1784 1210 1886 1241 tanto

116 1270 225 1303 citius
251 1269 403 1303 rediret“
437 1267 498 1311 (ex
526 1267 781 1311 autographis;
810 1266 852 1301 G.
881 1266 944 1311 Ep.
972 1266 1004 1299 X
1031 1266 1055 1299 f.
1078 1265 1160 1299 128ει
1189 1262 1302 1307 132b).

120 1386 275 1423 1690.
351 1386 553 1422 Cardinalis
580 1384 762 1421 OTTO
789 1382 1192 1420 TRUGHSESS
1220 1384 1409 1428 episcopus
1436 1383 1662 1424 augustanus
1686 1379 1887 1415 CANISIO.

776 1439 889 1472 Roma
915 1438 1009 1471 inter
1034 1438 1216 1471 ineuntem
1245 1436 1325 1470 Oct.
1353 1437 1389 1470 et
1414 1436 1597 1469 ineuntem
1625 1435 1715 1468 NOV.
1738 1435 1838 1468 1569.

238 1505 293 1539 Ex
319 1506 472 1551 epistula
500 1504 644 1545 Canisii,
675 1504 718 1538 de
745 1516 814 1548 qua
841 1503 945 1544 infra,
982 1515 1035 1547 ep.
1061 1515 1094 1536 n.
1116 1502 1216 1543 1697,
1253 1503 1289 1535 et
1314 1513 1360 1535 ex
1385 1499 1595 1534 Theodorici
1624 1498 1757 1534 Canisii
1789 1501 1888 1532 auto-

118 1559 266 1605 grapho,
293 1560 386 1604 quod
414 1562 469 1593 est
495 1560 529 1593 in
557 1558 599 1593 G.
627 1558 690 1603 Ep.
717 1557 750 1591 X
777 1558 799 1590 f.
824 1558 900 1592 104.

241 1636 408 1669 canisius
435 1636 595 1677 Achasta
623 1637 654 1668 1.
680 1634 881 1667 Decembris
908 1634 1000 1665 1569
1027 1632 1210 1664 cardinali
1234 1630 1423 1664 Truchsess
1448 1631 1615 1673 scrlpSlt:
1642 1629 1791 1673 „Scribo
1816 1633 1889 1662 tar-

118 1690 201 1722 dius
227 1690 274 1722 ad
299 1690 569 1733 amplitudinem
594 1692 703 1721 tecam.
812 1688 989 1719 Reuersus
1016 1690 1131 1717 autem
1158 1685 1213 1717 his
1239 1685 1361 1717 diebus
1387 1685 1598 1726 Aufflcstnrni,
1629 1684 1731 1716 binas
1757 1683 1890 1725 offendi

120 1743 242 1776 literas
267 1747 348 1775 tuae
373 1743 569 1785 dignitatis,
596 1742 723 1785 quibus
747 1741 959 1784 priusquam
986 1736 1238 1781 respondeam“
1267 1743 1326 1771 etc.
1382 1737 1593 1770 Cardinalt's
1619 1737 1789 1779 epistulae
1811 1747 1890 1779 per-

117 1797 184 1829 isse
209 1797 372 1829 videntur
382 1808 393 1835 ,·
427 1796 513 1839 quid
538 1800 652 1828 autem
688 1797 719 1828 vis
744 1795 938 1837 scripserit,
972 1804 1015 1825 eae
1044 1793 1184 1825 Caizz'sz'e’
1211 1792 1348 1834 litteris,
1385 1801 1474 1834 qaas
1499 1791 1589 1830 dixi,
1627 1790 1746 1832 colliyi
1766 1793 1890 1832 potest.

120 1850 281 1882 Eandem
308 1850 494 1893 epistulam
525 1849 766 1882 Theodericus
801 1858 936 1890 quoque
965 1847 1134 1879 Canisz’us
1168 1846 1303 1887 collegii
1335 1844 1515 1887 dilingyam'
1541 1848 1656 1876 rector
1687 1844 1892 1885 siynificare

119 1904 270 1946 videtur,
309 1914 383 1936 cum
416 1904 578 1947 Augusta
607 1905 660 1935 19.
687 1902 895 1935 Novembris
924 1902 1014 1934 1569
1049 1900 1204 1941 Boryiae
1236 1900 1440 1941 praeposito
1473 1898 1634 1941 yenerali
1668 1897 1814 1929 scribit:
1852 1897 1893 1930 Ut

120 1957 250 1999 oppido
277 1957 463 1999 dz'lc'nqano
490 1957 769 1990 contionatorem
795 1955 974 1995 daremus,
1013 1954 1188 1986 Instanter
1224 1964 1244 1985 a
1282 1953 1382 1985 nobis
1417 1956 1447 1984 et
1477 1951 1677 1984 cardinalis
1702 1951 1830 1984 litteris
1864 1954 1893 1982 et

125 2009 301 2053 „Senatus
327 2008 487 2043 azcli'cns“
515 2011 590 2042 eius
615 2009 728 2042 verbis
751 2010 939 2052 petierunt.

243 2073 298 2107 Ex
325 2073 459 2108 Canisii
494 2074 636 2115 litteris,
672 2085 762 2117 quas
798 2073 883 2113 dixi,
920 2071 1153 2114 intellegitur,
1191 2069 1409 2104 cardinalem
1440 2081 1520 2103 cum
1548 2069 1691 2103 Canisio
1727 2071 1893 2113 questum

122 2138 204 2161 esse
231 2127 274 2161 de
302 2126 491 2161 Gebhardo
518 2127 717 2161 Truchsess
743 2129 872 2171 nepote
902 2126 977 2169 (qui
1005 2127 1131 2170 postea
1157 2123 1200 2157 ad
1228 2125 1472 2168 protestantes
1499 2123 1672 2166 transiit),
1706 2123 1894 2166 Augustae

123 2184 210 2215 tunc
236 2185 376 2224 agente.
428 2181 479 2215 De
506 2193 574 2225 quo
601 2180 721 2224 aliqua
748 2180 838 2214 addo
875 2192 920 2213 ex
947 2178 1142 2223 *epistulis
1169 2177 1405 2222 autographis
1438 2176 1560 2210 eodem
1587 2176 1663 2210 fere
1689 2178 1848 2220 tempore
1875 2187 1895 2209 a

124 2234 298 2269 cardinali
330 2235 520 2269 Trnvhsess
545 2235 657 2268 Roma
694 2234 736 2268 ad
764 2234 950 2268 Albertum
971 2232 1013 2267 V.
1041 2231 1219 2266 Bavariae
1247 2231 1372 2264 ducem
1400 2230 1512 2270 datis3
1551 2230 1640 2263 haec
1673 2230 1766 2263 enim
1792 2229 1895 2263 utilia

125 2291 210 2322 sunt
236 2291 271 2322 et
298 2289 340 2322 ad
368 2288 595 2322 Truchsessii
621 2288 813 2332 epistulam
842 2287 1074 2325 canisianam,
1102 2297 1194 2329 quae
1221 2285 1292 2318 iam
1319 2296 1388 2318 non
1415 2286 1547 2324 exstat,
1575 2283 1821 2328 supplendam,
1861 2285 1896 2317 et

126 2342 169 2375 ad
198 2341 332 2376 Canisii
358 2353 580 2386 responsum,
607 2341 700 2385 quod
727 2341 832 2381 infra,
860 2352 915 2385 ep.
934 2352 967 2373 n.
989 2339 1079 2373 1697
1107 2344 1270 2383 ponetur,
1297 2337 1563 2371 illustrandum.
1601 2336 1657 2370 Sic
1685 2336 1795 2380 igitur
1821 2348 1895 2370 car—

125 2395 257 2429 dinalis
283 2395 409 2429 scribit
435 2395 491 2429 29.
507 2394 672 2429 Octobris
689 2395 799 2428 1569:
831 2393 918 2436 „Jch
938 2394 1020 2427 wirt
1045 2391 1163 2426 bricht
1182 2391 1249 2425 wie
1275 2391 1369 2424 mein
1385 2391 1512 2424 Vetter
1532 2389 1700 2424 Gebhard
1715 2389 1898 2424 Thumher

127 2449 185 2483 ain
212 2448 441 2494 ongaystlich
478 2448 662 2482 schiessen
690 2447 860 2491 gehalten
887 2447 959 2480 vnd
996 2446 1061 2480 das
1097 2444 1239 2479 darauff
1270 2446 1363 2478 mein
1400 2443 1482 2477 herr
1509 2443 1668 2486 Hertzog
1694 2443 1897 2477 Ferdinand

126 2502 194 2536 och
221 2504 367 2546 gwest.“
423 2501 556 2543 Quodsi
582 2513 709 2546 reapse
737 2500 950 2535 Gebhardus
977 2499 1069 2533 male
1096 2510 1134 2532 se
1161 2498 1286 2541 gessit,
1326 2498 1360 2531 id
1388 2496 1560 2531 cardinali
1588 2496 1693 2530 valde
1721 2497 1898 2542 displicet.

133 2555 255 2597 „Dann
282 2556 338 2590 ich
365 2556 452 2590 wolt
478 2556 543 2589 das
568 2555 603 2589 in
630 2555 709 2589 dem
736 2565 865 2588 namen
893 2553 1021 2587 Gottes
1047 2553 1103 2586 die
1130 2551 1360 2596 gaystlichen
1395 2550 1471 2584 sich
1505 2550 1540 2583 in
1567 2561 1713 2594 weysen
1739 2550 1811 2584 vnd
1839 2562 1897 2594 ge-

129 2610 261 2643 berden
296 2609 543 2653 geschicklich
578 2608 722 2648 hielten,
758 2608 830 2641 und
865 2608 937 2641 nitt
971 2606 1046 2640 also
1074 2606 1252 2651 versoffen
1288 2604 1444 2649 pohleris
1478 2603 1715 2647 ongeschickt
1742 2604 1800 2638 vol
1828 2604 1899 2638 und

129 2662 209 2696 Toll
236 2674 366 2697 weren.
403 2663 472 2697 Jeh
498 2662 579 2697 bins
605 2661 697 2696 hoch
724 2660 974 2701 erschrocken,
1002 2659 1099 2692 vnnd
1126 2658 1342 2692 bekimmert
1368 2657 1461 2691 mic-h
1489 2658 1559 2691 nitt
1585 2658 1714 2700 wenig.
1751 2657 1799 2692 Es
1826 2657 1899 2691 will

129 2716 216 2750 kain
243 2716 352 2760 gluck
378 2728 454 2750 mer
479 2716 548 2761 beij
576 2716 643 2750 den
670 2714 939 2749 Thuemherren
966 2713 1043 2747 sein
1056 2714 1079 2746 4.
1109 2740 1115 2746 .
1137 2739 1143 2746 .
1166 2739 1172 2745 .
1216 2711 1288 2745 Das
1315 2711 1409 2744 mein
1437 2713 1555 2745 vetter
1580 2711 1657 2745 sich
1684 2711 1900 2756 onpfeffisch

256 2837 263 2854 ¹
290 2835 508 2878 Fuggerum.
655 2835 667 2854 ‘2
695 2834 935 2877 Sammarayr.

253 2891 264 2908 ³
291 2888 431 2922 Annam
458 2887 696 2927 Bernhauser‚
724 2887 766 2921 de
793 2898 864 2930 qua
892 2885 1005 2920 multa
1031 2885 1195 2919 dicentur
1221 2884 1325 2925 infra,
1352 2895 1446 2918 mon.
1466 2886 1531 2918 ott.
1552 2883 1728 2928 (1)—(4).

252 2943 265 2961 ⁴
292 2942 480 2985 Philippus
505 2942 705 2975 Eduardus
730 2942 917 2984 Fugsyerus
952 2939 987 2972 in
1013 2938 1337 2983 *Ephemeridibus
1373 2938 1456 2972 anni
1491 2938 1601 2972 1569:
1641 2937 1704 2981 [Es
1742 2937 1901 2972 schreibt

133 2994 290 3029 October
315 2993 350 3038 4]
382 2994 555 3037 „Bechler
589 3006 654 3028 aus
680 2995 877 3038 Augspurg
905 3020 910 3026 .
933 3021 938 3026 .
960 3020 966 3026 .
994 2993 1061 3026 wie
1088 2992 1170 3025 herr
1197 2991 1359 3026 Gebhart
1393 2991 1512 3025 leerne
1539 2991 1762 3025 Kachel'ofen
1788 2992 1903 3025 vnndt

133 3049 271 3082 fenster
289 3075 296 3082 .
318 3076 324 3081 .
346 3076 352 3081 .
380 3048 602 3088 einbrechen,
630 3048 719 3082 vndt
746 3048 813 3080 wie
840 3045 905 3090 [er]
927 3074 932 3080 .
954 3074 960 3080 .
982 3074 988 3080 .
1016 3057 1140 3089 grosse
1167 3045 1369 3090 vnflaterey
1388 3045 1636 3089 angefangen“
1663 3045 1723 3088 (ex
1741 3048 1901 3089 autogr.:

133 3102 218 3137 eod.
242 3102 384 3136 vindob.
405 3102 495 3136 7447
523 3101 548 3136 f.
567 3101 659 3145 48¹³).
