2044 3335
164 110 273 134 xxxn
726 99 769 133 ΙΙ.
797 99 1022 133 Prooemium
1048 98 1242 134 voluminis
1267 100 1372 135 sexti.

163 215 318 249 vicarius
344 214 523 258 generalis
551 214 581 248 ei
599 214 796 255 mandavit,
823 218 865 250 ut
881 215 1034 259 singulis
1052 215 1246 256 mensibus,
1274 216 1448 260 quomodo
1467 217 1615 258 valeret,
1639 217 1683 251 ad
1702 228 1741 251 se
1759 217 1933 253 scriberet

164 267 278 311 (469).
322 268 418 302 Idem
436 267 577 302 Natalis
596 267 778 302 Canisium
797 267 996 313 Oeniponte
1022 268 1246 302 habitantem
1268 271 1447 303 rectorum
1466 270 1694 314 oenipontani
1713 273 1748 305 et
1774 270 1931 306 balensis

162 321 383 355 oboedientia
410 321 545 355 exemit
570 324 606 355 et
631 321 742 355 solius
768 321 1000 365 provincialis
1025 322 1174 366 imperio
1201 322 1402 356 subiectum
1429 334 1508 356 esse
1534 323 1648 357 voluit
1669 323 1782 367 (626)
1826 325 1930 369 Apud

161 373 333 418 plurimos
368 376 487 407 autem
514 374 709 408 catholicos
735 386 867 417 magna
893 386 973 408 eum
1000 374 1115 428 gloria
1142 374 1268 408 florere
1296 375 1455 410 Adamus
1481 376 1668 410 Walasser
1702 388 1733 411 a.
1764 378 1854 412 1570
1880 379 1930 412 te-

160 428 277 461 status
303 429 358 461 est
385 426 508 470 (691);
540 427 670 460 indicio
697 438 777 461 esse
803 429 953 472 possunt
979 427 1156 472 epistulae
1183 427 1240 461 his
1266 429 1368 462 annis
1394 429 1438 463 ab
1465 428 1618 469 Amulio,
1648 429 1768 472 Hosio,
1796 430 1930 465 Truch-

160 480 272 514 sessio
307 480 548 514 cardinalibus
584 480 626 514 ad
663 492 743 514 eum
779 481 884 514 datae
922 481 1006 522 (223
1041 480 1111 514 238
1147 481 1216 514 279
1254 481 1322 514 362
1351 482 1420 515 445
1446 482 1552 525 488);
1590 485 1626 516 et
1657 494 1739 516 cum
1774 483 1930 525 Augusti

160 532 335 567 Saxoniae
366 533 537 577 principis
563 533 729 567 electoris
756 534 798 567 ad
827 533 1041 568 catholicam
1068 533 1258 567 ecclesiam
1285 534 1478 568 reducendi
1503 546 1587 579 spes
1613 535 1810 570 affulsisset
1835 536 1929 571 ideo-

160 597 228 629 que
266 586 308 620 de
345 586 512 629 theologo
551 586 671 630 aliquo
709 586 886 620 catholico
924 587 968 621 ad
1008 598 1088 620 eum
1128 586 1302 621 mittendo
1340 590 1528 630 ageretur,
1567 588 1700 623 Hosius
1735 589 1929 625 cardinalis

161 638 342 672 Canisium
377 639 528 673 caeteris
563 639 727 674 omnibus
763 640 916 674 ducebat
941 640 983 673 ad
1012 651 1090 674 eam
1123 639 1339 682 legationem
1367 652 1446 674 esse
1472 642 1646 686 aptiorem
1680 643 1826 686 propter
1852 643 1929 678 eius

160 691 340 736 pietatem,
367 692 576 734 doctrinam,
602 692 638 726 in
664 693 919 726 controversiis
945 692 1029 726 fidei
1056 693 1350 727 exercitationem
1380 693 1494 736 (749).

277 745 430 779 Sanctus
457 745 542 779 Pius
569 746 610 780 V.
639 758 668 780 a.
699 746 789 780 1568
817 745 998 780 Canisium
1034 757 1137 780 sacra
1163 746 1591 791 cardinaliumApurpura
1617 758 1743 781 ornare
1770 748 1926 783 animum

159 798 316 838 induxit;
353 798 395 832 de
429 810 499 842 qua
534 810 572 832 re
598 798 845 833 Maximiliano
872 799 915 832 ΙΙ.
951 798 1158 843 imperatori
1195 802 1404 843 procurator
1430 800 1543 844 ipsius
1569 812 1736 834 romanus
1763 801 1925 846 scripsit:

160 851 333 890 canisius,
361 853 397 885 ut
425 852 539 891 audio,
567 852 768 886 cardinales
794 852 869 886 adit
894 863 1025 896 eosque
1051 855 1169 896 rogat,
1196 852 1366 894 efficiant,
1393 854 1433 886 ut
1452 853 1616 897 pontifex
1633 854 1819 888 consilium
1839 855 1927 889 illud

158 905 321 949 deponat,
349 905 455 939 malle
482 905 575 939 enim
602 917 639 939 se
666 906 701 939 in
727 905 871 950 privata
889 906 965 939 vita
988 917 1134 939 manere
1153 906 1269 949 (733).
1312 905 1502 940 Caeterum
1529 918 1705 941 romana
1732 907 1926 943 ecclesia

157 969 199 991 ea
234 961 352 992 aetate
388 959 451 992 vix
481 960 715 993 amantiorem
741 959 897 993 habebat
922 959 1034 993 filium
1060 960 1249 1002 magisque
1276 961 1462 993 strenuum
1488 960 1723 995 defensorem.
1775 960 1842 1003 Qui
1871 962 1926 1005 (ut

158 1011 222 1045 hoc
258 1023 398 1056 quoque
433 1013 577 1055 addam)
607 1013 730 1046 eodem
765 1013 826 1046 illo
853 1024 944 1046 anno
974 1013 1063 1047 1568
1090 1012 1226 1046 Romae
1253 1015 1289 1046 et
1314 1023 1421 1057 saepe
1448 1013 1592 1058 templa,
1627 1014 1793 1055 oratoria,
1830 1015 1924 1050 vale-

157 1065 334 1098 tudinaria
369 1065 506 1107 obiens,
542 1066 689 1110 pietatis
723 1077 891 1100 romanae
926 1065 1090 1110 exempla
1125 1065 1333 1109 colligebat,
1370 1068 1405 1099 et
1440 1069 1575 1110 quanta
1609 1066 1743 1100 Romae
1777 1068 1813 1101 in
1848 1080 1924 1112 per-

156 1118 368 1161 egrinorum.
395 1130 602 1163 pauperum,
629 1119 852 1153 infirmorum
878 1119 1095 1153 levationem
1117 1121 1400 1164 praestarentur,
1426 1119 1640 1163 singillatim
1659 1120 1862 1163 adnotabat,
1890 1124 1925 1156 et

156 1171 346 1216 populares
363 1171 497 1206 Romae
524 1173 696 1216 degentes
723 1173 767 1206 ad
790 1173 881 1206 idem
910 1172 1113 1207 faciendum
1131 1173 1316 1214 incitabat,
1344 1184 1413 1216 quo
1430 1176 1556 1217 postea
1574 1173 1759 1208 revincere
1778 1177 1925 1219 possent

156 1224 352 1259 Germanos
387 1225 478 1266 illos,
514 1226 574 1270 qui
601 1226 735 1260 Romae
760 1222 944 1270 paulisper
971 1225 1116 1266 versati,
1152 1225 1243 1259 nihil
1269 1226 1339 1260 nisi
1365 1226 1526 1271 improba.
1553 1228 1589 1260 et
1614 1227 1852 1270 ignominiosa
1878 1228 1921 1262 de

155 1277 260 1312 rebus
295 1279 452 1312 romanis
485 1279 520 1313 in
552 1278 783 1314 Germaniam
818 1279 995 1313 referrent-
1024 1278 1139 1322 (578).
1191 1279 1320 1312 Tribus
1355 1281 1476 1313 autem
1511 1280 1615 1313 annis
1650 1282 1731 1324 post
1757 1280 1922 1316 Canisius

156 1331 308 1374 primum
334 1332 478 1366 brevem
506 1332 607 1366 illam
638 1333 946 1375 „Confessionem“
977 1344 1077 1366 suam
1100 1332 1240 1377 (postea
1265 1344 1373 1377 saepe
1400 1332 1605 1378 repetitam)
1625 1333 1723 1378 typis
1745 1333 1922 1377 vulgavit,

154 1395 224 1427 qua
250 1384 336 1418 Pius
362 1385 404 1420 V.
431 1386 519 1419 adeo
546 1386 746 1420 delectatus
772 1389 836 1428 est,
872 1388 921 1427 ut,
954 1397 1033 1419 cum
1061 1385 1195 1420 Canisii
1221 1385 1351 1420 librum
1379 1386 1421 1419 de
1448 1387 1579 1420 Ioanne
1605 1386 1781 1431 Baptista,
1808 1388 1922 1432 prius-

155 1448 259 1481 quam
288 1438 507 1481 vulgaretur,
534 1451 597 1484 per
622 1439 837 1482 Magistrum
865 1439 962 1473 Sacri
983 1439 1113 1473 Palatii
1140 1439 1347 1483 recognosci
1365 1439 1542 1481 iussisset,
1570 1440 1801 1474 Confessione
1826 1440 1921 1475 lecta

154 1493 386 1535 permitteret,
422 1495 462 1526 ut
490 1492 581 1527 liber
606 1493 665 1526 ille
691 1494 767 1527 sine
794 1505 893 1526 mora
919 1492 1070 1526 ubilibet
1095 1492 1310 1536 vulgaretur
1336 1493 1417 1536 (447
1448 1493 1546 1537 711).
1595 1493 1649 1526 En
1677 1492 1921 1529 confessionis

154 1544 249 1578 illius
281 1545 514 1590 particulam:
553 1544 688 1589 „Quam
723 1546 783 1580 alii
816 1546 1017 1591 blasphemi
1043 1548 1278 1580 contemnunt
1305 1548 1341 1579 et
1367 1548 1630 1590 persequuntur
1655 1558 1839 1581 romanam
1866 1559 1920 1581 ec-

153 1597 299 1632 clesiam
333 1610 375 1632 ac
409 1599 511 1633 velut
545 1599 855 1634 antichristianam
892 1601 1135 1641 exsecrantur,
1172 1599 1279 1633 huius
1305 1611 1372 1643 ego
1398 1611 1454 1633 me
1481 1600 1597 1633 civem
1625 1611 1704 1634 esse
1730 1600 1899 1644 profiteor
1910 1613 1918 1642 ;

152 1651 196 1685 ab
231 1652 389 1686 eiusdem
421 1652 640 1687 authoritate
665 1665 731 1687 nec
757 1653 871 1687 latum
896 1664 1053 1696 unguem
1080 1653 1243 1693 discedo;
1281 1653 1323 1687 ob
1351 1653 1448 1686 illius
1473 1652 1717 1686 testimonium
1744 1653 1858 1687 vitam
1884 1656 1920 1688 et

152 1706 364 1748 sanguinem
397 1706 612 1750 profundere
646 1718 715 1740 non
750 1718 887 1747 recuso,
923 1718 988 1740 nec
1023 1705 1107 1740 alibi
1133 1717 1278 1751 prorsus
1305 1717 1412 1749 quam
1438 1706 1474 1739 in
1501 1706 1576 1740 eius
1601 1707 1750 1747 unitate,
1787 1706 1919 1740 Christi

152 1758 282 1792 domini
317 1759 445 1793 merita
480 1762 515 1793 et
541 1760 655 1794 sancti
684 1760 838 1804 Spiritus
874 1760 965 1793 dona
994 1759 1081 1793 mihi
1108 1761 1143 1793 et
1170 1759 1251 1793 aliis
1276 1759 1449 1793 salutaria
1484 1759 1560 1793 fore
1587 1759 1724 1793 confido
1750 1763 1919 1803 certoque

153 1823 362 1856 persuasum
396 1813 521 1847 habeo.
573 1814 661 1847 Cum
688 1814 908 1858 Hieronymo
943 1813 1054 1847 libere
1079 1813 1269 1858 profiteor:
1309 1812 1376 1854 Qui
1402 1813 1501 1846 Petri
1528 1813 1721 1846 cathedrae
1746 1812 1917 1856 iungitur,

152 1876 252 1900 meus
287 1869 359 1907 est;
397 1878 475 1900 cum
502 1867 700 1908 Ambrosio,
736 1867 935 1901 Ecclesiam
967 1867 1164 1900 Romanam
1201 1867 1235 1900 in
1270 1866 1434 1900 omnibus
1470 1866 1573 1910 cupio
1608 1866 1730 1909 sequi;
1767 1877 1918 1910 eamque

151 1919 349 1953 catholicae
375 1919 548 1954 ecclesiae
573 1920 730 1954 radicem
757 1923 794 1954 et
818 1921 1005 1954 matricem
1025 1931 1105 1953 cum
1125 1920 1304 1964 Cypriano
1323 1922 1531 1953 reverenter
1549 1930 1724 1962 agnosco;
1745 1946 1753 1953 .
1770 1947 1776 1953 .
1794 1946 1800 1952 .
1816 1920 1916 1954 cuius

152 1973 290 2006 demum
329 1973 461 2007 iudicio
498 1985 554 2007 me
591 1973 798 2018 scriptaque
836 1973 954 2007 omnia
991 1985 1071 2007 mea
1108 1985 1178 2007 non
1215 1973 1334 2007 minus
1371 1972 1526 2006 libenter
1563 1983 1671 2016 quam
1709 1975 1917 2007 reverenter

150 2026 304 2060 subici&
337 2026 451 2070 (745).

268 2099 411 2140 Deus
451 2098 559 2153 ipse,
606 2113 734 2152 quam
776 2101 905 2152 grata
945 2098 1025 2140 sibi
1065 2098 1173 2140 haec
1214 2097 1295 2139 viri
1336 2098 1478 2151 pietas
1519 2100 1657 2147 esset,
1701 2096 1913 2147 ostendit;

151 2166 337 2206 exeunte
379 2163 491 2205 enim
533 2178 571 2207 a.
608 2165 717 2206 1567
753 2163 970 2206 Canisium
1012 2178 1069 2206 ex
1109 2163 1362 2206 monasterii
1404 2163 1674 2205 benedictino
1706 2163 1829 2205 Ettal
1870 2162 1914 2204 in

151 2229 326 2270 Tirolim
358 2229 443 2272 iter
474 2229 706 2271 facientem
738 2228 945 2270 miraculo
979 2229 1164 2281 quodam
1187 2243 1210 2270 e
1233 2228 1351 2270 vitae
1382 2227 1571 2282 periculo
1595 2227 1753 2282 eripuit
1775 2226 1912 2280 (724),

151 2297 194 2336 et
234 2309 272 2338 a.
311 2295 421 2336 1568
464 2294 645 2335 eundem
679 2295 883 2335 Anconae
920 2293 964 2335 in
1005 2295 1168 2348 templo
1202 2293 1441 2336 cathedrali
1474 2294 1669 2335 orantem
1703 2292 1913 2346 singulari

150 2359 308 2401 lumine
341 2359 517 2401 caelesti
549 2359 787 2401 illustravit
819 2359 956 2413 (574).
