2044 3335
172 131 227 171 22
325 128 426 163 1486.
454 126 658 161 Leonardus
683 125 811 160 Kessel
839 124 994 159 Canisio.
1038 122 1184 158 Colonia
1209 123 1266 158 23.
1288 123 1380 166 Aug.
1402 122 1475 165 (vel
1503 123 1610 168 paulo
1636 123 1732 168 post)
1754 123 1856 158 1567.

291 246 447 289 Omnia
469 245 537 286 hic
568 244 611 286 in
643 245 758 286 bona
789 257 896 298 pace
928 244 1044 284 sunt.
1097 241 1266 283 Dicitur
1287 241 1512 295 resignare
1535 241 1938 284 Reuerendissimus

171 326 296 354 suum
328 310 681 365 Episcopatum1.
732 309 851 350 Deus
884 306 1094 349 concedat
1124 306 1249 348 nobis
1282 306 1413 348 alium
1445 306 1593 356 talem,
1627 307 1798 359 qualem
1831 306 1938 348 haec

171 379 369 430 tempora
409 374 647 428 requirunt.
710 373 882 415 Literas
924 372 978 414 ad
1020 384 1212 413 sororem
1253 371 1307 414 V.
1341 371 1392 415 R.
1434 385 1512 426 per
1543 371 1669 414 Doct.
1703 370 1937 413 Henricum

171 442 343 484 mittam
375 440 487 482 sicut
519 439 659 481 soleo:
703 438 776 491 qui
815 437 955 479 adhuc
987 435 1177 478 Traiecti
1210 436 1304 488 agit
1336 450 1431 477 cum
1464 450 1622 489 magno
1654 436 1851 478 fructu2:
1894 439 1940 478 et

171 506 329 548 ibidem
371 518 600 547 mansurus
644 505 853 556 quantum
894 501 1091 554 intelligo
1132 514 1269 553 Vsque
1310 501 1365 543 ad
1408 501 1641 543 aduentum
1677 500 1822 554 Regis,
1866 500 1939 554 qui

170 571 308 613 indies
349 572 620 624 expectatur.
670 582 770 610 nam
811 566 975 608 multae
1022 579 1158 607 naues
1201 565 1426 619 profectae
1470 568 1572 607 sunt
1611 565 1675 607 illi
1723 564 1892 606 obuiam
1907 565 1936 607 3.

291 636 392 677 Dux
423 634 618 676 Albanus
650 632 737 674 iam
769 631 999 674 Bruxellas
1031 630 1180 673 venit4
1211 644 1290 684 per
1321 630 1656 684 Lotthringiam.
1715 629 1938 672 Haeretici

171 714 331 754 magno
363 712 540 741 numero
572 697 748 751 fugiunt
780 699 825 738 et
858 695 1101 750 capiuntur.
1150 695 1279 737 Multi
1309 709 1387 749 per
1417 709 1564 737 muros
1595 708 1642 736 se
1674 693 1940 736 Buscoducis

171 765 450 813 demiserunt,
483 764 527 805 in
549 762 713 805 vestitu
735 761 963 803 mulierum
996 763 1041 803 et
1073 760 1346 813 aurigarum:
1381 760 1540 802 Omnes
1572 762 1674 802 sunt
1704 759 1749 802 in
1779 773 1938 813 magno

170 830 371 873 timore
413 832 466 871 et
506 828 801 870 tremore5:
843 840 945 868 narn
988 823 1291 880 [castigatio]⁸
1331 825 1506 868 videtur
1537 825 1686 867 futura
1720 825 1846 875 acris,
1889 826 1940 866 vt

171 894 359 949 posteris
381 894 468 936 sint
490 893 701 946 exemplo,
735 905 789 934 ne
815 890 1142 946 posteriora
1174 890 1464 933 deteriora
1494 891 1603 933 fiant
1634 889 1938 944 prioribusss.

173 960 223 1003 R.
258 959 305 1004 P.
337 958 512 1001 Natalis
534 956 816 1011 Antwerpiae
848 955 1100 1010 expectabit
1131 955 1368 997 aduentum
1398 955 1552 1008 Regis:
1587 954 1660 996 vbi
1692 954 1823 997 etiam
1856 954 1939 996 duo

171 1027 319 1067 castra
352 1025 552 1066 dicuntur
583 1022 704 1076 erigi.

291 1089 484 1131 Medicus
515 1086 847 1130 Dauentriensis
879 1087 981 1128 ante
1014 1085 1180 1138 aliquot
1212 1084 1480 1139 septimanas
1511 1084 1734 1139 profectus
1767 1086 1834 1126 est
1862 1083 1939 1125 Di-

172 1154 335 1207 lingam
368 1168 462 1196 cum
496 1152 677 1206 coniuge
709 1166 801 1202 sua,
837 1151 904 1193 cui
937 1153 982 1193 et
1012 1153 1187 1192 nostras
1220 1150 1415 1191 dedimus
1447 1149 1598 1192 literas
1626 1149 1682 1191 ad
1707 1149 1937 1191 Rectorem

173 1220 471 1273 Dilingensem
484 1219 512 1261 ⁷.
557 1217 742 1260 Videtur
774 1216 842 1258 vir
873 1216 1105 1258 admodum
1136 1216 1286 1259 bonus.
1329 1214 1585 1257 Ambrosius
1607 1213 1938 1269 Apofflecarius,

172 1285 388 1327 suadebat
419 1283 481 1326 illi
514 1286 563 1325 vt
595 1282 797 1324 Coloniae
829 1284 1028 1323 maneret
1059 1280 1131 1322 vbi
1162 1280 1353 1322 habere8
1383 1304 1441 1308 ——
1473 1304 1530 1308 —

292 1374 479 1420 Epistulae
505 1375 599 1415 huic,
627 1386 648 1408 a
674 1386 743 1419 quo
770 1374 813 1409 ad
841 1385 946 1418 quem
974 1373 1116 1417 quando
1134 1373 1219 1407 data
1237 1372 1296 1413 sit,
1322 1373 1358 1406 in
1376 1372 1630 1406 commentario
1649 1384 1718 1406 non
1737 1372 1938 1406 adnotatur.

174 1429 229 1463 Ex
252 1429 381 1463 Codice
407 1431 538 1469 autem,
565 1428 599 1462 in
627 1439 696 1472 quo
723 1428 1019 1462 commentarium
1047 1428 1178 1468 exstat,
1205 1428 1241 1460 et
1267 1426 1491 1471 potissimum
1520 1438 1565 1459 ex
1590 1425 1679 1470 ipsis
1704 1425 1822 1465 rebus,
1848 1434 1941 1468 quae

173 1483 210 1516 in
238 1482 392 1527 epistula
418 1482 595 1522 dicuntur,
622 1481 857 1525 intellegitur,
885 1492 963 1514 eam
992 1479 1138 1514 Colonia
1164 1491 1185 1513 a
1211 1479 1251 1514 P.
1270 1478 1454 1513 Leonardo
1480 1479 1608 1513 Kessel
1634 1478 1777 1522 collegii
1802 1479 1941 1512 rectore

173 1536 206 1570 d.
226 1535 282 1570 23.
302 1535 459 1578 Augusti
487 1535 562 1578 (vel
589 1534 694 1580 paulo
720 1533 819 1579 post)
848 1545 878 1568 a.
901 1534 991 1568 1567
1019 1533 1139 1567 datam
1166 1544 1245 1567 esse
1272 1532 1317 1566 ad
1343 1532 1486 1567 Socium
1513 1532 1668 1577 aliquem
1695 1532 1730 1566 in
1749 1531 1942 1566 Germania

173 1588 357 1634 superiore
383 1589 584 1632 degentem.
624 1587 691 1630 Qui
717 1600 787 1622 non
813 1589 892 1621 erat
918 1587 958 1621 P.
977 1586 1222 1621 Theodericus
1248 1585 1434 1625 Canisius;
1462 1586 1520 1620 hic
1547 1586 1641 1619 enim
1667 1586 1704 1619 in
1730 1584 1839 1619 tertia
1864 1595 1941 1629 per-

178 1654 276 1683 sona,
302 1644 342 1675 ut
367 1642 485 1676 dicere
511 1642 678 1682 solemus,
705 1642 1017 1675 commemoratur.
1064 1639 1190 1684 Neque
1216 1639 1339 1673 dubito
1366 1639 1541 1683 equidem,
1568 1639 1654 1683 quin
1681 1637 1808 1672 Kessel
1833 1638 1943 1682 scrip-

179 1697 269 1730 serit
294 1695 402 1729 Petro
429 1695 589 1735 Canisio;
626 1695 684 1729 hic
719 1694 813 1728 enim
848 1694 887 1728 P.
915 1693 1139 1738 Onuphrium
1166 1692 1381 1727 Panvinium
1409 1692 1450 1727 O.
1470 1692 1528 1727 Er.
1547 1692 1582 1726 S.
1601 1693 1693 1736 Aug.
1720 1694 1756 1726 et
1781 1691 1817 1725 in
1842 1690 1944 1725 libris

179 1749 271 1783 raris
298 1748 512 1792 quaerendis
538 1750 574 1782 et
599 1748 634 1782 in
661 1748 775 1792 ipsius
801 1747 947 1792 scriptis
974 1746 1189 1790 evulgandis
1220 1745 1432 1787 adiuvabat;
1469 1758 1503 1780 v.
1530 1745 1635 1787 infra,
1662 1757 1753 1779 mon.
1780 1744 1850 1779 litt.
1869 1743 1941 1788 (l);

179 1803 273 1837 idem
309 1802 417 1836 etiam
453 1801 542 1835 alias
569 1801 723 1835 Kesselii
758 1812 866 1846 opera
900 1800 1112 1845 interposita
1137 1799 1401 1842 Noviomagum
1437 1799 1481 1833 ad
1508 1798 1760 1832 Wendelinam
1785 1808 1943 1832 sororem

180 1856 345 1900 scripsit;
376 1866 410 1888 V.
441 1856 528 1889 Can.
556 1854 588 1888 V
615 1855 695 1889 336.

302 1936 331 1967 a)
353 1937 413 1961 Hoc
438 1937 482 1961 vel
501 1936 597 1960 simile
619 1944 643 1960 v.
663 1939 695 1960 ut
714 1936 899 1967 suppleatur,
920 1941 967 1959 res
987 1934 1053 1965 ipsa
1069 1934 1159 1965 plane
1179 1933 1279 1964 emiqit.

305 2056 314 2076 ¹
339 2055 542 2089 Fridericus
560 2066 580 2088 a
598 2053 715 2087 Weda
741 2053 1044 2097 archiepiscopus,
1071 2051 1155 2095 quia
1181 2051 1263 2085 fidei
1285 2051 1542 2095 professionem
1566 2049 1799 2084 tridentinam
1826 2049 1946 2083 facere

180 2108 335 2149 nolebat,
362 2120 382 2142 a
408 2108 471 2142 Pio
497 2108 540 2142 V.
568 2107 873 2141 confirmationem
901 2106 1095 2150 impetrare
1120 2115 1191 2138 non
1217 2105 1378 2149 poterat3
1414 2103 1475 2148 qui
1510 2115 1590 2137 cum
1621 2102 1778 2147 capitulo
1805 2113 1945 2146 quoque

180 2162 378 2196 dissidebat
412 2164 449 2195 et
474 2161 530 2195 die
556 2161 612 2195 25.
639 2159 805 2193 Octobris
835 2159 923 2193 1567
958 2158 1076 2192 officio
1103 2157 1213 2192 cessit
1239 2156 1304 2200 (M.
1332 2158 1477 2200 Lossen,
1504 2156 1576 2190 Der
1601 2155 1796 2190 K'olnische
1821 2155 1944 2199 Krieg.

181 2214 476 2259 Vorgeschichte.
504 2214 623 2249 Gotha
651 2213 751 2253 1882,
778 2212 898 2256 3-4).

303 2269 316 2288 ²
350 2268 402 2302 De
436 2267 492 2301 his
526 2267 657 2301 litteris
693 2266 736 2300 ad
763 2265 1026 2304 Wendelinam,
1066 2263 1249 2298 Godefridi
1285 2275 1366 2297 vom
1393 2262 1513 2296 Triest
1547 2262 1704 2297 consulis
1741 2261 1945 2304 noviomagi

183 2321 340 2362 viduam,
375 2321 470 2355 datis
503 2332 539 2355 v.
570 2322 656 2354 Can.
684 2319 715 2352 V
743 2319 822 2353 531.
873 2318 912 2352 P.
949 2317 1126 2352 Henricus
1162 2317 1356 2362 Dionysius
1393 2315 1660 2350 Mosaetraiecti
1698 2314 1944 2359 (Maastricht)

183 2374 474 2413 contionabatur;
500 2386 534 2408 v.
566 2375 652 2408 Can.
679 2372 711 2406 V
738 2372 833 2406 326¹.

304 2428 317 2447 ³
342 2427 474 2461 Notum
501 2429 556 2460 est
582 2425 787 2470 Philippum
813 2425 858 2459 II.
884 2424 977 2459 hanc
1004 2424 1196 2468 Belgarum
1223 2422 1529 2467 exspectationem
1555 2422 1740 2456 fefellisse.

303 2483 315 2501 4
341 2480 588 2514 Ferdinandus
609 2479 805 2513 Toletanus
823 2477 938 2512 Albae
964 2478 1048 2519 dux,
1075 2488 1236 2512 summus
1263 2487 1442 2510 armorum
1468 2487 1532 2520 per
1549 2475 1716 2518 Belgium
1741 2474 1947 2519 praefectus

184 2545 205 2567 a
228 2534 393 2578 Philippo
412 2533 454 2566 11.
475 2533 705 2573 constitutus,
731 2532 787 2566 22.
807 2531 964 2575 Augusti
986 2531 1074 2565 1567
1094 2529 1286 2564 Bruxellas
1311 2529 1498 2572 ingressus
1524 2530 1579 2562 est
1607 2528 1791 2571 (Famian.
1811 2528 1947 2561 Strada

185 2586 220 2621 S.
245 2587 290 2627 J.‚
316 2586 368 2620 De
394 2586 487 2620 bello
513 2586 652 2629 belgico
679 2586 704 2627 I,
731 2585 953 2629 Antverpiae
981 2584 1082 2625 1649,
1109 2583 1131 2618 l.
1159 2584 1189 2625 6,
1217 2595 1250 2628 p.
1278 2582 1357 2617 356.
1401 2582 1529 2616 Barth.
1556 2582 1664 2615 Fisen
1690 2581 1724 2615 S.
1744 2581 1788 2622 J.‚
1815 2579 1947 2614 Sancta

186 2640 295 2683 Legia
322 2640 360 2673 P.
388 2640 431 2680 II,
460 2639 580 2673 Leodii
609 2639 710 2679 1696,
738 2638 836 2681 363).

306 2694 318 2712 ⁵
344 2693 418 2725 Tob
447 2692 500 2733 13,
528 2693 560 2726 6.
604 2692 652 2725 Ps
679 2692 736 2732 54,
763 2692 795 2725 6.
838 2691 859 2725 2
887 2690 955 2724 Cor
982 2690 1012 2731 7,
1041 2690 1095 2724 15.
1139 2689 1215 2734 Eph
1244 2690 1276 2729 6,
1304 2690 1323 2723 5
1350 2691 1418 2722 etc.

307 2746 319 2765 ⁰
345 2746 365 2778 2
394 2746 479 2778 Petr
505 2745 536 2786 2,
563 2745 628 2786 20;
655 2745 700 2779 cf.
728 2745 782 2778 Mt
810 2745 863 2785 12,
890 2745 947 2778 45.
1100 2744 1112 2763 ⁷
1139 2743 1179 2776 P.
1206 2741 1465 2776 Theodoricum
1492 2739 1687 2774 Canisium.

307 2799 319 2818 ⁸
345 2798 385 2831 In
420 2797 751 2842 *„Jmpedimentis
787 2797 935 2842 Collegij
971 2796 1227 2839 Dilingensis⁴‘,
1267 2806 1369 2839 quae,
1405 2805 1496 2827 anno
1531 2804 1600 2826 non
1635 2792 1803 2837 ascripto,
1841 2803 1950 2826 manu

189 2851 227 2885 P.
256 2852 365 2884 Pauli
390 2853 534 2894 Hoffaei
561 2850 595 2885 S.
615 2851 649 2885 J.
676 2851 812 2895 scripta
836 2853 933 2891 sunt,
959 2849 1183 2883 affirmatur:
1222 2848 1387 2891 „Nullum
1416 2847 1559 2887 habent,
1595 2857 1661 2880 nec
1686 2846 1819 2880 habere
1843 2845 1950 2879 facile

186 2907 338 2948 possunt
362 2904 538 2937 medicum
566 2915 635 2947 quo
660 2906 781 2937 tamen
813 2915 919 2947 saepe
954 2903 1136 2946 indigent“
1169 2901 1304 2943 (Germ.
1333 2901 1417 2944 Sup.
1445 2900 1555 2933 Fund.
1582 2899 1597 2932 I
1632 2899 1656 2932 f.
1684 2898 1782 2942 214).
1833 2897 1950 2939 Quare

188 2968 218 2990 a.
249 2957 340 2991 1564
374 2968 481 3001 opera
514 2956 643 2990 medici
673 2956 895 2999 lauingensis
930 2956 1079 2999 eiusque
1113 2954 1292 2989 lutherani
1323 2954 1376 2987 uti
1412 2954 1605 2997 coeperunt
1641 2952 1748 2996 (Can.
1774 2951 1824 2985 IV
1849 2951 1948 2994 478).

188 3010 228 3043 In
254 3009 444 3052 *„Litteris
470 3009 616 3043 annuis“
647 3012 768 3043 autem
795 3009 936 3051 collegii
963 3008 1137 3052 dilingani
1166 3009 1195 3042 1.
1223 3007 1389 3041 Octobris
1417 3006 1507 3040 1567
1534 3005 1629 3039 datis
1663 3005 1719 3039 Fr.
1748 3006 1951 3049 „Antonius

188 3061 371 3097 Flander“
401 3062 613 3106 (Guisanus)
643 3061 677 3096 S.
697 3063 729 3096 J.
756 3063 800 3096 de
825 3061 998 3096 cardinali
1024 3061 1225 3095 Truchsess
1259 3060 1349 3094 haec
1383 3059 1515 3093 refert:
1558 3058 1742 3100 „Prouidit
1767 3057 1949 3092 Vniuersi-

187 3115 255 3149 tati
293 3116 335 3149 de
370 3116 513 3149 doctore
544 3116 699 3149 medico“
740 3126 852 3159 eoque
890 3114 1062 3148 arcessito
1101 3126 1140 3157 „e
1176 3113 1368 3148 Germania
1402 3111 1549 3155 Belgica
1587 3112 1664 3145 viro
1692 3110 1876 3145 Catholico
1914 3113 1950 3144 et
