2044 3335
142 122 196 162 92
639 116 738 150 1516.
768 115 932 149 Canisius
960 114 994 149 S.
1013 114 1206 148 Francisco
1232 114 1399 157 Borgiae.

141 237 344 290 corriget,
390 239 439 277 ut
482 234 725 276 suauiorem
769 238 812 276 et
854 233 1149 276 amabiliorem
1192 246 1238 274 se
1279 236 1475 287 praestet
1516 232 1755 283 Fratribus,
1801 246 1907 286 quos

140 302 312 355 quidem
356 301 399 342 in
444 301 556 341 bona
601 302 645 341 et
689 298 836 352 quieta
882 298 1076 340 continet
1123 297 1361 351 disciplina.
1436 297 1535 340 Fuit
1581 297 1662 339 1100
1710 311 1821 339 anno
1863 296 1907 338 in

141 366 410 408 aedificanda
442 379 519 418 pro
553 364 745 417 aegrotis
779 363 940 405 nostris
973 364 1097 404 domo
1127 377 1211 404 non
1239 377 1391 416 parum
1424 362 1670 416 impeditus,
1704 376 1907 414 magnas-

141 445 223 484 que
255 429 446 482 Collegio
480 428 813 471 commoditates
846 427 996 470 attulit
1029 427 1126 481 alijs
1165 427 1297 469 etiam
1338 427 1545 481 aedificijs
1587 427 1723 477 nouis,
1766 427 1908 468 nouit-

142 510 223 549 que
265 509 385 537 suam
429 493 742 536 authoritatem
785 493 898 535 domi
942 496 985 535 et
1018 493 1132 546 apud
1176 495 1352 534 exteros
1394 492 1570 546 egregie
1601 492 1726 535 tueri.
1790 491 1908 533 Nihil

140 564 305 609 autem,
351 559 494 609 uideo,
539 559 653 611 quod
694 558 775 600 1100
817 559 910 600 1000
956 572 1035 599 1100
1078 560 1123 599 01
1166 557 1327 599 fratres
1370 557 1508 609 magis
1551 557 1742 599 offendat
1781 570 1908 609 quam

141 625 237 666 boni
272 625 410 678 patris
442 623 622 666 Martini
653 623 707 664 ad
749 637 871 665 suum
914 622 1134 676 ingenium
1178 622 1357 664 subinde
1398 622 1621 664 redeuntis
1663 621 1908 674 exemplum

140 689 386 731 miserabile
402 690 428 731 1.
502 688 583 741 Egi
625 688 783 730 iterum
828 702 923 729 cum
967 687 1040 729 illo
1088 689 1132 729 et
1173 690 1352 741 propter
1396 687 1517 729 illum
1563 700 1657 728 cum
1699 685 1910 740 Principis

141 754 407 797 Cancellario
449 753 587 795 amico
630 756 673 796 et
714 756 898 806 patrono
942 753 1068 802 fido2,
1113 753 1182 805 qui
1226 766 1533 805 nonnunquam
1574 752 1695 792 illum
1733 753 1778 792 et
1809 764 1909 804 gra-

140 820 254 862 uiter
286 819 459 872 quidem
501 818 718 868 admonet,
761 821 809 859 ut
851 818 906 859 ab
948 819 1228 859 externorum
1271 817 1494 871 conuiuijs,
1538 816 1692 869 quibus
1734 815 1909 857 nimium

141 885 396 935 delectatur,
431 885 647 937 temperet
670 882 793 933 sibi3,
830 888 874 925 et
900 882 1108 925 maiorem
1140 882 1458 936 temperantiae
1490 881 1651 923 habeat
1683 880 1909 922 rationem.

142 949 380 992 Pollicetur
420 949 493 990 ille
530 948 653 990 nobis
686 950 730 990 et
762 947 1030 990 Cancellario
1063 962 1110 989 se
1142 947 1205 990 ita
1237 948 1469 998 facturum,
1513 947 1589 989 sed
1621 945 1781 988 oblitus
1812 959 1911 1000 pro-

142 1014 263 1056 missi
294 1014 380 1057 iam
412 1014 611 1068 relapsus
633 1017 701 1056 est
723 1027 867 1067 saepe,
902 1016 951 1055 ut
971 1013 1034 1055 illi
1066 1016 1161 1055 tuto
1193 1013 1322 1054 fidem
1355 1013 1459 1054 dare
1491 1025 1769 1065 nequeamus.
1824 1009 1911 1064 Op-

142 1083 337 1122 taremus
378 1078 539 1121 mutari
571 1079 624 1120 ab
657 1079 731 1120 illo
764 1078 1093 1128 habitationem,
1137 1091 1392 1130 quocunque
1426 1078 1596 1119 demum
1631 1076 1793 1118 abiret:
1836 1075 1913 1117 sed

145 1145 308 1187 inuitus
350 1144 544 1194 discedit,
588 1146 632 1186 et
674 1144 926 1186 dissuadent
964 1143 1104 1192 amici,
1148 1157 1202 1184 ne
1243 1142 1539 1196 gratissimum
1571 1142 1684 1183 hunc
1716 1140 1912 1182 omnibus

145 1210 514 1259 Concionatorem‚
559 1209 630 1262 qui
670 1209 860 1261 reliquos
901 1209 1030 1250 facile
1068 1207 1214 1257 uincit,
1258 1207 1356 1249 hinc
1388 1207 1508 1249 abire
1540 1206 1746 1257 sinamus,
1788 1205 1913 1246 Prin-

145 1276 282 1329 cipem
315 1277 359 1316 et
391 1275 596 1328 populum
628 1274 824 1327 grauiter
856 1274 1046 1316 laturum
1070 1275 1240 1327 putant,
1274 1273 1310 1314 si
1333 1273 1476 1322 abeat,
1507 1274 1552 1314 et
1574 1271 1793 1325 acciperet
1813 1269 1912 1311 hinc

143 1340 332 1383 fortasse
370 1340 526 1381 uulnus
559 1339 728 1392 Religio
762 1338 997 1389 Catholica,
1041 1352 1151 1391 quae
1184 1337 1264 1379 tali
1295 1340 1620 1392 propugnatore
1665 1336 1779 1390 apud
1820 1336 1913 1377 Mo-

142 1405 397 1447 nachienses
439 1404 709 1458 potissimum
752 1407 865 1458 eget,
910 1406 954 1446 et
995 1403 1108 1445 haud
1147 1402 1276 1445 facile
1309 1402 1643 1444 commodiorem
1676 1400 1749 1442 ille
1780 1400 1912 1442 medi-

144 1485 238 1512 cum
284 1470 386 1512 alibi
433 1469 657 1523 reperiret,
708 1483 835 1522 quam
882 1469 962 1510 hoc
1005 1469 1100 1510 loco
1145 1468 1375 1510 Rectorem
1420 1467 1566 1527 habet,
1617 1466 1737 1507 cuius
1781 1466 1913 1507 etiam

145 1535 335 1585 consilio,
375 1549 461 1576 non
494 1549 646 1588 parum
679 1548 810 1588 saepe
842 1534 1019 1576 iuuatur
1050 1533 1093 1574 in
1126 1533 1206 1575 1100
1238 1547 1315 1574 0110
1348 1526 1496 1574 morbo
1529 1535 1620 1574 tam
1652 1531 1912 1574 inueterato.

145 1601 287 1650 Quare
330 1603 510 1654 propter
550 1600 709 1641 bonum
754 1604 1004 1641 communea
1046 1598 1172 1640 huius
1216 1597 1367 1639 fratris
1411 1596 1755 1639 imbecillitatem
1799 1596 1914 1638 ferre

145 1666 351 1719 cogimur,
394 1667 438 1707 et
479 1665 646 1707 solicite
688 1678 894 1718 rogamus
936 1665 1086 1714 Deum,
1130 1663 1363 1717 rogarique
1404 1662 1612 1716 cupimus,
1658 1664 1706 1703 ut
1750 1661 1914 1713 absque

147 1731 355 1773 scandalo
388 1730 590 1784 grauiore
623 1730 844 1772 nobiscum
877 1729 950 1771 ille
982 1731 1171 1778 maneat,
1207 1728 1276 1781 qui
1311 1729 1429 1770 certe
1462 1741 1518 1769 ex
1545 1728 1626 1769 hac
1649 1727 1858 1768 societate
1881 1725 1916 1767 si

146 1796 451 1845 dimitteretur,
485 1809 564 1836 nec
597 1795 690 1845 sibi,
723 1808 803 1836 nec
836 1794 933 1848 alijs
967 1794 1038 1835 diu
1070 1794 1324 1847 profuturus
1357 1806 1453 1834 esse
1475 1792 1710 1834 uideretur.
1753 1791 1915 1832 Verum

146 1861 226 1903 1100
273 1875 403 1902 unum
456 1859 631 1901 interim
685 1859 928 1902 consultum
981 1861 1207 1913 putarem,
1263 1862 1311 1900 ut
1358 1856 1609 1899 Paternitas
1662 1859 1739 1898 tua
1792 1855 1915 1896 nobis

144 1926 382 1980 pleniorem
414 1926 629 1966 tribueret
660 1924 918 1966 facultatem
950 1924 993 1965 in
1025 1924 1099 1965 illo
1132 1924 1201 1965 uel
1235 1922 1491 1965 dimittendo
1524 1935 1714 1976 prorsus,
1757 1921 1826 1962 uel
1860 1920 1913 1962 ad

146 1991 420 2033 Rhenensem
465 1989 737 2031 Prouinciam
783 1989 1136 2039 transmittendo,
1182 1988 1284 2030 licet
1327 1988 1416 2029 11110
1461 2001 1544 2029 11011
1587 1986 1816 2028 admodum
1857 1986 1915 2028 sit

146 2059 300 2110 gratus
332 2056 517 2105 futurus,
552 2055 622 2096 uel
655 2054 753 2096 111110
775 2054 963 2108 Principi
997 2054 1169 2108 penitus
1201 2053 1498 2106 relinquendo,
1533 2052 1568 2093 si
1602 2051 1833 2104 aliquando
1866 2053 1915 2093 ut

143 2120 388 2170 metuimus,
419 2122 510 2162 tam
533 2120 772 2161 insolenter
794 2122 838 2162 et
861 2119 1162 2161 exorbitanter
1183 2118 1256 2159 ille
1278 2131 1324 2159 se
1348 2118 1463 2171 apud
1485 2117 1705 2159 seculares
1727 2119 1913 2169 gereret,

143 2185 280 2228 sicut-¹³
322 2185 465 2239 coepit
506 2198 826 2237 nonnunquam,
869 2186 918 2226 ut
950 2198 1156 2237 magnum
1189 2186 1233 2225 et
1265 2186 1464 2237 apertum
1499 2182 1773 2224 scandalume
1814 2180 1912 2222 inde

142 2251 272 2305 uulgo
305 2250 425 2292 nasci
459 2252 504 2292 et
536 2249 658 2291 nobis
692 2249 872 2291 conflari
904 2249 1136 2291 uideretur.
1199 2248 1442 2290 Dolendum
1475 2250 1555 2297 est,
1590 2247 1703 2300 quod
1735 2246 1914 2288 uideant

144 2316 211 2357 hic
244 2315 396 2369 nouitij
429 2315 684 2356 redeuntem
716 2315 837 2356 illum
861 2314 1118 2367 quandoque
1140 2314 1253 2355 male
1277 2313 1479 2362 sobrium,
1513 2315 1557 2355 et
1578 2315 1733 2366 postea
1754 2311 1913 2353 leuius-

144 2382 287 2422 culum
329 2395 379 2422 ac
417 2379 683 2434 rjdiculumd,
730 2379 801 2432 qui
834 2380 986 2421 turbas
1018 2379 1149 2420 etiam
1184 2378 1296 2420 domi
1330 2377 1468 2432 possit
1500 2378 1706 2419 excitare.
1771 2376 1913 2418 Sentit

145 2446 306 2487 Rector
346 2446 457 2487 hanc
497 2445 578 2486 sibi
619 2445 898 2499 praecipuam
942 2457 1037 2486 esse
1071 2457 1254 2494 crucem,
1298 2443 1410 2496 quod
1452 2443 1570 2484 illum
1613 2444 1832 2493 utcunque
1869 2440 1913 2482 in

145 2511 287 2552 officio
328 2513 478 2552 tenere
522 2510 692 2559 debeat,
741 2509 811 2562 qui
853 2523 932 2550 nec
973 2509 1038 2550 sui
1080 2522 1268 2562 compos,
1315 2521 1392 2549 1100
1438 2506 1620 2549 alicuius
1661 2505 1912 2560 disciplinae

145 2589 286 2628 capax
319 2575 551 2628 aliquando
585 2588 681 2616 esse
715 2574 953 2623 consueuit,
993 2574 1112 2616 uelut
1146 2573 1308 2615 furioso
1342 2573 1526 2625 quodam
1559 2571 1716 2613 mentis
1748 2571 1912 2624 impetu

264 2662 291 2683 a>
312 2658 345 2680 In
367 2657 446 2680 ‹tra-le.
467 2665 540 2682 roa-r.
561 2664 596 2680 01·
616 2662 815 2681 communem.
902 2654 932 2686 b)
956 2655 1094 2686 Sequitur
1113 2653 1288 2687 aliquando,
1310 2654 1399 2679 oblitt.
1484 2654 1510 2684 o)
1534 2654 1580 2677 Ita
1600 2653 1632 2677 in
1651 2652 1729 2676 arch.
1752 2654 1911 2676 correctum

146 2701 187 2722 est
209 2705 244 2721 er
265 2696 470 2723 sehandalum.
545 2697 575 2729 d)
596 2698 632 2722 In
652 2698 730 2722 arch.
751 2705 825 2722 corr.
846 2705 881 2722 ex
901 2695 1076 2722 redieulum.

269 2793 278 2811 ¹
306 2791 360 2824 Ex
381 2791 396 2809 *
411 2791 593 2834 Catalogo,
621 2803 726 2836 quem
745 2792 829 2833 dixi,
856 2791 1090 2834 intellegitur,
1117 2791 1156 2824 P.
1176 2791 1371 2824 Martinam
1391 2789 1665 2823 Stevordianum
1692 2799 1732 2822 eo
1750 2789 1909 2832 tempore

146 2845 259 2878 fuisse
286 2844 567 2878 contionatorem
601 2845 636 2878 in
673 2845 826 2879 ecclesia
853 2844 1032 2887 collegiali
1059 2844 1193 2877 Beatae
1218 2843 1355 2877 Mariae
1381 2842 1553 2885 Virginis,
1589 2841 1846 2875 confessarium
1874 2841 1908 2874 in

145 2896 278 2941 templo
303 2897 469 2930 Fratrum
497 2898 738 2931 Eremitarum
765 2898 801 2932 S.
827 2898 1033 2941 Augustini,
1066 2896 1349 2939 „hortulanum“.

266 2950 279 2969 ²
306 2950 393 2983 Cum
420 2949 561 2983 Simone
587 2951 778 2984 'Phaddaeo
805 2951 880 2985 Eck
907 2950 1046 2984 Alberti
1070 2951 1108 2984 V.
1136 2949 1312 2983 Bavariae
1338 2948 1439 2982 ducis
1465 2947 1691 2982 cancellario.

266 3002 279 3022 ³
306 3002 494 3036 Societatis
519 3003 735 3048 praepositis
759 3004 856 3037 cordi
876 3005 962 3045 erat,
990 3015 1034 3037 110
1059 3003 1201 3037 sodales
1228 3004 1455 3036 externorum
1483 3000 1669 3042 conviviis,
1696 2999 1837 3034 etiamsi
1863 2999 1907 3032 ad

148 3068 189 3090 ea
215 3058 336 3090 essent
362 3055 491 3097 vocati,
518 3056 734 3090 interessent
759 3057 827 3091 nisi
854 3068 934 3091 raro
960 3058 996 3090 et
1022 3068 1101 3090 cum
1133 3067 1264 3099 magna
1297 3055 1459 3089 cautione
1487 3055 1548 3098 (cf.
1578 3054 1757 3088 Stoeckius
1786 3052 1808 3086 l.
1836 3063 1865 3086 0.
1892 3052 1907 3084 Ι

151 3108 323 3150 16—17).
