2044 3335
381 90 483 124 1672.
512 89 676 123 Canisius
704 90 742 123 P.
762 89 946 124 Leonardo
972 89 1112 124 Kessel.
1151 88 1298 132 Dilinga
1326 88 1380 123 18.
1400 88 1492 122 Iunii
1512 88 1614 123 1569.
1810 91 1894 131 329

127 208 225 242 abire
261 208 403 252 quidem
432 207 566 242 Canisii
602 210 730 250 rogatu
766 219 895 251 passus
931 209 1024 248 erat,
1065 207 1127 241 sed
1167 207 1210 240 ad
1250 206 1434 240 contiones
1473 205 1806 249 quadragesimales
1844 217 1896 239 re-

124 263 336 306 poposcerat
363 260 413 304 (v.
440 272 549 305 supra
575 271 608 304 p.
628 259 724 303 311),
752 260 921 304 Borgias:
954 260 1003 303 „11
1029 259 1069 294 P.
1098 259 1276 297 Canisio“,
1303 259 1430 303 inquit,
1463 258 1528 301 „ha
1553 258 1693 303 parlato
1720 258 1775 292 col
1802 259 1896 303 prin-

125 315 203 359 cipe
238 314 274 347 in
300 313 489 348 Monachio
525 315 561 347 et
586 313 744 347 tuttauia
778 313 827 347 lui
855 313 1019 347 desidera
1045 312 1111 347 che
1136 324 1206 346 non
1233 312 1264 346 si
1289 312 1427 346 mutino
1453 312 1479 346 li
1505 311 1721 357 predicatori
1758 313 1794 345 et
1819 323 1897 356 pro-

124 367 254 402 fessori
282 378 389 401 senza
414 366 571 401 auisarlo
598 365 723 410 prima.
762 366 806 401 V.
826 366 867 401 R.
893 367 985 400 ueda
1012 366 1042 400 si
1068 368 1172 411 potra
1197 366 1336 399 aiutare
1363 365 1461 399 accio
1497 365 1562 399 che
1588 365 1615 398 il
1640 364 1770 408 Signor
1796 364 1896 398 Duca

123 420 213 455 lasci
247 432 313 454 sua
348 420 478 454 liberta
513 419 570 454 ala
597 419 838 464 Gompagnia“
872 420 933 463 (ex
966 431 1090 464 apogr.
1118 419 1230 453 eiusd.
1257 420 1386 463 temp.;
1425 418 1544 453 Germ.
1572 419 1615 453 67
1646 418 1671 452 f.
1699 417 1797 462 268).
1848 417 1897 452 At

125 475 300 517 Hoffaeus
317 473 464 516 Dilinga
482 474 513 508 9.
534 472 614 507 Iulii
633 473 725 507 1569
745 473 898 516 Borgiae
924 472 1156 517 *rescripsitx
1187 471 1353 514 ,Mittam
1372 472 1413 505 P.
1428 472 1624 506 Martinum
1641 471 1822 506 Coloniam
1840 499 1847 505 .
1863 499 1870 505 .
1889 498 1895 505 .

123 539 190 561 nec
216 538 305 572 opus
331 527 399 561 erit
424 528 647 569 interrogare
666 525 871 571 Principem
897 538 943 560 an
970 526 1001 560 ei
1027 526 1181 571 placeat,
1207 537 1273 559 nec
1300 525 1426 559 decere
1444 525 1589 559 videtur
1607 528 1648 559 vt
1674 526 1896 570 inposterum

123 582 310 625 tantopere
336 580 390 614 illi
415 591 479 614 nos
515 579 750 624 subijciamus
785 581 815 613 si
850 580 961 614 bonas
990 579 1149 613 rationes
1175 578 1298 613 audire
1324 578 1414 612 nolit
1440 578 1535 612 circa
1561 590 1794 623 personarum
1821 590 1895 612 mu-

125 633 300 668 tationes:
336 634 459 677 itaque
485 632 546 667 vbi
572 632 772 666 necessitas
807 645 872 667 nos
899 635 1005 676 coget
1031 634 1156 667 contra
1182 632 1351 666 affectum
1388 631 1465 665 eius
1491 631 1628 675 aliquid
1654 632 1774 666 facere
1800 634 1895 676 post-

123 686 201 727 hac,
216 686 260 721 V.
279 687 318 721 P.
346 687 376 720 si
404 686 511 727 volet,
538 685 625 719 mihi
652 685 873 720 committat:
901 697 1118 730 quamquam
1146 685 1246 719 aiunt
1272 696 1353 718 eum
1381 684 1527 726 dixisse,
1554 685 1649 718 nolle
1675 696 1714 719 se
1741 685 1896 729 amplius

123 740 315 784 quicquam
342 739 400 773 vel
435 751 456 774 a
482 739 523 774 P.
551 738 693 773 Canisio
720 739 778 773 vel
813 750 834 773 a
860 751 916 773 me
943 742 1066 784 petere
1102 739 1165 772 sed
1192 740 1334 772 tantum
1370 749 1391 771 a
1416 737 1459 772 V.
1488 738 1526 772 P.
1562 750 1582 772 a
1619 749 1690 782 qua
1717 738 1897 782 acceperit

124 803 266 838 semper
298 793 432 838 placita
467 804 651 837 responsa,
693 792 876 827 Canisium
903 805 988 827 vero
1028 795 1062 827 et
1099 804 1155 826 me
1191 802 1271 825 esse
1307 791 1377 836 ipsi
1412 802 1554 835 semper
1581 791 1799 825 contrarios“
1834 790 1895 832 (ex

123 848 284 890 autogr.;
314 846 355 880 G.
375 846 440 891 Ep.
458 845 491 879 X
517 846 541 880 f.
564 846 674 890 149³).
717 846 853 880 Deinde
880 846 1033 889 Borgiae
1059 844 1235 889 &scripsit
1260 844 1482 887 Ingolstadio
1508 844 1565 879 28.
1585 843 1664 877 Iulii
1684 844 1775 878 1569
1802 843 1895 877 idem

122 900 319 943 Hoffaetcs:
349 899 407 942 „R
434 899 630 933 Martinum
658 898 931 933 Steuordianum
959 898 1142 933 Coloniam
1177 898 1258 931 misi
1294 900 1376 942 post
1411 899 1595 942 peractam
1633 897 1894 931 confessionem

122 952 327 996 generalem
354 955 390 986 et
415 952 539 986 multis
564 951 761 996 lachrymis
787 952 921 986 emissa
946 964 1010 986 seu
1036 953 1210 986 renouata
1236 952 1365 991 vota“;
1399 953 1435 985 et
1460 950 1710 995 ⁴²³‘Ingolstadio
1737 950 1794 985 22.
1813 950 1896 984 Iulii

124 1006 215 1040 1569
241 1006 318 1051 ipse
346 1007 623 1040 Stevordiamcs:
656 1004 780 1047 „Hanc
807 1005 893 1039 mihi
920 1005 1126 1050 impositam
1153 1005 1405 1045 obedientiam,
1431 1004 1545 1038 multo
1572 1004 1833 1045 lubentissime,
1860 1006 1896 1038 et

122 1070 166 1093 ex
193 1059 311 1094 animo
338 1059 545 1104 amplector,
582 1059 745 1102 daboque
771 1071 916 1104 operam
946 1059 1108 1103 (Christo
1135 1058 1305 1104 propitio)
1334 1061 1376 1092 vt
1401 1070 1504 1100 nouo,
1531 1069 1573 1092 ac
1599 1058 1739 1092 meliori
1765 1057 1896 1102 spiritu

120 1113 156 1146 in
183 1115 366 1157 posterum
401 1113 468 1146 sim
496 1113 531 1146 in
560 1112 740 1146 Societate
766 1115 889 1146 nostra
917 1115 1139 1147 versaturus.
1170 1140 1177 1146 .
1198 1140 1204 1146 .
1226 1140 1232 1146 .
1273 1111 1374 1154 Quod
1401 1123 1486 1146 vero
1513 1123 1594 1146 cum
1620 1113 1724 1156 patre
1751 1111 1895 1145 Canisio

121 1165 305 1200 difficilem
332 1178 389 1200 me
415 1165 630 1211 prebuerim‚
657 1168 694 1199 et
719 1177 740 1199 a
767 1165 962 1200 coloniensi
981 1166 1203 1211 profectione
1222 1165 1480 1206 abhorrumim,
1508 1165 1542 1199 id
1569 1177 1669 1199 meae
1697 1164 1894 1199 asscriben-

121 1219 205 1253 dum
232 1222 288 1254 est
313 1219 587 1264 imperfectioni,
614 1221 834 1264 quapropter
860 1220 1014 1264 supplex
1041 1232 1062 1254 a
1080 1219 1122 1253 R..
1141 1219 1181 1254 P.
1194 1219 1234 1253 T.
1253 1220 1398 1253 veniam
1422 1220 1524 1264 peto“
1551 1219 1613 1262 (ex
1639 1218 1895 1263 autographis;

122 1272 163 1307 G.
192 1273 256 1318 Ep.
283 1273 314 1307 X
341 1273 366 1307 f.
394 1273 480 1308 2162
505 1273 619 1316 218⁸).

120 1400 272 1438 1672.
372 1400 589 1436 CANISIUS
625 1400 686 1436 P.
716 1399 1091 1437 LEONARDO
1119 1399 1391 1437 KESSEL
1421 1400 1473 1437 S.
1495 1400 1549 1436 J.
1584 1402 1714 1436 rectori
1751 1401 1894 1445 collegii

311 1455 536 1491 coloniensis.
1381 1454 1527 1498 Dilinga
1556 1456 1610 1491 18.
1630 1455 1721 1489 Iunii
1742 1455 1845 1490 1569.

240 1525 296 1560 Ex
322 1526 546 1571 autographo
573 1525 652 1570 (2⁰3
684 1526 699 1560 1
729 1538 781 1571 p.;
810 1526 845 1559 in
873 1538 904 1571 p.
934 1526 954 1560 2
981 1527 1088 1561 inscr.
1117 1529 1153 1560 et
1178 1537 1262 1571 pars
1287 1525 1394 1570 sig.);
1428 1526 1614 1571 inscriptio
1640 1537 1749 1561 manu
1777 1525 1894 1560 aliena

119 1580 238 1624 posita
264 1582 330 1614 est.
365 1579 449 1615 cod.
469 1579 581 1614 colon.
606 1579 714 1624 „Epp
734 1580 778 1614 ad
798 1580 902 1614 Kess
922 1580 956 1614 1⁶⁶
980 1581 1004 1614 f.
1023 1580 1104 1614 201.
1144 1579 1362 1614 Litterarum
1391 1580 1512 1625 capita
1530 1580 1670 1624 aliquot
1696 1581 1894 1625 posuerunt

119 1635 265 1667 Hansen
293 1633 315 1667 l.
336 1645 365 1668 c.
386 1634 573 1668 568—569
595 1633 737 1677 (latine)
766 1637 802 1668 et
828 1635 1113 1678 Bramzsberyer,
1140 1633 1399 1668 Katechismen
1421 1634 1487 1668 138
1508 1634 1759 1677 (germanice).

240 1705 336 1746 Opus
361 1704 632 1737 catechisticnm.
684 1704 827 1738 Calenzo
861 1705 1089 1747 privileyiecm
1124 1705 1418 1748 typoyraphicum
1456 1716 1476 1737 (ι
1509 1705 1676 1748 pontifice
1702 1706 1895 1748 impetrare

114 1758 273 1791 studebit.
327 1758 365 1791 P.
393 1758 537 1791 Sarius.
592 1758 763 1791 Cholinus
789 1758 981 1801 bibliopola
1008 1758 1229 1791 coloniensis.
1282 1759 1385 1791 Mors
1420 1758 1675 1801 bibliobopolae
1707 1758 1892 1791 cuiusdam

116 1812 318 1854 auqustani.
358 1812 597 1844 Tleeodoricus
620 1812 749 1853 frater.
797 1812 1004 1845 I‘Vendelina
1030 1823 1145 1846 soror.
1201 1813 1339 1845 Gaudet
1370 1813 1520 1846 Geusios
1546 1813 1687 1855 eoepelli.
1739 1812 1893 1845 Librum

115 1865 158 1898 B.
184 1865 236 1897 Io.
263 1864 393 1898 Fisher
428 1866 580 1908 quaerit.
631 1865 671 1898 P.
698 1866 858 1900 Rethius.
910 1866 1019 1898 Libri
1055 1866 1175 1899 Osorit
1210 1869 1240 1898 et
1272 1866 1464 1899 Turre'ani.
1519 1865 1760 1899 Cateehismus
1795 1865 1892 1908 rhyt-

116 1919 236 1951 micus.
284 1917 436 1951 Coneilli
458 1918 662 1951 Tridentini
688 1920 849 1961 receptio.
894 1920 963 1952 PP.
992 1920 1105 1952 Vincla
1131 1923 1162 1951 et
1186 1919 1380 1962 Thym-aeus.
1420 1919 1678 1952 Centzcre'armn
1708 1920 1892 1961 refutatio.

990 1991 1017 2042 ‚³-

443 2055 538 2097 Pax
570 2055 727 2098 Christi
760 2055 883 2097 nobis
917 2058 1098 2099 aeterna
1131 2057 1388 2099 Reuerende
1420 2057 1566 2100 Pater.

234 2125 394 2181 Accepi
438 2127 775 2179 quaternionesl
808 2142 834 2170 a
866 2128 923 2170 M.
950 2128 1175 2171 Gerardo2
1206 2129 1362 2171 missos
1396 2128 1474 2179 bis,
1516 2129 1597 2171 hoc
1631 2131 1710 2179 est,
1753 2129 1894 2183 prima

115 2195 160 2235 et
190 2192 324 2235 tertia
355 2191 463 2243 uice,
497 2206 597 2234 nam
630 2193 817 2235 secundo
847 2194 942 2235 loco
965 2194 1121 2236 missos
1142 2208 1228 2236 non
1251 2194 1412 2249 accepi,
1447 2208 1526 2237 nec
1558 2194 1669 2237 scire
1701 2209 1892 2249 possum,

115 2257 188 2299 vbi
228 2257 454 2300 haereant.
520 2257 700 2300 Promisi
743 2261 889 2301 autem
932 2259 1056 2310 alias,
1100 2274 1169 2302 me
1201 2260 1299 2302 huic
1333 2260 1453 2315 operi
1486 2260 1733 2302 additurum
1767 2273 1894 2314 prae-

115 2322 338 2372 fationem,
372 2323 483 2365 sicut
516 2323 737 2366 suasistis:
773 2338 866 2366 eam
902 2339 1015 2367 nunc
1046 2325 1188 2377 mitto,
1223 2326 1299 2368 sed
1321 2326 1510 2368 fortasse
1532 2326 1713 2368 tardius.
1759 2325 1893 2368 Vobis

114 2388 287 2431 interim
324 2388 382 2430 sit
413 2388 595 2430 liberum
629 2403 724 2431 eam
758 2390 826 2431 uel
860 2390 1142 2444 supprimere,
1187 2392 1256 2433 uel
1294 2395 1464 2434 mutare
1478 2392 1508 2434 3.
1572 2391 1764 2433 Titulum
1797 2391 1894 2433 libri

115 2454 242 2496 simul
284 2454 478 2504 ostendo,
522 2453 557 2495 si
599 2454 820 2496 meliorem
862 2470 948 2497 non
989 2456 1206 2511 reperitis.
1271 2457 1385 2499 Nam
1424 2456 1466 2497 in
1499 2456 1566 2498 his
1598 2457 1726 2498 rebus
1764 2456 1894 2499 facile

115 2520 265 2562 cedam
307 2519 592 2574 prudentibus
633 2519 867 2571 fratribus,
911 2522 1168 2575 praesertim
1214 2522 1394 2564 chariss.
1427 2522 1485 2565 M.
1511 2522 1728 2573 Germ-do,
1772 2522 1893 2565 cuius

115 2584 465 2628 beneuolentiam
499 2587 543 2627 et
567 2585 837 2639 diligentiam
859 2585 946 2628 iam
970 2601 1064 2629 sum
1087 2589 1309 2642 expertus,
1344 2590 1392 2630 ut
1424 2588 1607 2630 multum
1642 2588 1681 2630 ei
1713 2588 1893 2630 debeam

237 2716 247 2736 ¹
275 2713 414 2760 Operis,
442 2715 536 2758 quod
564 2715 773 2749 inscribitur
803 2715 1075 2757 „Authoritates
1112 2716 1244 2751 Sacrae
1281 2716 1489 2761 Scripturae
1525 2719 1561 2751 et
1587 2717 1800 2752 Sanctorum
1828 2719 1893 2753 Pa-

114 2769 231 2802 trum“
263 2768 314 2811 (in
333 2768 468 2803 Canisii
499 2769 684 2811 „Summa“
708 2770 966 2812 memoratae);
995 2781 1084 2813 quas
1107 2770 1389 2813 „authoritates“
1412 2771 1452 2805 P.
1471 2771 1602 2806 Petrus
1622 2772 1785 2806 Busaeus
1809 2771 1842 2806 S.
1860 2772 1892 2807 J.

117 2821 285 2856 Coloniae
303 2821 500 2865 collegerat
529 2822 579 2866 (v.
599 2834 708 2867 supra
734 2834 767 2867 p.
787 2823 887 2866 321).
920 2822 1053 2858 Postea
1080 2835 1170 2868 opus
1195 2823 1284 2858 illud
1308 2823 1428 2869 „Opus
1447 2824 1741 2860 catechisticum⁴⁶
1764 2837 1894 2861 vocare

116 2877 391 2909 consueverunt.

236 2928 249 2949 2
275 2928 324 2963 M.
352 2928 558 2964 Gerwinum
596 2929 793 2971 Calenium,
834 2930 895 2974 qui
935 2929 1228 2972 „Authoritates“
1270 2931 1370 2976 typis
1410 2932 1650 2974 exscribebat,
1688 2933 1892 2976 significat;

116 2994 150 3016 v.
178 2993 288 3027 supra
315 2993 349 3027 p.
369 2982 449 3017 321.

237 3035 250 3054 3
283 3034 473 3078 Nonnihil,
511 3040 618 3081 puto,
655 3036 847 3070 immutata
886 3038 922 3070 et
961 3048 1041 3070 cum
1079 3037 1208 3072 Busaei
1248 3039 1391 3073 nomine
1430 3050 1565 3074 excusa
1603 3042 1678 3081 est;
1716 3052 1750 3074 v.
1787 3040 1892 3082 infra,

115 3100 208 3123 mon.
235 3087 304 3123 litt.
336 3088 425 3133 (31).
