2044 3335
177 110 279 145 1522.
305 109 486 144 Kleselius
506 109 592 144 Can.
628 109 818 153 Octfflov.
839 112 941 146 1567.
995 112 1096 146 1523.
1125 110 1210 145 Can.
1228 110 1402 145 Fabricio.
1437 112 1471 145 4.
1490 111 1580 145 Nov.
1602 112 1702 146 1567.
1799 116 1853 157 99

89 226 239 263 1522.
338 225 400 262 P.
427 225 774 264 ANTONIUS
800 227 1192 264 KLESELIIJS
1220 226 1274 263 S.
1294 226 1348 263 J.
1377 227 1578 263 CANISIO.

929 281 1130 327 Oeniponte
1156 292 1202 316 m.
1223 281 1369 316 Octobri
1396 282 1455 316 vel
1481 282 1676 316 Novembri
1706 283 1806 318 1567.

208 347 263 381 Ex
290 345 413 380 Lanoii
440 344 676 390 autographo.
720 346 761 380 G.
789 346 853 391 Ep.
882 346 931 380 IX
958 347 982 381 f.
1004 346 1202 381 190-191.

207 418 289 451 Non
314 427 413 460 posse
437 427 472 450 se
497 417 559 449 din
590 419 782 460 Oeniponte
807 419 949 462 devere,-
983 429 1068 452 nam
1094 419 1133 452 P.
1160 418 1393 461 Mei-quitiam
1420 419 1536 451 alieno
1563 429 1585 450 α
1610 429 1646 451 se
1671 419 1791 451 animo
1817 429 1858 451 (cc

87 481 122 504 se
147 472 264 513 ipsmn
287 481 399 514 paene
425 471 574 503 otiosum
600 481 679 503 esse.

207 536 246 570 P.
266 535 440 568 Nicotaus
458 534 623 568 Lanoizts
642 535 678 568 S.
698 536 734 569 J.
755 536 892 578 colleyii
918 537 1149 579 oenipontani
1165 540 1293 578 rector,
1320 547 1398 568 cum
1421 536 1610 579 Oem‘ponte
1637 538 1667 569 6.
1688 536 1858 568 Ianuarii

91 591 182 622 1568
207 589 255 622 ad
274 589 309 622 S.
329 589 567 621 Franciscum
586 588 758 631 Bormam
778 590 1026 632 praepositum
1042 589 1242 632 yeneralem
1268 590 1309 622 de
1327 589 1431 623 rebus
1457 601 1479 622 α
1502 589 1646 622 Canisio
1669 589 1859 632 Oeniponte

88 653 110 675 a
136 642 169 675 d.
191 644 245 675 17.
273 642 321 675 ad
343 643 399 675 30.
418 641 621 674 Decembris
641 644 733 675 1567
755 643 860 686 yestis
885 644 1005 686 refert,
1031 642 1127 686 haec,
1152 647 1297 685 praeter
1323 642 1409 685 alia,
1438 647 1590 675 narrat:
1618 643 1685 687 „JZ
1711 643 1750 675 P.
1769 642 1856 675 Pro-

91 696 247 728 uincialc
273 721 280 728 .
298 721 327 728 ..
353 695 427 737 fece
453 694 603 727 alt-hune
629 706 704 728 cose
731 696 769 728 in
795 700 911 739 questo
942 696 1092 738 Colleyio
1112 706 1183 739 per
1209 695 1423 736 confirmare
1449 696 1485 728 la
1511 697 1634 739 quiete.
1684 696 1809 728 Prima
1835 706 1857 727 a

86 759 154 782 sna
180 749 352 782 instantia
370 748 588 791 Merquitins
613 752 644 781 et
668 748 859 792 edessenas,
887 750 1028 782 essendo
1053 750 1139 782 stati
1163 751 1202 782 in
1221 749 1372 792 Dilinya
1399 750 1437 782 ln
1464 749 1611 792 qualche
1637 749 1858 791 dissentione,

86 803 119 835 si
143 802 398 835 riconsiliorno
434 802 702 844 esteriormente‚
736 803 987 846 promettendo,
1023 803 1062 835 di
1097 813 1168 835 non
1193 806 1350 835 mostrar
1375 802 1468 835 nella
1505 803 1560 835 lor
1594 802 1860 835 conuersatione

87 856 185 899 seyni
210 856 248 888 di
273 855 460 888 inimicitie
487 865 505 888 o
531 855 707 888 discordie
732 855 760 888 iZ
785 855 845 887 che
863 866 1008 898 perena
1033 856 1073 889 di
1096 856 1180 898 fare
1207 856 1233 888 il
1252 856 1455 899 Mer-quatio,
1483 860 1512 888 et
1537 856 1576 888 di
1602 859 1719 899 questo
1743 855 1860 888 banea

88 909 210 941 scritto
235 908 263 940 iZ
287 908 446 941 klesselio
480 907 517 940 al
543 908 582 941 P.
610 908 841 941 Proninciale
866 909 1014 942 dicendo
1040 909 1099 942 che
1119 919 1188 951 per
1213 913 1334 952 questa
1360 919 1468 941 cccetsa
1496 913 1525 941 et
1549 920 1615 952 per
1641 919 1732 942 esser
1758 909 1861 951 quasi

90 961 199 996 otioso
226 972 298 994 non
318 965 451 1004 potena
476 965 556 994 star
581 962 684 1004 Zonqo
711 965 822 1005 tempo
850 963 886 994 in
913 966 1030 1005 qne-sto
1061 960 1247 1006 Colle9i0.“

207 1031 246 1065 P.
274 1030 426 1064 Ioannes
460 1030 678 1074 Merquit-ius
705 1029 905 1075 Oeniponte
940 1031 976 1065 in
1012 1032 1167 1066 ecclesia
1201 1031 1398 1077 parochiali
1433 1031 1692 1067 contionatoris
1726 1043 1856 1066 munus

90 1084 381 1118 administrabat.
408 1084 448 1118 P.
474 1083 654 1118 Antonius
681 1084 863 1119 Kleselius
889 1085 956 1119 sub
983 1085 1125 1120 initium
1153 1097 1199 1120 m.
1228 1085 1396 1120 Octobris
1420 1085 1509 1120 1567
1537 1097 1558 1120 a
1585 1085 1727 1120 Canisio
1755 1085 1858 1120 Oeni-

88 1139 233 1183 pontem
260 1137 393 1172 missus
419 1139 514 1178 erat;
543 1148 577 1171 v.
605 1148 716 1182 supra
743 1150 776 1182 p.
798 1139 840 1172 16
868 1138 924 1173 83.

89 1265 240 1303 1523.
339 1266 556 1302 CANISIUS
584 1265 917 1302 ANDREAE
944 1264 1285 1301 FABRICIO
1313 1265 1517 1310 theologiae
1544 1267 1689 1309 doctori,
1717 1267 1860 1302 Ernesti

280 1320 452 1366 principis
478 1321 658 1356 Bavariae
695 1322 731 1354 et
757 1320 1061 1355 administratoris
1097 1320 1327 1366 episcopatus
1362 1320 1591 1364 frisingensis
1626 1321 1860 1366 praeceptori.

1197 1373 1386 1408 Monachio
1412 1375 1445 1408 4.
1466 1374 1680 1409 Novembris
1708 1374 1810 1409 1567.

208 1439 263 1473 Ex
290 1440 496 1485 apographo
526 1439 603 1484 (A),
637 1439 742 1484 quod,
776 1439 921 1473 saeculo
948 1438 1061 1472 XVII.
1091 1438 1147 1482 (ut
1172 1438 1334 1482 videtur)
1370 1439 1545 1483 scriptum
1575 1439 1646 1483 (2⁰;
1684 1439 1751 1481 2¹s2
1780 1451 1857 1484 pp.;

88 1493 125 1527 in
151 1505 184 1538 p.
210 1494 233 1527 4
258 1494 395 1535 insen),
433 1496 555 1528 exstat
581 1493 763 1527 Monachii
798 1493 834 1526 in
867 1492 1014 1526 archivo
1050 1492 1153 1536 regni
1188 1491 1359 1534 bavarioi‚
1400 1492 1598 1535 „Jesuitica
1632 1493 1668 1526 in
1703 1494 1855 1536 gener&

89 1547 177 1581 fasc.
208 1547 261 1588 13,
296 1559 330 1581 n.
358 1547 438 1582 214.
489 1547 656 1582 Alterum
690 1545 936 1591 apographum
967 1546 1040 1589 (B),
1076 1546 1183 1589 idque
1210 1546 1333 1580 eodem
1369 1545 1444 1579 fere
1479 1548 1640 1591 tempore
1675 1546 1858 1591 scriptum,

88 1602 211 1635 exstat
236 1600 368 1634 ibidem
390 1601 493 1642 (fasc.
512 1601 564 1643 13,
591 1613 625 1635 n.
644 1600 728 1644 214)
758 1600 794 1634 in
821 1599 941 1634 libello
960 1599 1113 1643 quodam
1134 1599 1185 1643 (in
1203 1599 1257 1643 40)
1286 1611 1356 1633 non
1375 1599 1633 1642 congiutinato,
1652 1611 1686 1644 p.
1705 1599 1857 1634 20—24.

90 1653 266 1698 Equidem
293 1654 467 1699 suspicor,
494 1655 523 1688 B
549 1653 809 1699 transcriptum
836 1665 915 1687 esse
942 1665 987 1687 ex
1013 1654 1056 1687 A.

209 1723 376 1760 Editoris
416 1722 616 1771 praefatio.
667 1725 855 1767 Ernestus,
894 1725 947 1759 17.
975 1724 1185 1758 Decembris
1216 1724 1307 1758 1554
1345 1735 1389 1758 ex
1425 1724 1574 1758 Alberto
1600 1724 1643 1759 V.
1680 1723 1856 1758 Bavariae

91 1779 180 1813 duce
206 1781 243 1813 et
267 1779 372 1813 Anna
392 1779 584 1813 Austriaca
602 1778 785 1813 Monachii
813 1781 923 1819 ortus,
950 1778 1048 1812 vitae
1075 1777 1345 1812 ecclesiasticae
1372 1790 1392 1812 a
1418 1777 1628 1822 parentibus
1654 1777 1856 1811 destinatus

88 1835 184 1873 erat;
212 1834 366 1866 exeunte
393 1844 422 1866 a.
442 1833 531 1867 1567
559 1832 753 1867 canonicus
778 1832 850 1866 iam
877 1834 954 1866 erat
980 1831 1342 1876 metropolitanarum
1369 1831 1603 1866 ecclesiarum
1631 1830 1856 1870 coloniensis,

87 1885 378 1929 salisburgensis,
406 1886 628 1920 treverensis
647 1888 683 1920 et
703 1885 923 1920 cathedralis
942 1885 1117 1920 ecclesiae
1135 1884 1399 1929 herbipolensis
1419 1885 1569 1929 (Lossen
1586 1884 1609 1918 l.
1629 1896 1659 1918 c.
1679 1882 1855 1927 73-77);

86 1941 275 1984 praeterea
300 1951 346 1974 m.
365 1939 555 1974 Decembri
582 1951 614 1974 a.
629 1940 719 1974 1566
747 1951 767 1973 a
786 1939 820 1974 S.
839 1939 903 1974 Pio
916 1939 971 1980 V.,
998 1941 1128 1982 rogatu
1146 1939 1287 1972 Alberti
1306 1938 1418 1980 ducis,
1446 1938 1664 1973 cathedralis
1683 1937 1856 1971 ecclesiae

86 1992 316 2037 frisingensis
346 1993 637 2036 „administrator
671 1993 708 2027 in
734 1993 1013 2038 temporalibus“
1045 1992 1266 2027 constitutus
1301 1995 1388 2032 erat,
1425 1992 1571 2026 futurus
1606 1991 1766 2025 eiusdem
1801 2002 1855 2024 ec-

86 2046 227 2088 clesiae,
253 2046 314 2080 ubi
341 2047 386 2081 ad
405 2048 561 2081 aetatem
588 2046 789 2091 legitimam
808 2046 1046 2091 pervenisset,
1075 2046 1265 2090 episcopus
1285 2045 1435 2089 (Camv
1450 2044 1675 2088 263—264);
1704 2056 1746 2078 ac
1764 2055 1855 2088 quae

86 2102 164 2134 erat
189 2099 388 2134 catholicae
407 2100 582 2134 ecclesiae
608 2100 644 2134 in
664 2100 858 2134 Germania
884 2099 1045 2134 condicio
1072 2111 1113 2133 ac
1140 2099 1332 2133 bavaricae
1358 2098 1455 2133 illius
1482 2099 1608 2133 domus
1634 2098 1794 2143 potentia
1820 2099 1856 2130 et

85 2152 211 2196 gloria,
238 2153 345 2187 facile
371 2154 585 2199 praesentiri
612 2153 866 2199 providerique
892 2155 1045 2198 poterat,
1082 2153 1275 2187 Ernestum
1311 2152 1420 2186 etiam
1452 2153 1495 2186 ad
1523 2152 1659 2186 maiora
1686 2162 1764 2185 esse
1800 2161 1854 2184 as-

85 2218 295 2248 censurun1;
323 2209 364 2241 ut
389 2209 515 2252 postea
533 2207 675 2248 evenit;
703 2207 880 2242 Ernestus
909 2207 945 2250 (†
968 2206 1073 2250 1612)
1102 2207 1196 2240 enim
1224 2205 1446 2251 episcopatui
1464 2205 1673 2249 frisingensi
1693 2203 1855 2238 adiunxit

85 2260 317 2306 episcopatus
354 2261 584 2302 leodiensem,
623 2261 957 2302 monasteriensem,
995 2260 1271 2300 hildesiensem;
1312 2259 1527 2294 coloniensis
1562 2270 1702 2303 quoque
1740 2257 1853 2291 archi-

87 2315 276 2359 episcopus
303 2317 339 2348 et
365 2314 499 2349 elector
525 2317 671 2349 creatus
698 2316 762 2349 est.
814 2314 965 2348 Alberto
984 2314 1027 2348 V.
1055 2325 1217 2348 summae
1244 2324 1351 2347 curae
1378 2314 1465 2354 erat,
1494 2314 1534 2346 ut
1558 2312 1617 2346 hic
1642 2312 1738 2346 filius
1763 2311 1854 2345 bene

84 2367 354 2408 institueretur;
383 2379 476 2402 anno
498 2368 587 2402 1565
614 2368 646 2402 ei
671 2369 778 2402 datus
805 2370 861 2402 est
883 2369 1096 2412 praeceptor
1120 2367 1270 2401 Iodocus
1290 2366 1442 2400 Castner
1467 2367 1524 2400 vir
1551 2366 1629 2410 pius
1655 2366 1692 2398 et
1717 2365 1853 2406 doctus,

85 2422 145 2466 qui
183 2424 309 2467 postea
345 2421 562 2456 Societatem
597 2422 680 2456 lesu
719 2422 907 2465 ingressus
941 2423 998 2455 est
1034 2420 1196 2463 (Friedr.
1231 2421 1399 2464 Selwnidss
1440 2419 1656 2454 Geschichte
1695 2419 1757 2452 der
1790 2417 1852 2451 Er-

84 2475 239 2519 ziehung
265 2476 327 2509 der
353 2475 598 2520 Bayerischen
624 2475 920 2516 Wittelsbacher‚
953 2474 1075 2508 Berlin
1105 2474 1205 2515 1892,
1232 2485 1321 2507 XLIV
1346 2474 1414 2508 437
1441 2473 1521 2508 438.
1575 2474 1662 2507 Can.
1690 2472 1705 2505 Ι
1738 2471 1851 2515 3982).

85 2529 188 2563 Anno
217 2529 318 2570 1567,
356 2528 390 2563 S.
418 2529 482 2563 Pio
500 2528 543 2563 V.
572 2535 729 2570 auctore,
767 2529 911 2563 Ernesti
947 2528 1178 2562 educatorem
1214 2529 1555 2572 praeceptoremque
1590 2537 1699 2569 agere
1736 2524 1854 2570 coepit

84 2582 248 2617 Andreas
266 2582 464 2617 Fabricius.
500 2582 664 2617 Andreas
689 2582 748 2617 hio
777 2581 946 2626 (Fabricii
965 2593 1095 2615 nomen
1122 2593 1168 2614 ex
1186 2580 1365 2614 avunculo
1392 2592 1473 2614 eum
1491 2579 1639 2614 tradunt
1657 2578 1851 2623 accepisse,

85 2647 165 2670 cum
201 2648 246 2670 ex
272 2638 376 2681 patre
402 2635 538 2670 Matius
564 2637 785 2679 vocaretur),
812 2635 998 2679 Hodegiae
1026 2634 1208 2679 (Hodege)
1244 2645 1354 2679 prope
1380 2633 1552 2668 Leodium
1578 2636 1696 2674 natus,
1731 2632 1853 2666 Leodii

83 2689 119 2723 in
145 2689 299 2724 ecclesia
327 2689 528 2724 cathedrali
547 2689 798 2724 canonicatum
816 2691 946 2723 nactus
965 2690 1043 2722 erat
1070 2690 1106 2722 et
1124 2688 1160 2721 in
1179 2687 1417 2721 universitate
1443 2686 1645 2721 lovaniensi
1664 2686 1851 2723 docuerat:

83 2755 175 2778 anno
204 2743 292 2778 1567
329 2755 350 2777 a
381 2743 445 2777 Pio
464 2743 507 2778 V.
536 2743 755 2778 cathedralis
792 2742 966 2777 ecclesiae
1002 2740 1232 2785 frisingensis
1269 2740 1461 2774 canonicus
1497 2742 1641 2774 creatus
1676 2741 1731 2773 est
1743 2752 1750 2780 ;
1785 2739 1851 2773 sub

82 2796 176 2831 idem
200 2798 344 2842 tempus
365 2796 539 2831 Ernestus
564 2797 601 2831 in
627 2797 735 2831 aedes
762 2795 985 2841 episcopales
1013 2794 1238 2838 immigravit
1259 2793 1406 2837 (Lossen
1433 2794 1455 2828 l.
1476 2805 1504 2828 c.
1525 2793 1664 2828 71—72
1682 2793 1851 2836 86—87).

82 2850 267 2885 Fabricius
294 2849 431 2894 aliquot
450 2851 651 2895 composuit
667 2849 875 2893 tragoedias
894 2849 972 2894 pias
991 2850 1027 2882 et
1044 2848 1251 2893 polemicas,
1278 2850 1319 2882 ut
1341 2846 1605 2890 ,‚San1sonem“‚
1632 2847 1693 2891 qui
1716 2858 1747 2881 a.
1762 2847 1851 2881 1568

82 2903 120 2938 in
144 2904 280 2949 nuptiis
308 2903 492 2939 Guilielmi
519 2903 563 2938 V.
601 2906 637 2938 et
662 2903 824 2937 Renatae
851 2902 1095 2945 Lotharingae
1121 2902 1303 2936 Monachii
1339 2913 1359 2935 a
1395 2900 1538 2944 collegii
1565 2900 1756 2935 Societatis
1783 2900 1852 2934 dis-

83 2957 212 3002 cipulis
250 2959 354 2991 actus
393 2959 448 2991 est
475 2957 537 3000 (K.
564 2970 592 2992 v.
620 2958 968 3000 Reinhardstottner,
1007 2955 1074 2989 Zur
1110 2955 1328 2990 Geschiohte
1366 2954 1429 2989 des
1465 2954 1776 2989 Jesuitendramas
1814 2954 1847 2987 in

82 3011 272 3051 Miinchen,
308 3010 343 3044 in
383 3011 588 3052 „Jahrbuch
625 3012 683 3045 fiir
718 3010 940 3044 Miinchener
967 3008 1206 3043 Geschichte“
1236 3009 1297 3049 ΙΙΙ,
1335 3008 1514 3052 Bamberg
1543 3008 1643 3049 1889,
1675 3008 1718 3041 70
1749 3007 1850 3051 155);

83 3064 238 3099 maxime
265 3065 385 3098 autem
413 3064 455 3098 de
481 3064 663 3108 theologia
689 3064 843 3098 meritus
881 3065 936 3097 est
966 3062 1056 3096 libro
1088 3062 1305 3104 „Harmonia
1332 3061 1577 3096 Confessionis
1602 3061 1848 3104 Augustanae,

83 3117 266 3152 doctrinae
293 3117 525 3161 evangelicae
552 3129 766 3152 consensum
794 3117 1016 3157 declarans“‚
1045 3116 1213 3150 Coloniae
1240 3127 1271 3150 a.
1290 3116 1378 3150 1573
1406 3118 1442 3149 et
1462 3116 1551 3150 1587
1577 3115 1688 3155 edito:
1716 3115 1751 3148 in
1770 3125 1848 3158 quc.

1515 3175 1533 3207 7
1548 3174 1564 3191 >k
