2044 3335
124 90 208 132 408
277 88 378 122 1714.
407 87 491 122 Otto
511 87 711 122 Truchsess
738 86 890 121 Canisio.
917 86 1031 122 Roma
1048 87 1141 121 inter
1158 99 1205 122 m.
1223 88 1356 123 Maium
1379 89 1468 124 1569
1487 91 1523 124 et
1539 89 1680 124 Iunium
1701 90 1801 125 1571.

125 205 170 248 P.
195 205 410 247 Martinus
449 204 765 258 quamprimum
807 203 876 246 hic
908 217 1004 246 sese
1035 218 1186 246 rursus
1227 205 1369 256 sistat,
1411 205 1454 247 in
1488 221 1570 260 quo
1603 207 1762 249 nullius
1793 221 1889 262 pro-

124 270 293 324 positae
334 269 604 312 difficultatis
642 268 943 323 exceptionem
976 269 1218 321 admittam,
1252 274 1324 313 uta
1348 269 1408 325 [P]
1442 274 1490 314 tu
1521 271 1613 326 ipse
1645 271 1726 314 hoc
1757 286 1890 314 uerno

126 336 243 377 coelo
285 335 367 376 huc
404 337 449 377 te
483 334 694 383 conferas,
738 348 823 387 qua
854 333 897 375 in
930 348 977 376 re
1009 337 1054 377 et
1085 334 1309 377 Ecclesiae
1341 335 1439 378 huic
1471 337 1758 390 pulcherrime
1790 351 1891 379 con-

126 399 320 449 sulueris,
364 401 409 441 et
441 398 736 453 expectationi
768 401 946 441 nostrae
978 399 1150 453 tuisque
1190 400 1415 454 promissis
1448 401 1714 444 satisfeceris
1747 402 1792 444 et
1823 415 1892 444 se-

126 467 296 506 nectam
327 463 440 505 hanc
473 466 681 514 nostram,
723 466 791 506 tot
823 464 1148 506 calamitatumb
1189 464 1314 507 huius
1347 465 1484 507 seculi
1516 480 1725 508 concursu
1759 479 1892 520 prope

126 528 327 577 fractam,
361 527 601 570 incredibili
633 528 834 571 molestia
866 531 911 571 et
943 528 1201 571 difficultate
1234 529 1463 580 leuaueris,
1506 531 1662 572 uulnus
1695 530 1891 584 denique,

127 593 238 647 quod
270 592 314 634 in
338 593 383 635 P.
407 592 597 636 Martino
630 593 728 635 hinc
761 593 1069 644 abstrahendo,
1104 593 1247 636 animo
1280 596 1429 637 nostro
1462 595 1730 648 profundius,
1763 609 1892 648 quam

128 657 353 711 quisquam
376 658 540 708 credat,
573 658 784 701 inflictum
808 661 888 709 est,
921 658 1052 700 nullis
1078 658 1320 701 mitioribus
1352 659 1570 710 fomentis,
1604 674 1731 713 quam
1764 660 1893 702 resti-

127 723 287 765 tuendo
320 724 502 766 eundem
525 724 570 766 P.
591 723 826 766 Martinum
859 724 929 766 uel
961 727 1037 766 tuo
1069 723 1204 777 ipsius
1236 724 1290 766 ad
1323 738 1401 766 nos
1434 724 1625 768 aduentu
1657 724 1893 769 curaueris.

127 788 252 832 Vale.
303 788 446 832 Datae
478 788 521 830 in
554 788 733 831 ciuitate
766 792 917 832 nostra
939 788 1176 843 Herbipoli,
1210 789 1344 832 tertia
1366 789 1483 840 Maii,
1517 790 1643 832 Anno
1666 789 1894 832 millesimo

131 853 478 907 quingentesimo
512 854 848 908 septuagesimo.

1014 913 1134 955 Idem
1167 913 1412 956 Fridericus
1443 912 1590 969 D.⁶[?]
1623 912 1776 968 M.⁰[?]

248 1001 510 1052 Venerabili,
544 1001 666 1043 nobis
698 1001 866 1044 sincere
889 1001 1060 1053 dilecto,
1095 1002 1146 1045 D.
1173 1002 1302 1044 Petro
1326 1001 1509 1053 Canisio,
1543 1001 1776 1045 Societatis
1798 1001 1895 1043 Iesu

130 1066 306 1109 Doctori
340 1067 573 1120 Theologo,
607 1066 835 1120 Augustae
867 1065 1235 1122 Vin[de]licorum
1267 1081 1380 1109 nunc
1413 1067 1575 1121 agenti.

253 1146 420 1192 Optimus
446 1147 508 1181 ille
535 1147 735 1192 episcopus,
762 1147 831 1182 etsi
850 1147 1065 1182 Societatem
1085 1147 1225 1182 sincero
1248 1160 1368 1183 amore
1394 1149 1679 1194 amplectebatur
1705 1147 1898 1192 multisque

130 1200 316 1234 favoribus
343 1199 534 1242 afficiebat,
563 1200 639 1235 eius
665 1203 786 1235 tamen
813 1201 1018 1236 institutum
1046 1201 1141 1235 haud
1168 1201 1272 1246 plene
1298 1202 1543 1245 intellegebat.
1585 1202 1642 1236 lta
1667 1214 1713 1236 ex
1739 1200 1897 1235 *litteris

131 1265 152 1287 a
177 1255 373 1288 Francisco
400 1255 535 1297 Bor-95«
563 1254 768 1299 praeposito
795 1254 957 1297 generali
984 1254 1098 1289 Roma
1126 1255 1178 1289 17.
1199 1255 1290 1289 Iunii
1320 1256 1410 1290 1570
1436 1256 1480 1289 ad
1506 1255 1545 1290 P.
1566 1255 1759 1298 Georgium
1783 1254 1899 1288 Bader

132 1309 306 1341 rectorem
332 1307 618 1352 herbipolensem
645 1308 740 1342 datis
772 1308 1007 1351 intellegitur,
1043 1319 1125 1342 eum
1160 1308 1343 1343 sodalibus
1378 1308 1517 1353 aliquot
1551 1308 1681 1343 oblatis
1714 1307 1899 1343 beneficiis

132 1360 389 1395 ecclesiasticis
423 1361 640 1406 persuadere
675 1363 841 1395 conatum
878 1373 968 1403 esse,
1003 1364 1044 1395 ut
1078 1362 1113 1395 in
1141 1362 1366 1396 contionibus
1391 1362 1566 1396 habendis
1592 1361 1898 1405 sacramentisque

133 1414 428 1449 administrandis
454 1415 514 1456 ita,
542 1417 583 1449 ut
608 1414 685 1460 ipse
711 1415 832 1456 vellet,
868 1427 907 1449 se
935 1418 1101 1458 gererent
1128 1417 1164 1449 et
1189 1416 1241 1450 ita
1267 1427 1338 1456 eos,
1375 1418 1415 1450 ut
1440 1416 1685 1450 oboedientiae
1711 1414 1899 1458 religiosae

134 1467 309 1508 deessent,
336 1468 523 1503 invitasse.
558 1468 605 1502 Et
631 1469 674 1502 de
701 1480 810 1503 causa
836 1468 899 1502 illa
925 1469 964 1503 P.
985 1468 1211 1503 Stevordiani
1230 1469 1485 1503 contionatoris
1504 1469 1596 1503 idem
1615 1470 1770 1512 Boryias
1786 1468 1900 1502 Roma

134 1521 165 1556 9.
184 1521 270 1555 Maii
296 1521 387 1556 1570
413 1521 452 1556 P.
472 1521 628 1556 Antonio
645 1521 765 1556 Vinck
792 1522 1004 1567 provinciali
1030 1522 1189 1556 rhenano
1216 1522 1410 1567 *scripsitz
1442 1522 1515 1565 „Da
1541 1522 1725 1556 desiderar
1749 1521 1900 1556 sarebbe

134 1573 199 1609 che
225 1574 251 1608 il
272 1574 433 1609 Vescouo
460 1575 623 1620 pigliassi
651 1575 742 1609 altro
768 1575 872 1610 modo
899 1575 933 1609 di
960 1575 1153 1620 procedere
1178 1587 1284 1609 uerso
1311 1576 1346 1609 di
1371 1575 1430 1609 noi
1455 1587 1495 1610 se
1521 1575 1625 1610 uuole
1651 1575 1717 1610 che
1743 1575 1779 1609 la
1799 1574 1901 1609 Com-

134 1628 266 1673 pagnia
292 1631 417 1662 nostra
442 1628 636 1663 uoluntieri
663 1629 693 1663 si
719 1629 827 1663 sforzi
853 1629 888 1663 di
915 1628 1065 1663 seruirlo
1092 1631 1127 1663 et
1146 1628 1299 1663 aiutarlo
1318 1629 1499 1663 conforme
1517 1629 1551 1663 al
1570 1631 1692 1663 nostro
1711 1627 1897 1663 institut&

139 1681 200 1723 (ex
226 1680 446 1726 apographis
473 1681 584 1716 eiusd.
611 1684 739 1726 temp.;
770 1681 889 1716 Germ.
910 1682 954 1717 70
979 1683 1004 1716 f.
1024 1682 1083 1716 87³
1111 1681 1203 1725 94h).

255 1741 429 1784 Hoffaeus
454 1740 607 1784 Borgiae
636 1742 801 1784 Augusta
830 1742 883 1775 13.
901 1741 987 1775 Maii
1018 1741 1108 1776 1570
1144 1740 1337 1786 *scripsitz
1378 1741 1436 1783 „P.
1464 1740 1724 1775 Steuordianus
1759 1742 1815 1774 est
1841 1740 1902 1773 Jn—

138 1792 308 1838 golstadij
336 1806 441 1838 quem
469 1794 601 1828 Rector
627 1793 898 1839 Herbipolensis
925 1794 969 1828 ad
996 1806 1061 1828 nos
1087 1794 1227 1828 remisit
1252 1796 1445 1838 antequam
1473 1794 1672 1839 Episcopus
1703 1793 1905 1838 accepisset

138 1847 261 1881 literas
288 1846 327 1880 P.
346 1847 501 1882 Vestrae
527 1847 588 1891 qui
614 1847 735 1882 missis
761 1847 895 1891 legatis
921 1848 1036 1882 denuo
1061 1847 1178 1893 ipsum
1205 1847 1311 1893 petijt
1336 1848 1399 1882 sed
1425 1847 1581 1882 frustra:
1614 1846 1783 1881 abhorret
1809 1846 1902 1880 enim

137 1900 246 1934 Pater
272 1899 331 1934 ille
358 1901 402 1934 ab
428 1900 489 1935 illo
515 1900 593 1934 1000
620 1901 680 1935 vbi
707 1913 746 1935 se
772 1901 865 1935 vidit
890 1901 1072 1944 ingratum
1099 1901 1343 1946 superioribus
1377 1900 1446 1935 loci
1480 1901 1612 1935 fuisse“
1646 1900 1707 1943 (ex
1742 1902 1902 1942 autogr.;

142 1953 184 1987 G.
212 1953 276 1998 Ep.
303 1953 352 1987 XI
380 1954 403 1988 f.
426 1954 536 1998 181³).

259 2011 448 2047 Caeterum
480 2024 519 2055 „a
546 2013 581 2046 di
607 2013 662 2047 26.
691 2013 726 2047 di
753 2024 910 2057 gennaro
939 2013 1040 2048 1570.
1067 2013 1096 2047 si
1124 2013 1247 2047 ordino
1274 2012 1339 2047 che
1365 2013 1396 2047 si
1423 2013 1602 2047 dicessero
1627 2012 1661 2047 le
1687 2023 1805 2047 messe
1839 2011 1905 2046 che

139 2064 299 2108 sogliono
326 2065 412 2100 dirsi
439 2077 501 2110 per
526 2065 552 2100 li
578 2066 759 2100 fundatori
795 2066 943 2107 uiuenti,
980 2078 1043 2111 per
1079 2066 1104 2100 il
1131 2067 1293 2101 Vescouo
1321 2066 1354 2100 di
1382 2066 1568 2111 Herbipoli
1599 2077 1698 2100 come
1724 2065 1906 2100 Fundator

140 2119 223 2153 uiuo
259 2119 290 2153 d'
314 2131 359 2153 un
397 2119 549 2162 collegio
584 2119 680 2153 nella
715 2131 780 2153 sua
817 2119 905 2154 citta
931 2120 1183 2165 dapertutto“:
1219 2119 1274 2153 Ita
1301 2118 1523 2163 *Cataloyus
1548 2119 1608 2154 ille
1633 2121 1905 2164 praeceptorum

140 2183 365 2206 romanorum
396 2172 496 2215 (eod.
528 2172 662 2215 „Def.“,
689 2172 818 2213 Messe,
854 2173 888 2206 in
916 2184 946 2206 a.
969 2172 1088 2216 1570).
1139 2172 1192 2206 De
1227 2172 1348 2206 missis
1383 2172 1603 2216 reliquisque
1629 2172 1905 2217 precationibus,

141 2236 232 2269 quae
258 2237 321 2270 pro
347 2225 597 2260 fundatoribus
623 2225 698 2260 Deo
725 2225 990 2267 offerebantur¹,
1018 2238 1052 2260 v.
1083 2226 1239 2260 Can.111
1265 2225 1350 2267 353;
1379 2225 1411 2259 V
1437 2226 1517 2261 270.

144 2366 286 2404 1714.
374 2369 575 2404 cardinalis
602 2367 785 2405 OTTO
814 2368 1215 2406 TRUGHSESS
1242 2371 1430 2416 episcopus
1456 2373 1680 2414 augustanus
1707 2369 1907 2405 CANISIO.

925 2423 1038 2458 Roma
1063 2424 1158 2458 inter
1183 2435 1229 2458 m.
1249 2424 1384 2458 Maium
1413 2424 1503 2458 1569
1530 2425 1565 2458 et
1592 2423 1731 2458 Iunium
1757 2423 1859 2458 1571.

271 2494 438 2527 Canisius
460 2495 650 2538 Oeniponte
676 2498 708 2528 1.
723 2496 877 2538 Auyustc'
897 2497 986 2528 1571
1007 2495 1046 2529 Ρ.
1063 2496 1281 2538 Hieronymo
1299 2495 1425 2528 Natali
1449 2495 1490 2527 de
1516 2494 1698 2527 cardinali
1721 2494 1910 2527 Truchsess

146 2547 278 2580 Romae
314 2548 453 2590 (leyente
478 2548 623 2581 scribit:
659 2548 821 2592 „Solebat
857 2549 903 2581 acl
938 2560 990 2581 me
1023 2549 1171 2582 subinde
1196 2547 1381 2582 scribere“.
1437 2548 1603 2580 Canisius
1638 2551 1752 2580 autem
1778 2551 1910 2590 tempus

146 2601 348 2642 siynificare
375 2601 524 2643 ridetur,
551 2612 619 2645 quo
648 2603 718 2644 ipse
737 2602 907 2644 Dilinyae
931 2602 1042 2635 sedem
1061 2602 1219 2644 habebat,
1249 2612 1460 2645 quamquam
1489 2601 1569 2633 inde
1593 2611 1694 2643 saepe
1712 2601 1908 2644 Augustam

147 2654 375 2693 e.rcm·r·eb(1t‚·
401 2655 493 2696 qnod
518 2659 652 2698 tempus
678 2660 754 2688 erat
778 2656 854 2697 fere
879 2666 902 2688 (ι
927 2666 971 2688 m.
991 2655 1091 2688 flffcca'o
1112 2657 1203 2688 1569
1229 2656 1276 2687 acl
1298 2656 1447 2687 Iunium
1466 2656 1568 2687 1571.
1605 2654 1720 2686 Plura
1746 2665 1774 2686 v.
1793 2654 1908 2697 infra,

150 2707 185 2737 [η
212 2716 261 2747 ep.
291 2717 322 2738 11.
346 2709 446 2740 1743.

265 2790 292 2815 a)
314 2788 515 2818 Legemlumne
536 2789 578 2813 vel
599 2789 651 2813 aut
673 2789 715 2814 vel
734 2787 793 2813 nisi
815 2790 857 2813 vel
878 2787 907 2813 ni
932 2789 972 2813 rel
992 2787 1052 2813 nisi
1072 2787 1128 2813 ut?
1193 2787 1223 2819 b)
1244 2786 1451 2813 calomitatum
1472 2787 1550 2811 arch.
1619 2786 1645 2817 c)
1667 2787 1714 2812 Sic
1732 2795 1798 2818 ap.;
1817 2788 1909 2820 leyen-

149 2827 253 2851 ‹Iumne
274 2827 304 2853 P.
324 2827 362 2853 M.
383 2832 427 2855 (Σ
448 2830 576 2860 Propria
597 2830 725 2856 Mamm?
751 2832 796 2855 An
815 2829 849 2855 D.
864 2829 911 2856 Fr.
931 2831 977 2860 (z
992 2830 1061 2854 Duae
1080 2829 1298 2859 Frwzconiae)?

273 2961 282 2980 ¹
309 2960 441 2995 Eadem
478 2974 508 2996 a.
538 2964 624 2997 1571
653 2964 729 2998 fieri
766 2964 863 2999 iussa
898 2968 983 2999 sunt
1017 2976 1080 3009 pro
1107 2963 1323 3007 Magdalena
1357 2963 1483 3006 regina
1509 2963 1657 3007 eiusque
1682 2974 1812 3004 sorore,
1848 2975 1911 3008 pro

151 3013 324 3047 cardinali
342 3013 451 3048 Hosio
470 3016 617 3059 eiusque
643 3016 800 3061 capitulo
828 3018 1032 3059 varmiensi,
1059 3029 1122 3062 pro
1149 3016 1347 3051 cathedrali
1373 3015 1530 3061 capitulo
1556 3016 1720 3060 spirensi,
1747 3015 1914 3060 collegio·

151 3077 230 3099 rum
255 3065 425 3107 balensis,
451 3067 785 3112 braunsbergensis,
812 3071 985 3115 spirensis
1012 3070 1262 3105 fundatoribus
1293 3069 1324 3113 (*
1339 3070 1530 3112 Cataloyus
1554 3068 1575 3102 l.
1596 3068 1654 3112 c.).
