2044 3335
144 62 230 104 814

190 176 358 210 Treveris
393 174 458 208 331
489 173 573 212 et⁶;
618 183 693 215 pro-

191 223 421 266 mulgandum
433 219 692 255 Coloniae33l:

191 271 268 305 eius
294 270 436 303 decreta
462 268 592 301 debent
622 266 692 307 legi

192 319 236 352 75
264 318 350 357 71ος
385 315 610 349 excuduntur
636 313 694 346 Di-

192 365 311 407 lingae
339 344 422 402 661;
451 374 471 395 a
498 360 695 395 cathedrali

192 411 349 457 capitulo
387 410 588 462 augustano
625 419 694 441 non

193 459 431 493 admittuntur
496 456 564 490 nisi
614 466 694 489 cum

193 507 315 550 aliqua
342 504 599 550 protestatione
628 503 692 537 181

193 556 259 587 et¹
273 567 279 593 ;
319 554 439 596 aliqua
473 551 602 585 saltem
638 551 695 583 de-

193 603 290 635 creta
309 601 343 634 in
359 600 566 644 episcopatu
582 598 695 631 herbi-

193 648 329 692 polensi
355 649 440 681 sunt-
466 646 696 689 exsequenda

194 696 298 735 7879;
325 693 464 729 concilii
492 694 635 727 decreta
662 694 698 726 et

193 743 236 777 S]
260 743 391 780 569170
411 742 514 781 57033
536 740 696 774 doctrina

193 791 236 824 de
255 789 508 824 iustificatione
528 788 595 822 385
612 791 646 821 et
659 788 671 808 ²
686 789 696 806 ³

193 839 298 874 4845:
331 838 372 871 de
399 836 630 879 conceptione
658 835 695 869 B.

194 885 330 919 Mariae
381 885 424 919 V.
485 884 552 918 385
581 886 615 917 et
634 883 646 903 ‘²
665 883 697 903 ³·

194 933 377 966 decretum
444 932 486 966 de
552 931 699 975 synodis

195 979 415 1014 dioecesanis
442 980 502 1014 791
529 979 597 1013 474
617 979 697 1018 et23

196 1028 239 1061 de
278 1027 488 1061 absolvendi
526 1026 698 1060 facultate

197 1075 443 1119 episcoporum
494 1074 598 1114 598⁴;
657 1074 698 1106 de

196 1122 420 1156 absolutione
439 1121 698 1155 haereticorum

198 1170 278 1209 785;
295 1170 337 1203 de
352 1169 589 1203 matrimoniis
604 1169 699 1202 clan-

197 1217 358 1258 destinis,
410 1218 443 1250 in
479 1217 700 1250 dioecesibus

197 1268 400 1308 augustana
414 1267 449 1298 et
461 1263 524 1298 hei
528 1264 700 1308 bipolensi

197 1313 495 1356 promulgandum
517 1312 601 1351 130;
622 1323 699 1356 pro-

196 1359 397 1403 mulgatum
484 1359 700 1393 auctoritate

197 1407 295 1441 civili
343 1419 412 1440 non
455 1407 700 1441 ecclesiastica

198 1454 409 1497 ingolstadii
458 1454 584 1496 23314;
638 1455 700 1487 Co-

196 1502 313 1536 loniae
363 1502 397 1535 in
449 1502 534 1536 solis
570 1501 700 1546 plateis

198 1550 326 1590 ‘233743
378 1552 414 1583 et
456 1562 489 1584 v.
518 1550 700 1583 Professio
730 1590 732 1602 7

198 1597 291 1631 fidei.

149 1644 380 1678 Tridentinus
463 1644 701 1688 episcopatus,

199 1692 276 1725 eius
314 1693 475 1736 potestas
514 1692 631 1726 civilis
681 1702 732 1725 a*

199 1739 422 1773 Ferdinando
442 1739 484 1773 Il.
510 1739 701 1773 archiduce

200 1789 396 1831 occup-itur
421 1787 506 1820 2253
532 1788 637 1827 2453;
682 1798 702 1820 a
732 1783 734 1830 ζ

200 1834 239 1867 P.
256 1834 299 1868 V.
318 1834 521 1868 defenditur
547 1835 615 1868 245
631 1835 703 1868 et3.

152 1881 372 1920 Tridentum,
400 1882 492 1915 Socii
519 1883 598 1916 609.

152 1929 283 1967 Triest,
326 1929 475 1963 lacobus
513 1941 594 1963 vom
635 1929 735 1983 396

198 1976 266 2010 et“

151 2043 194 2047 —
221 2023 436 2057 VVendelina
472 2035 565 2063 v,0m
605 2035 704 2057 smol
734 2020 735 2024 ¹

199 2070 236 2105 e.
264 2072 308 2104 22
328 2072 390 2104 et2
418 2071 486 2106 330
505 2073 568 2104 ew
595 2071 702 2113 395!ss

198 2120 281 2152 396¹
310 2119 430 2160 42175.

149 2165 372 2206 Tria-isauris,
418 2166 549 2205 loann.,
595 2166 735 2209 patri-¹

198 2213 306 2246 archa
324 2213 555 2246 Venetiarum
583 2213 662 2247 707.

148 2260 350 2294 Truchsess
369 2272 388 2293 a
404 2260 616 2304 waldburg,
638 2260 701 2294 Ca·
734 2255 735 2260 ¹

196 2308 295 2341 rolus
323 2308 389 2342 368
411 2311 446 2342 et
466 2309 477 2328 ¹
503 2309 572 2343 380
592 2310 627 2341 et
644 2309 665 2341 ¹.

150 2375 194 2378 —
223 2355 502 2399 Christophorus
540 2356 609 2390 368
637 2356 703 2388 etl

199 2403 268 2437 380
295 2403 360 2436 et¹
388 2403 467 2437 663.

150 2469 195 2472 -
221 2450 468 2484 Ferdinandus
495 2449 564 2484 380
591 2451 627 2483 et
648 2450 669 2483 ¹.

150 2516 196 2520 —
223 2497 425 2531 Fridericus
452 2498 520 2532 380
547 2499 583 2530 et
603 2499 624 2531 ¹.

150 2563 197 2568 —-
225 2543 436 2578 Gebhardus
455 2556 474 2578 a
494 2545 601 2587 36576
621 2545 704 2577 3654

200 2591 332 2633 379180
359 2592 443 2626 3801
470 2592 537 2626 387
558 2592 617 2625 et‘2
636 2592 703 2625 516

201 2639 268 2673 519
296 2639 375 2673 663.

153 2704 197 2708 —-
226 2685 402 2729 Georgius
428 2685 490 2720 IV.
517 2686 613 2720 207⁵.

155 2751 198 2755 —
226 2733 411 2776 Georgius,
438 2733 534 2766 filius
559 2732 703 2776 Georgii

202 2779 262 2814 IV.
290 2780 356 2814 207
385 2782 421 2813 et
439 2781 461 2814 ⁵.

158 2845 198 2849 -
217 2826 429 2860 Guilielmus
442 2828 484 2861 II.
497 2827 574 2861 sive
590 2827 704 2861 iunior

205 2873 272 2907 366
300 2877 334 2907 et
353 2874 366 2894 2
393 2874 475 2908 368¹
503 2875 597 2909 380¹.

155 2919 424 2954 Truchsess
486 2933 506 2955 a
557 2921 705 2955 Wald-

204 2967 341 3010 burg,
369 2966 479 3001 Otto
508 2968 572 3011 (1),
612 2981 704 3002 car-

205 3014 403 3055 dinalis,
447 3015 705 3060 episcopus

207 3064 511 3104 augustanus
538 3065 635 3103 etc„
670 3065 705 3096 et

799 168 999 203 Societas
1025 169 1144 204 Iesu:
1181 170 1301 204 fautor

798 216 966 259 egregius
981 217 1068 257 743;
1091 229 1301 262 „supremus

798 263 987 297 Societatis
1060 264 1296 299 infirmarius“

797 311 886 351 522;
902 311 1091 345 dioecesim
1107 324 1169 356 per
1180 312 1301 346 Socios

798 358 939 392 visitari
976 360 1074 403 cupit
1108 360 1176 393 398
1211 361 1299 400 4093

799 408 834 438 et
860 406 1078 440 universitas
1117 407 1301 450 dilingana

799 453 867 487 200
907 453 975 488 203
1002 454 1071 487 236
1097 455 1165 488 469
1193 456 1301 496 51519

800 501 887 540 542;
932 501 961 533 ei
1004 501 1180 535 medicum
1224 514 1300 547 pro-

798 548 897 581 videt
923 548 968 581 22
983 549 1043 582 et8¹
1069 549 1171 589 3042;
1199 552 1300 593 typo-

800 595 987 640 graphiam
1003 596 1111 630 donat
1130 597 1198 630 332
1213 598 1299 636 5745,

800 643 859 676 Tr.
899 646 935 676 et
961 643 1102 686 collegii
1128 644 1301 687 dilingaui

799 690 961 724 fundatio
996 703 1038 724 ac
1073 691 1207 725 dotatio
1233 692 1302 726 204

801 738 868 771 217
909 738 975 772 236
1015 739 1084 772 240
1121 740 1190 773 459
1232 739 1302 773 470

800 786 908 828 51519
936 786 1023 826 542;
1065 788 1099 819 et
1126 787 1302 820 fundatio-

799 833 855 866 nis
882 833 1104 867 confirmatio
1121 834 1304 878 pontificia

803 881 869 914 168
899 881 965 915 189
992 882 1059 915 236
1098 882 1186 922 459;
1227 893 1303 915 con-

801 928 955 962 firmatio
1005 929 1210 962 retardatur
1260 929 1302 963 ob

801 975 1002 1009 litterarum
1084 976 1304 1010 fundationis

802 1022 1061 1066 longitudinem
1106 1024 1191 1065 1893
1245 1024 1303 1058 Tr.

803 1070 953 1113 collegio
980 1071 1039 1104 dat
1078 1082 1201 1105 sacras
1226 1071 1305 1105 reli-

803 1118 906 1162 quias
939 1119 1008 1152 534
1035 1119 1122 1159 574;
1162 1119 1304 1152 domuin

803 1166 961 1199 exstruit
992 1166 1079 1200 534:
1117 1167 1304 1201 ecclesiam

803 1213 993 1246 aedificare
1012 1213 1092 1247 vult
1109 1214 1198 1255 470;
1222 1226 1305 1258 pau—

803 1272 906 1305 peres
919 1261 1097 1295 studiosos
1109 1262 1209 1295 iuvat
1221 1262 1288 1296 534
1299 1275 1305 1301 ;

804 1308 998 1353 parochiali
1018 1309 1191 1343 ecclesiae
1205 1309 1306 1343 dilin-

804 1367 918 1398 ganae
937 1356 1220 1390 contionatorem
1247 1369 1305 1401 pe-

803 1404 850 1437 tit
888 1415 907 1436 a
946 1403 994 1437 SJ
1027 1404 1071 1437 85
1114 1405 1179 1439 109
1221 1406 1305 1445 115;

805 1450 917 1484 Sociis
979 1452 1191 1495 augustanis
1250 1464 1305 1496 pe-

805 1499 944 1532 cuniam
984 1510 1137 1532 annuam
1176 1499 1237 1533 dat
1264 1500 1332 1543 56,

806 1546 894 1580 509;
937 1546 981 1580 iis
1008 1547 1306 1580 sustentationem
1331 1545 1332 1552 ¹

804 1593 1308 1637 stabilemquehabitationem

804 1652 1010 1685 comparare
1069 1643 1190 1675 studet
1242 1642 1307 1676 148

806 1689 937 1730 506710
964 1689 1051 1728 520;
1084 1690 1226 1723 efficere
1254 1701 1307 1723 co-

804 1739 920 1775 natur,
960 1738 998 1770 ut
1024 1737 1210 1779 Augustae
1237 1749 1307 1771 mo-

805 1783 1002 1817 nasterium
1046 1784 1307 1818 dominicanum

807 1832 839 1865 in
884 1831 1073 1873 collegium
1118 1832 1308 1866 Societatis

806 1880 1015 1912 immutetur
1052 1879 1117 1913 172
1148 1880 1212 1913 188
1242 1880 1305 1914 191

807 1927 871 1960 511
888 1939 894 1967 ;
924 1926 961 1959 Ρ.
975 1927 1170 1960 Roseffium
1186 1939 1308 1970 aegro-

807 1976 942 2007 tantem
968 1973 1224 2008 humanissime
1251 1986 1307 2008 cu-

806 2026 863 2055 rat
892 2021 955 2054 127
983 2022 1071 2061 522;
1116 2021 1307 2064 collegium

807 2069 1008 2102 coloniense
1041 2047 1308 2129 archiepiscopo

807 2117 1033 2150 commendat
1073 2116 1178 2156 1623
1192 2144 1198 2155 ‚
1250 2117 1307 2150 'lr

807 2167 843 2196 et
861 2164 953 2197 Socii
980 2164 1118 2197 romani
1145 2164 1212 2198 240
1240 2164 1306 2197 257

807 2210 1131 2247 32321au1etani
1180 2212 1308 2254 57516;

807 2262 841 2292 et
878 2248 1011 2292 Canisii
1053 2257 1143 2292 liber
1185 2262 1309 2292 contra

807 2306 1077 2339 centuriatores
1126 2306 1193 2340 481
1241 2307 1308 2340 485

805 2355 874 2387 489
914 2354 1001 2393 491;
1054 2353 1197 2387 Canisio
1248 2354 1308 2387 im-

806 2403 925 2445 petrat
950 2401 1210 2443 indulgentiam
1236 2401 1309 2445 ple-

805 2448 944 2481 nariam
987 2448 1075 2489 4893
1112 2448 1234 2489 efficit,
1270 2450 1310 2481 ut

808 2495 845 2529 C.
872 2495 941 2540 ipsi
968 2495 1071 2529 detur
1110 2507 1227 2529 comes
1255 2496 1308 2529 iti-

806 2543 903 2576 neris
930 2543 1066 2576 romani
1092 2543 1201 2585 57374
1220 2543 1307 2583 582;

807 2590 845 2624 C.
872 2590 903 2623 ei
931 2590 1052 2630 instat,
1079 2594 1119 2624 ut
1137 2591 1249 2624 Roma
1276 2591 1309 2623 in
1333 2583 1335 2596 ⁴

806 2637 996 2671 dioecesim
1031 2639 1155 2671 redeat
1182 2638 1308 2680 412732

806 2685 909 2718 varia
960 2685 1002 2718 53
1054 2686 1098 2718 66
1149 2685 1192 2718 87
1241 2685 1308 2718 227

807 2732 940 2774 239140
983 2732 1051 2766 252
1094 2732 1162 2766 363
1200 2732 1308 2775 43319

806 2780 875 2813 442
903 2779 981 2813 736.

759 2826 1027 2860 Truchsess
1087 2837 1107 2859 a
1157 2825 1309 2860 Wald-

807 2874 943 2916 burg,
972 2873 1074 2907 Otto
1104 2873 1169 2917 (2),
1196 2873 1309 2907 card.

808 2921 1066 2965 episcopus
1108 2924 1309 2964 augusta-

807 2980 891 3002 nus
918 2970 1014 3009 etc.⁷
1041 2967 1197 3002 varia:
1232 2980 1310 3012 pro·
1334 2964 1335 2993 3

806 3018 922 3049 tector
952 3015 1108 3049 nationis
1134 3015 1310 3057 germani·
1334 3038 1335 3044 .

808 3074 869 3096 cae
905 3062 999 3107 apud
1026 3062 1146 3096 sedem
1173 3064 1310 3106 aposto·
1333 3068 1336 3103 ζ

437 61 550 96 Index
576 60 825 104 alphabeticus
851 60 1033 94 nominum
1060 62 1095 94 et
1121 72 1240 94 rerum
1265 60 1371 95 huius
1397 61 1599 97 voluminis.

1396 170 1501 205 licam
1557 172 1644 214 749;
1710 172 1898 208 catholicis

1397 218 1610 253 Germaniae
1687 220 1896 255 facultatem

1396 265 1566 310 impetrat
1614 267 1737 302 utendi
1790 268 1899 303 Horis

1397 313 1436 347 B.
1464 313 1600 348 Mariae
1626 314 1669 348 V.
1709 318 1776 350 etc.
1818 327 1897 359 ger-

1397 361 1546 394 manicis
1587 361 1655 396 485
1698 363 1786 403 4903
1837 363 1897 397 Al-

1397 408 1489 441 berti
1509 408 1550 442 V.
1578 409 1755 443 Bavariae
1797 409 1897 444 ducis

1396 455 1576 498 theologis
1613 456 1806 491 facultates
1843 468 1897 491 sa·

1397 514 1477 536 cras
1517 504 1681 548 providet
1719 505 1806 546 274;
1844 516 1900 538 re-

1397 550 1490 593 ginis
1539 551 1787 595 oenipontanis
1836 551 1898 585 im-

1396 600 1517 642 petrat
1547 598 1756 632 facultatem
1783 599 1900 642 ingre-

1399 645 1515 678 diendi
1531 646 1672 680 domum
1688 646 1900 690 hortumque

1398 692 1580 727 Sociorum
1629 693 1696 727 215
1724 694 1809 735 et⁵;
1859 694 1900 728 fit

1399 741 1588 784 episcopus
1626 741 1826 775 sabinensis
1865 746 1899 775 et

1398 788 1649 832 praenestinus
1667 789 1756 829 4133
1784 790 1840 822 est
1858 789 1901 823 de

1399 836 1676 878 congregatione
1742 835 1902 870 cardina·

1398 882 1485 916 lium
1512 883 1702 917 haereticis
1732 883 1900 917 reducen-

1400 930 1454 964 dis
1480 930 1535 963 ins
1540 930 1646 964 tituta
1672 931 1757 965 3902
1773 931 1899 974 5827&

1400 978 1434 1011 id
1470 989 1515 1020 ag
1505 978 1556 1017 it,
1596 981 1636 1012 ut
1672 979 1749 1023 ipse
1787 978 1902 1012 archi-

1401 1025 1587 1070 episcopus
1606 1025 1819 1059 coloniensis
1842 1025 1902 1059 eli-

1401 1074 1508 1115 gatui
1543 1073 1586 1106 23
1622 1073 1703 1116 8071
1741 1074 1805 1113 85;
1845 1073 1903 1107 de-

1401 1123 1499 1154 creta
1534 1132 1679 1154 romana
1713 1132 1820 1165 saepe
1857 1121 1903 1154 ad

1402 1179 1481 1201 euin
1510 1168 1544 1201 in
1572 1167 1800 1202 Germaniam
1826 1180 1903 1212 per—

1402 1216 1566 1248 feruntur
1586 1217 1648 1252 77:
1676 1216 1729 1249 Pii
1742 1216 1785 1250 V.
1804 1216 1903 1249 iussu

1404 1262 1669 1296 Catechismum
1704 1263 1903 1296 Romanum

1402 1311 1605 1352 germanice
1632 1322 1776 1344 versum
1812 1322 1904 1344 com-

1403 1358 1549 1391 mendat
1587 1360 1622 1391 et
1657 1358 1903 1391 excudendum

1404 1408 1506 1438 curat
1536 1405 1619 1447 5819
1649 1406 1714 1440 109
1743 1406 1807 1439 121
1839 1405 1904 1439 138

1404 1453 1512 1493 65516
1540 1453 1628 1493 668;
1655 1453 1806 1487 eundem
1827 1452 1904 1487 Cat.

1404 1499 1569 1543 Dilingae
1608 1500 1718 1534 latine
1758 1500 1906 1543 evulgat

1404 1548 1490 1587 661;
1535 1548 1592 1582 Tr.
1636 1550 1672 1582 et
1715 1547 1824 1581 Index
1865 1547 1904 1581 li-

1403 1595 1545 1628 brorum
1647 1595 1904 1640 prohibitorum

1404 1643 1511 1684 27112
1537 1643 1624 1682 490;
1653 1643 1828 1687 synodum
1847 1642 1904 1676 Di-

1403 1690 1523 1732 lingae
1565 1690 1675 1724 habet
1712 1691 1815 1733 377&
1855 1690 1905 1723 of-

1404 1737 1486 1771 ficia
1504 1738 1625 1771 divina
1644 1737 1802 1771 celebrat
1819 1737 1903 1777 534;

1404 1784 1647 1828 indulgentias
1726 1784 1906 1829 plenarias

1405 1833 1568 1866 concedit
1594 1832 1680 1873 534;
1713 1832 1906 1866 iubilaeum

1403 1880 1580 1913 adversus
1630 1879 1767 1914 'Furcas
1828 1891 1906 1924 pro-

1403 1927 1544 1969 mulgat
1565 1927 1649 1967 128;
1676 1927 1788 1961 falsas
1806 1938 1905 1960 reve-

1403 1974 1555 2008 lationes
1589 1975 1767 2018 improbat
1797 1974 1907 2016 37516

1405 2022 1491 2061 391;
1537 2022 1733 2065 Elvangae,
1777 2021 1814 2056 C.
1857 2022 1907 2055 iu-

1405 2073 1524 2109 vante,
1539 2069 1638 2103 cives
1656 2069 1699 2103 ad
1718 2069 1906 2103 ecclesiam

1405 2117 1551 2157 reducit,
1571 2128 1745 2161 pauperes
1763 2127 1907 2156 aegros-

1405 2176 1475 2208 que
1514 2164 1615 2198 iuvat
1643 2164 1749 2206 18214
1778 2163 1906 2203 188193

1406 2212 1556 2254 543154;
1617 2211 1726 2245 libros
1776 2221 1907 2255 pravos

1405 2260 1524 2293 aufert
1552 2259 1637 2299 192;
1665 2260 1907 2303 protestantes

1406 2306 1581 2348 emigrare
1600 2306 1698 2340 iubet
1712 2307 1799 2346 5543
1827 2317 1907 2339 con-

1406 2354 1617 2387 firmationis
1643 2355 1907 2387 sacramentum

1406 2401 1635 2434 administrat
1684 2402 1772 2441 546;
1831 2400 1908 2433 eius

1406 2448 1612 2482 mandatum
1657 2448 1699 2481 de
1737 2447 1908 2490 religione

1410 2496 1534 2537 1927&
1579 2495 1723 2529 Laureti
1761 2494 1907 2540 pietatis

1406 2542 1571 2586 exempla
1605 2543 1754 2587 praebet
1780 2542 1906 2581 57516;

1406 2589 1554 2623 Romam
1589 2590 1690 2623 venit
1731 2589 1794 2624 186
1837 2589 1903 2623 201

1406 2638 1533 2678 57617;
1560 2637 1608 2670 ibi
1632 2637 1831 2670 exorcismo
1857 2636 1907 2669 in-

1405 2686 1518 2718 terest
1555 2685 1642 2724 3753
1695 2683 1907 2717 Panvinium

1406 2732 1442 2765 in
1483 2731 1584 2765 libris
1621 2731 1767 2765 edendis
1809 2730 1909 2764 fovet

1406 2779 1579 2822 iuvatque
1629 2779 1737 2820 69174
1779 2777 1906 2819 65416;

1407 2825 1615 2860 dedicantur
1674 2825 1706 2859 ei
1765 2824 1909 2859 litterae

1406 2873 1549 2906 Indicae
1583 2873 1671 2913 42ος
1724 2872 1907 2906 alumnum

1405 2920 1517 2954 mittit
1551 2920 1586 2954 in
1613 2919 1803 2962 collegium
1830 2930 1908 2962 ger-

1406 2967 1584 3001 manicum
1604 2967 1706 3008 3213;
1734 2965 1909 3000 sollicitus

1407 3017 1463 3048 est
1497 3014 1539 3048 de
1567 3014 1755 3048 Gebhardo
1780 3014 1909 3057 nepote

1409 3062 1536 3105 3657&
1572 3061 1763 3106 perspicax
1789 3061 1823 3094 in
1849 3059 1909 3094 ho-
