2044 3335
154 101 237 141 254
324 99 423 133 1612.
452 99 492 133 Ρ.
519 98 674 132 Thomas
702 97 827 131 Gallus
855 96 1006 130 Canisio.
1058 95 1254 129 Monachio
1275 95 1366 130 inter
1394 97 1446 131 18.
1475 99 1511 131 et
1536 97 1591 132 25.
1617 97 1717 132 Febr.
1739 98 1841 133 1569.

152 215 394 257 huiusmodi
426 215 712 263 turbulentos,
747 213 819 266 qui
851 213 947 267 alijs
980 226 1065 254 non
1099 212 1269 263 cedunt,
1304 216 1348 256 et
1380 228 1464 256 non
1496 229 1658 269 paucos
1691 216 1915 258 offendunt

151 281 192 322 in
227 280 479 333 quotidiana
511 279 853 328 conuersatione,
888 278 942 319 ad
974 279 1144 320 tantum
1179 278 1360 330 gradum
1395 280 1570 322 assumi.
1624 280 1830 323 Judicent
1862 280 1914 322 de

149 345 222 387 illo
257 346 432 387 Patres:
466 344 566 397 quid
600 343 702 385 mihi
734 343 926 385 securius
959 344 1004 384 et
1037 342 1243 386 Societati
1277 343 1427 386 Vtilius
1460 345 1674 396 uideatur,
1708 345 1815 387 satis
1847 345 1912 386 in-

149 410 338 453 dicatum
372 412 451 452 est.
515 408 724 451 Dominus
756 408 800 449 in
832 421 954 449 suam
987 407 1171 461 gloriam
1204 408 1389 452 omnia¹.

268 475 473 516 Dolemus
517 488 603 515 non
646 473 798 515 melius
840 486 935 514 esse
969 472 1014 514 P.
1050 472 1097 514 Τ.
1141 473 1251 526 quod
1298 474 1352 515 ad
1392 474 1685 516 ualetudinem
1728 477 1913 529 spectat,

150 540 371 592 Deumque
403 553 620 592 rogamus.
655 541 703 581 ut
734 539 928 580 salutare
960 537 1124 580 sentiat
1156 538 1235 579 sibi
1268 552 1448 580 uernum
1481 542 1665 593 tempus,

266 605 364 646 Non
406 606 601 658 repetam
636 604 688 645 de
721 603 933 656 Magistro
967 602 1229 644 nouitiorum
1264 607 1308 646 et
1339 604 1397 646 M.
1431 604 1601 646 Joanne
1635 604 1821 657 Ang102‚
1864 607 1913 646 ut

150 670 203 711 ad
246 684 323 711 nos
365 672 485 712 recta
526 669 771 711 mittantur.
836 669 944 710 Sunt
984 668 1027 709 in
1061 667 1133 709 uia
1164 668 1366 719 fortasse,
1408 669 1653 711 monebitur
1693 669 1774 711 hoc
1815 670 1911 711 loco

152 735 369 785 velserus,
393 736 442 776 ut
463 734 614 776 statim
637 733 757 775 reddi
782 735 903 775 curet
925 732 1054 774 isthic
1071 732 1292 783 viaticum,
1318 734 1430 787 quod
1448 733 1706 776 abeuntibus
1725 734 1910 778 dabitur.

266 799 525 841 Commendo
559 813 626 840 me
660 802 704 840 et
739 798 998 852 prouintiam
1032 797 1143 839 hanc
1177 812 1345 840 omnem
1379 798 1603 853 sacrificijs
1636 802 1681 842 et
1712 799 1912 854 precibus

150 865 192 907 P.
236 865 283 906 T.
333 865 384 906 in
432 865 655 906 Christo
704 864 835 905 Jesu
884 863 1097 905 domino
1147 866 1383 906 nostross.
1459 865 1684 917 Augustae
1733 866 1784 906 19
1828 865 1908 906 Fe-

149 928 354 984 bru[a]rij
392 931 517 972 1569.
1135 930 1138 935 ’

662 988 821 1030 Seruus
853 988 895 1029 in
929 988 1099 1030 Christo
1133 988 1177 1031 P.
1213 987 1410 1030 Canisius
1442 1003 1572 1030 manu
1604 989 1792 1042 propria.

269 1088 458 1129 Adiunxi
496 1087 649 1130 literas
681 1088 752 1130 Jll.
789 1087 1029 1130 Cardinalis
1062 1087 1236 1142 Amulij,
1281 1088 1435 1141 quibus
1476 1088 1738 1142 respondere
1780 1087 1910 1138 nolui,

151 1153 231 1195 nisi
264 1167 311 1195 re
343 1153 461 1207 prius
494 1153 654 1196 collata
687 1168 781 1194 cum
816 1154 862 1196 P.
895 1153 942 1195 T.
1007 1153 1120 1195 Nam
1155 1155 1204 1194 ut
1236 1153 1489 1207 promittam
1522 1153 1682 1206 aliquid
1717 1166 1772 1194 ex
1810 1167 1910 1206 pro-

150 1219 286 1261 uintia
318 1221 481 1269 nostra,
516 1232 600 1259 non
635 1218 758 1260 uideo
791 1218 862 1271 qui
895 1218 987 1259 fieri
1021 1219 1172 1272 possit,
1207 1222 1251 1261 et
1284 1220 1351 1260 est
1383 1233 1490 1260 onus
1522 1232 1747 1272 pergraue,
1792 1217 1912 1259 cuius

148 1284 293 1337 gratia
325 1287 497 1326 nostros
529 1283 643 1326 mitti
676 1284 839 1334 uolunt,
881 1283 1100 1325 dimidium
1133 1283 1300 1326 scilicet
1333 1284 1560 1336 collegium
1595 1283 1907 1337 postulantes4.

149 1349 314 1390 Deinde
348 1349 401 1390 ad
435 1348 712 1390 seminarium
745 1348 1059 1391 instituendum
1093 1352 1264 1391 nostros
1295 1348 1500 1398 adhiberi,
1535 1348 1680 1390 nescio
1704 1362 1830 1401 quam
1854 1347 1912 1390 sit

149 1415 441 1457 consultum5:
485 1427 623 1467 neque
664 1417 843 1468 possent
875 1417 965 1456 tam
1000 1414 1124 1469 pauci
1157 1416 1398 1468 praestare,
1441 1414 1553 1467 quod
1586 1414 1641 1455 ad
1673 1427 1764 1455 rem
1796 1412 1910 1455 tanti

149 1479 353 1521 momenti
387 1482 570 1533 spectat,
611 1481 659 1521 ut
692 1493 772 1532 ego
806 1479 1006 1522 arbitror.
1070 1479 1206 1521 Credo
1240 1479 1348 1521 satis
1380 1479 1486 1529 fore,
1526 1479 1561 1520 si
1595 1481 1752 1531 agatur
1783 1477 1910 1519 isthic

148 1559 241 1587 cum
296 1544 411 1586 dicto
455 1545 505 1587 D.
550 1544 820 1593 Cardinalea,
878 1543 969 1599 [v]t
1021 1544 1290 1586 necessarias
1344 1542 1681 1598 [ex]cusationis
1734 1545 1910 1584 nostrae

148 1608 346 1665 [ca]usas
379 1610 541 1652 audiat.
576 1609 642 1651 cui
674 1609 860 1652 scribam
893 1609 1059 1660 lubens,
1094 1624 1189 1651 cum
1222 1609 1483 1651 sententiam
1508 1609 1554 1651 P.
1575 1609 1622 1651 Τ.
1648 1621 1906 1662 cognouere.

146 1679 294 1729 posset
325 1675 525 1718 fortassis
557 1675 611 1716 ad
643 1674 948 1728 prouintialem
983 1675 1256 1717 Rhenensem
1289 1688 1460 1728 quoque
1493 1674 1634 1725 scribi,
1679 1674 1778 1715 Non
1817 1677 1906 1716 tam

146 1744 357 1794 expetunt
390 1740 746 1791 contionatorem‚
781 1754 909 1793 quam
936 1740 1155 1794 seminarij
1181 1740 1450 1789 directorem,
1486 1740 1570 1781 nisi
1593 1739 1735 1789 fallar,
1771 1752 1908 1791 eoque

147 1806 364 1848 difficilius
397 1805 464 1847 hic
496 1805 712 1860 Heluetijs
745 1820 972 1859 possumus
1004 1805 1256 1858 gratificari.

1337 1881 1364 1923 J
1369 1881 1464 1922 dem
1499 1881 1542 1924 P.
1578 1879 1785 1923 Canisius.

264 1977 290 2027 ·'s
323 1975 564 2017 Admodum
609 1975 865 2017 Reuerendo
909 1975 952 2016 in
998 1975 1167 2017 Christo
1213 1973 1334 2016 Patri
1382 1974 1427 2016 P.
1468 1973 1698 2015 Francisco
1744 1973 1907 2026 Borgia

145 2041 396 2095 Praeposito
431 2040 658 2094 Greneraljb
692 2039 967 2095 So[oieta]tis
999 2040 1118 2082 JEsu
1150 2042 1232 2083 etc,
1355 2039 1531 2081 Romae.

260 2126 410 2170 Borgias
437 2126 578 2160 Canisio
605 2138 667 2171 per
693 2126 889 2160 Polancum
915 2126 1099 2171 respondit
1127 2127 1180 2160 19.
1209 2125 1330 2159 Martii
1360 2125 1460 2160 1569.

143 2259 286 2295 1612.
338 2259 399 2296 P.
428 2258 711 2295 THOMAS
741 2259 1008 2296 GALLUS
1037 2259 1090 2295 S.
1110 2259 1163 2295 J.
1191 2259 1391 2294 CANISIO.

984 2314 1173 2348 Monachio
1199 2314 1293 2347 inter
1321 2313 1375 2348 18.
1402 2315 1437 2347 et
1463 2313 1519 2347 25.
1538 2312 1722 2346 Februarii
1752 2311 1852 2346 1569.

257 2379 366 2412 Malle
390 2389 425 2411 se
451 2389 657 2421 responsum
690 2379 886 2422 praepositi
915 2380 1096 2422 qeneralis
1130 2382 1329 2421 aspectare
1355 2378 1541 2411 fllonachz'i
1575 2388 1681 2420 quam
1707 2378 1900 2419 Auyustae.

140 2433 253 2465 Ρῖιινα
279 2444 307 2465 v.
334 2433 448 2474 infra,
476 2443 526 2475 ep.
547 2444 579 2466 n.
603 2435 704 2465 1615.

257 2516 283 2538 a)
311 2515 367 2538 Sea:
395 2521 435 2537 vv.
455 2520 513 2544 sqq.
534 2521 551 2537 a
572 2516 599 2537 C.
622 2513 652 2536 in
672 2513 804 2544 maryine
824 2513 928 2537 addita
948 2516 1034 2543 szcnt;
1061 2521 1097 2537 ea:
1123 2513 1227 2544 quibus
1252 2513 1363 2544 aliquot
1390 2513 1506 2537 litterae
1526 2512 1585 2536 iam
1605 2512 1690 2543 quasi
1709 2515 1901 2536 evanuerunt.

138 2553 167 2581 b,
189 2553 365 2585 Genegeraij
385 2555 464 2578 arch.

262 2664 270 2681 ¹
298 2661 348 2695 De
374 2661 440 2695 hoc
472 2661 783 2705 „epiphonemate“
813 2661 858 2694 cf.
883 2662 968 2694 Can.
991 2661 1021 2694 11
1051 2661 1151 2701 115⁴;
1180 2661 1230 2694 III
1257 2660 1344 2701 5283
1372 2659 1423 2693 IV
1441 2659 1510 2694 512
1537 2659 1623 2700 6833
1651 2659 1683 2693 V
1704 2660 1746 2695 18
1772 2660 1852 2694 430.

257 2715 269 2734 2
296 2714 346 2747 De
374 2714 444 2747 PP.
472 2715 722 2747 Bonaventura
748 2714 946 2748 Paradinas
973 2716 1009 2747 et
1035 2714 1165 2748 Ioanne
1191 2713 1351 2748 Rastello
1379 2725 1411 2746 v.
1439 2724 1548 2757 supra
1574 2725 1607 2757 p.
1626 2713 1694 2748 229
1721 2713 1800 2748 230.

259 2769 270 2785 Ἀ
296 2767 384 2800 Rom
412 2768 442 2807 6,
469 2768 525 2801 23.
579 2769 593 2800 1
625 2767 692 2800 Cor
721 2768 773 2808 15,
801 2767 855 2801 31.

256 2822 268 2840 ⁴¹
296 2819 438 2863 Septem
467 2820 636 2853 decemve
663 2820 784 2853 Socios
811 2820 1015 2863 significare
1043 2820 1204 2860 videtum
1232 2820 1277 2854 cf.
1300 2820 1385 2853 Can.
1405 2818 1455 2852 IV
1469 2819 1565 2854 405¹.

256 2875 268 2891 ⁵
296 2875 395 2906 Anno
417 2874 505 2906 1565
532 2874 688 2906 secunda
715 2875 948 2916 congregatio
973 2874 1151 2917 generalis
1170 2872 1360 2907 Societatis
1387 2873 1607 2913 decreverat,
1634 2884 1678 2906 ne
1704 2872 1898 2906 seminaria

137 2926 355 2965 clericorum,
383 2926 413 2959 si
440 2937 530 2968 quae
557 2926 713 2970 episcopi
742 2926 910 2960 Societati
934 2927 1075 2961 tradere
1095 2926 1231 2961 vellent
1248 2925 1415 2969 regenda,
1442 2925 1727 2967 admitterentur,
1753 2925 1822 2959 nisi
1849 2937 1893 2960 ex

138 2979 402 3024 dispensatione
428 2979 622 3022 praepositi
650 2979 837 3022 generalis,
873 2992 964 3014 neve
991 2980 1021 3014 is
1048 2991 1089 3014 ea
1125 2980 1160 3013 in
1186 2991 1223 3013 re
1249 2979 1485 3023 dispensaret,
1521 2979 1589 3012 nisi
1615 2990 1694 3013 cum
1723 2979 1893 3013 condicio-

137 3033 241 3066 nibus
276 3044 295 3066 a
331 3031 606 3074 congregatione
642 3032 720 3076 ipsa
756 3033 789 3065 in
825 3033 946 3066 eodem
983 3033 1124 3067 decreto
1160 3032 1366 3067 constitutis
1402 3032 1510 3074 (decr.
1541 3032 1583 3067 18
1617 3033 1698 3076 post
1734 3032 1797 3073 el.;
1833 3034 1893 3066 In-

137 3087 294 3119 stitutum
323 3085 356 3119 S.
377 3085 409 3119 J.
436 3085 468 3117 H
498 3084 592 3126 198).
