2044 3335
327 85 421 119 Mon.
449 85 518 121 990
543 84 621 119 sive
647 95 722 118 oen.
746 82 836 127 (18).
879 82 911 116 A
939 83 969 117 1.
989 81 1072 116 Iulii
1098 81 1142 116 ad
1168 80 1225 115 22.
1243 79 1452 114 Decembris
1480 77 1583 113 1571.
1758 77 1841 118 625

75 203 169 237 stein
194 202 231 236 in
255 212 335 235 mea
362 200 546 235 Prouintia
573 202 726 241 maneat,
754 201 790 233 et
815 198 933 244 potius
960 198 999 232 P.
1021 196 1187 232 Canisius
1213 196 1249 230 in
1274 195 1461 230 Austriam
1486 193 1563 228 loco
1589 193 1629 227 P.
1649 190 1846 226 Alexandri

74 256 267 290 mittatur:
287 265 369 288 nam
396 254 435 287 P.
454 253 634 287 Martinus
660 252 793 287 nostris
819 250 1099 286 necessitatibus
1126 249 1243 293 magis
1268 249 1351 283 vsui
1378 248 1445 282 erit
1470 249 1507 281 et
1532 247 1575 281 de
1601 245 1669 280 hoc
1695 246 1845 289 expecto

74 319 286 353 responsum
312 307 354 342 R.
382 306 424 341 V.
450 318 521 340 non
556 306 650 340 enim
684 317 829 351 possum
866 305 1023 339 iudicare
1059 303 1153 347 quod
1188 301 1358 347 expediat
1392 301 1431 336 P.
1458 300 1653 334 Martinum
1689 310 1735 332 ex
1769 309 1846 343 pro-

75 361 190 395 uintia
216 361 396 395 dimittere
423 359 483 404 qui
508 371 573 394 nos
599 360 634 393 in
660 361 735 393 tam
760 358 883 392 multis
910 358 1016 392 rebus
1043 356 1168 390 iuuare
1194 356 1324 400 potest,
1351 356 1387 388 et
1413 354 1528 388 denuo
1554 354 1688 397 repeto,
1714 351 1754 385 P.
1782 350 1847 385 Ca-

76 414 209 448 nisium
235 413 353 458 potius
379 413 415 447 in
434 413 619 447 Austriam
645 423 724 446 esse
750 411 977 445 mittendum.
1020 409 1198 443 Postridie
1223 413 1339 441 autem
1365 409 1440 440 eius
1465 408 1606 448 clieiffl.
1626 404 1845 443 Izalie'1571)

77 468 251 510 Hoffaeus
276 468 405 500 iterum
430 467 586 509 Bor-qtae
610 467 773 509 scripsit.-
809 464 907 498 Sciat
933 463 972 498 P.
1000 462 1043 496 V.
1071 461 1165 506 quod
1202 461 1279 495 sine
1315 471 1446 503 magno
1482 458 1691 503 grauamine
1727 468 1848 491 carere

77 531 147 554 non
173 521 297 564 potero
323 519 363 553 P.
390 519 546 553 Martino
572 518 798 559 Lebenstein,
825 529 907 551 curn
933 516 1027 550 enim
1053 525 1201 549 necesse
1227 514 1275 548 sit
1309 513 1512 558 prospicere
1540 511 1699 554 Collegio
1725 509 1849 553 Jngol-

77 573 242 607 stadiano
270 573 312 606 de
338 571 504 612 Rectore,
540 583 691 615 cumque
725 570 882 605 fortasse
917 568 1116 603 necessitas
1150 569 1255 610 coget
1288 566 1394 600 aliam
1431 565 1520 599 inire
1554 564 1729 598 rationem
1756 563 1850 597 circa

77 625 371 668 gubernationem
400 624 549 669 Collegij
577 623 780 669 oenipotani
808 623 861 657 vti
888 635 934 657 ex
959 624 1061 667 parte
1087 620 1223 654 referre
1253 619 1386 664 poterit
1410 618 1450 653 P.
1477 618 1644 662 Lanoyus
1660 618 1681 658 ¹,
1707 621 1742 651 et
1770 627 1850 650 Cum

77 690 144 721 ego
170 689 271 712 meae
298 677 505 711 Prouintiae
532 689 653 711 curam
680 677 814 711 habere
841 676 1000 716 debeam,
1028 674 1134 709 aliter
1159 683 1268 717 quam
1294 674 1377 706 ante
1404 671 1590 705 attendere
1616 670 1708 711 volo,
1734 680 1850 713 neque

77 731 208 765 curabo
235 729 460 774 quorundam
485 731 717 773 tentationes,
744 729 975 774 quamobrem
994 727 1104 762 velim
1130 728 1171 761 vt
1189 725 1417 760 necessariae
1442 735 1616 769 personae
1634 722 1721 757 mihi
1747 722 1851 756 relin-

80 785 286 828 querentur,
314 785 350 817 et
375 785 417 816 vt
443 794 509 825 ego
535 782 624 817 meis
650 782 929 817 necessitatibus
955 781 1067 815 libere
1094 790 1303 814 succurrere
1338 777 1473 823 possim
1499 777 1593 821 quod
1627 779 1750 810 tamen
1774 773 1853 808 fieri

79 848 150 871 non
185 836 317 881 poterit
351 835 428 869 sine
454 835 495 869 P.
523 835 690 871 Martino.
742 835 877 869 Verum
911 834 1014 868 finita
1049 832 1256 867 visitatione
1291 831 1446 865 scribam
1480 829 1600 864 isthuc
1635 828 1721 874 quid
1755 828 1852 862 facto

80 901 169 934 opus
195 889 382 930 videatur,
418 888 551 922 auditis
577 889 633 923 his
668 888 842 934 patribus.
895 888 1029 932 Jtaque
1064 887 1188 930 repeto
1215 885 1308 929 quod
1342 884 1420 918 heri
1454 883 1592 928 scripsi,
1628 882 1797 916 nimirum
1822 880 1854 914 si

80 942 182 988 Patrj
201 942 409 977 Alexandro
435 941 493 975 hic
519 941 737 976 haerendum
765 942 822 983 sit,
850 944 892 976 vt
917 941 1005 975 mihi
1031 939 1072 975 P.
1092 939 1270 973 Martinus
1296 949 1366 972 non
1392 937 1578 971 auferatur
1604 936 1640 969 in
1657 933 1853 974 Austriam‚

81 996 145 1030 sed
179 996 298 1041 potius
325 995 364 1029 P.
392 994 524 1029 Petrus
552 994 717 1029 Canisius
752 1007 822 1039 quo
858 1006 924 1038 ego
958 994 1075 1028 minus
1111 993 1165 1027 vti
1199 1003 1346 1037 possum
1381 991 1425 1025 ad
1460 990 1714 1024 necessitatem
1748 986 1855 1021 huius

81 1050 283 1095 prouintiae
318 1060 425 1092 quam
454 1048 493 1083 P.
520 1048 691 1090 Martino‚
728 1050 869 1092 eritque
903 1048 1040 1092 gratior
1066 1046 1267 1080 Austriacis
1302 1056 1411 1089 quam
1437 1044 1476 1078 Ρ.
1502 1043 1701 1077 Martinus:
1734 1043 1770 1075 et
1796 1052 1854 1074 ex-

81 1103 221 1149 pediret
255 1102 401 1136 tandem
436 1101 558 1146 plures
594 1101 637 1135 ob
673 1113 803 1136 causas
831 1104 872 1136 vt
897 1102 965 1135 duo
999 1102 1122 1146 patres
1149 1098 1282 1144 Canisij
1310 1100 1576 1143 separarentur.
1627 1096 1710 1130 Mea
1734 1097 1857 1129 tamen

82 1156 197 1201 potior
222 1155 403 1190 sententia
428 1154 519 1189 haec
546 1158 602 1188 est
628 1157 668 1188 vt
694 1155 724 1188 si
750 1155 792 1189 P.
821 1154 987 1189 Canisius
1015 1154 1071 1188 hic
1098 1153 1189 1187 satis
1215 1153 1304 1186 bene
1330 1163 1368 1186 se
1396 1151 1592 1185 valiturum
1617 1152 1748 1194 speret,
1776 1159 1854 1182 con-

86 1210 246 1244 cionetur
272 1208 478 1253 Archiducj,
505 1211 542 1242 et
568 1208 638 1242 cito
664 1209 788 1242 redeat
814 1208 849 1242 in
868 1207 1054 1242 Austriam
1072 1207 1113 1242 P.
1130 1206 1348 1240 Alexander.
1391 1206 1459 1239 Res
1484 1206 1624 1238 tandem
1650 1215 1693 1237 ex
1711 1203 1858 1245 Hoffaec'

85 1265 256 1297 sententia
282 1265 464 1297 successit:
490 1263 530 1296 P.
548 1262 792 1305 Hieronymus
809 1262 952 1295 Natalis
977 1262 1163 1295 Societatz's
1187 1261 1345 1293 vicarias
1367 1259 1545 1303 §enei-alis
1562 1258 1675 1290 Roma
1696 1258 1750 1290 10.
1769 1255 1859 1288 Iulii

87 1319 179 1351 1571
205 1318 237 1350 ci
261 1317 426 1359 scripsit:
460 1315 511 1349 Mi
537 1326 623 1349 sono
658 1315 768 1348 molto
805 1315 967 1358 alegrato
1000 1314 1065 1348 che
1100 1314 1126 1348 il
1152 1313 1268 1347 Padre
1296 1312 1438 1347 Canisio
1465 1311 1518 1346 sia
1549 1313 1707 1345 acettato
1734 1309 1769 1343 al
1794 1308 1857 1342 mi-

86 1369 234 1403 nisterio
260 1369 318 1403 del
343 1369 528 1414 predicare
555 1370 591 1402 et
616 1368 665 1401 ila
685 1367 732 1412 [5³]
760 1368 854 1402 buon
881 1368 999 1402 animo
1025 1379 1100 1409 suo,
1124 1367 1168 1402 V.
1187 1367 1394 1401 Reuerenza
1420 1377 1483 1410 per
1509 1376 1608 1399 amor
1634 1363 1691 1398 del
1709 1362 1858 1406 signore

87 1424 120 1457 lo
160 1423 294 1457 consoli
333 1425 368 1456 et
406 1423 488 1456 vedi
527 1421 592 1456 che
639 1421 693 1456 sia
732 1422 917 1456 moderato
955 1421 1066 1455 molto
1104 1420 1164 1454 nel
1204 1419 1384 1463 trauaglio
1422 1417 1547 1453 comeh
1585 1418 1617 1451 io
1655 1416 1821 1451 liescriuo
1835 1416 1858 1450 2.

88 1477 264 1511 Kalendis
301 1478 413 1521 rigitar
447 1477 620 1520 Auyastis
646 1478 738 1509 1571
775 1477 949 1518 Hoffaeus
983 1476 1173 1509 Monaclzio
1211 1475 1259 1507 ad
1293 1473 1457 1507 Natalem
1490 1474 1644 1506 rettulit:
1681 1470 1858 1504 Existimo

88 1529 395 1575 P.¹Alexandrum
420 1530 492 1563 iam
517 1529 553 1562 in
571 1529 756 1563 Austriam
782 1529 932 1574 redijsse
958 1531 994 1562 et
1012 1528 1051 1563 P.
1072 1527 1255 1562 Canisium
1281 1527 1445 1572 proxima
1471 1525 1681 1560 Dominica³
1708 1523 1858 1569 primam

89 1583 294 1617 concionem
332 1582 538 1617 habiturum
578 1594 657 1617 esse
695 1594 815 1616 coram
854 1582 1064 1616 archiduce:
1104 1581 1202 1616 Deus
1238 1581 1329 1615 bene
1367 1582 1498 1614 uertat.
1558 1580 1605 1613 Et
1641 1579 1859 1623 Ingyolstadio

92 1640 145 1671 16.
173 1638 329 1680 Aayasti
355 1639 444 1671 1571
480 1637 572 1670 idem
606 1638 749 1679 scripsit
785 1637 916 1669 eidem:
950 1636 990 1670 P.
1017 1635 1265 1669 Alexandrum
1300 1633 1462 1677 intelligo
1498 1633 1569 1667 iam
1605 1633 1640 1666 in
1675 1632 1860 1666 Austriam

89 1691 310 1725 discessisse.

91 1817 201 1854 990
229 1818 307 1853 sive
335 1826 454 1853 oen.
475 1815 606 1862 (18).
657 1816 687 1852 A
712 1815 736 1852 l.
755 1815 841 1852 Iulii
867 1815 914 1852 ad
939 1816 995 1851 22.
1014 1813 1226 1851 Decembris
1251 1813 1336 1850 1571.

211 1883 265 1917 Ex
293 1883 421 1917 Codice
451 1883 649 1927 „Raittung
674 1883 726 1917 De
753 1884 856 1916 Anno
886 1883 996 1917 1571“
1030 1882 1070 1926 (f.
1090 1881 1206 1925 28412),
1242 1881 1302 1925 qui
1329 1882 1385 1915 est
1411 1879 1611 1925 Oeniponte
1646 1880 1682 1914 in
1715 1879 1861 1914 archivo

90 1938 340 1983 praefecturae
367 1948 568 1970 caesareae.

213 2003 359 2036 Canise'o
380 2014 447 2045 per
473 2002 698 2035 archiducem
724 2002 939 2045 adianyz‘tm·
972 2002 1128 2044 scriptor
1161 2001 1336 2044 stipendio
1358 2011 1425 2044 per
1460 2010 1637 2032 cameram
1663 1999 1862 2032 tirolensem

89 2057 261 2090 solvendo.

216 2120 391 2164 „Michael
409 2120 629 2164 Linggahol“
653 2120 868 2155 Ferdinandi
886 2120 930 2155 ΙΙ.
950 2119 1153 2154 archiducis
1179 2118 1406 2153 consiliarius
1433 2120 1469 2152 et
1495 2129 1658 2152 camerae
1684 2117 1865 2152 tirolensis

92 2175 266 2219 magister
305 2174 702 2218 („Kammermeister“)
742 2175 779 2208 in
815 2174 936 2208 codice
972 2173 1047 2208 dati
1083 2176 1119 2207 et
1153 2173 1293 2217 accepti
1332 2171 1586 2215 („Raittung“)
1625 2172 1670 2205 ad
1705 2183 1736 2206 a.
1775 2171 1862 2205 1571

94 2230 296 2274 pertinente
322 2228 412 2262 haec
446 2227 606 2262 notavit:
642 2227 908 2261 Ferdinandum
935 2227 1078 2261 Canisio
1113 2226 1345 2267 concessisse,
1380 2228 1420 2259 ut
1455 2225 1499 2260 ad
1534 2228 1678 2270 tempus
1704 2227 1867 2259 uteretur

93 2294 201 2327 opera
227 2281 424 2327 scriptoris,
452 2281 509 2315 cui
528 2292 685 2314 annuum
711 2281 929 2326 stipendium
947 2281 992 2315 80
1010 2281 1225 2314 florenorum
1252 2291 1272 2314 a
1299 2291 1441 2314 camera
1466 2278 1628 2313 tirolensi
1654 2278 1867 2313 solvendum

94 2338 191 2370 esset
220 2336 365 2378 („ainen
391 2334 574 2369 schreiber
600 2335 659 2368 ain
685 2334 874 2378 Zeitlanng
902 2346 1019 2378 gegen
1045 2334 1189 2378 achtzig
1215 2333 1348 2377 gulden
1370 2332 1540 2378 jerlicher
1574 2332 1784 2376 besoldung,
1811 2332 1868 2366 die

91 2389 165 2434 jme
192 2401 262 2423 von
289 2388 521 2434 Tyrolischer
547 2387 676 2422 Camer
709 2387 876 2431 geraicht
901 2388 1045 2421 werden
1080 2387 1179 2429 solie,
1214 2386 1377 2421 zehallen
1412 2386 1597 2429 gnedigist
1632 2385 1865 2429 bewilligt“);

94 2443 173 2477 ideo
203 2443 232 2477 1.
260 2442 339 2476 Iulii
370 2443 458 2477 1571
487 2441 694 2476 Balthasari
720 2441 872 2475 Arnoldt
897 2441 933 2475 id
959 2441 1139 2475 scribendi
1166 2452 1295 2475 munus
1320 2439 1628 2485 („schreiberey“)
1659 2440 1868 2474 mandatum

96 2497 199 2541 eique
227 2496 282 2531 20.
311 2496 532 2541 Septembris
559 2499 594 2529 et
620 2495 676 2529 22.
703 2494 911 2529 Decembris
940 2495 1028 2529 1571
1057 2494 1204 2528 vicenos
1230 2494 1384 2528 florenos
1411 2494 1512 2528 datos
1538 2505 1628 2528 esse.

219 2567 247 2598 a)
268 2567 316 2591 Sic
335 2575 400 2598 ap.;
421 2564 485 2591 dil?
506 2564 575 2590 del?
648 2565 678 2598 b)
700 2572 746 2590 nie
767 2573 818 2596 ap.

221 2699 231 2718 ¹
257 2698 412 2741 Boryias
447 2697 517 2730 iam
544 2695 656 2730 Roma
684 2697 716 2730 7.
743 2695 879 2740 Aprilis
907 2695 995 2730 1571
1023 2694 1172 2728 Hoffaeo
1209 2695 1251 2728 de
1286 2694 1325 2729 P.
1354 2694 1513 2729 Gerardo
1540 2694 1697 2729 Pastelio
1731 2694 1870 2740 *scrip-

99 2755 215 2786 serat:
247 2751 427 2793 „Aduerta
446 2750 489 2785 V.
510 2750 550 2784 R.
570 2761 670 2783 come
697 2749 741 2782 da
767 2761 805 2783 se
832 2749 866 2782 al
885 2748 1012 2782 Rettor
1038 2748 1080 2781 de
1101 2748 1267 2792 Jspruch,
1295 2748 1359 2782 che
1384 2760 1455 2782 non
1481 2749 1535 2782 sia
1560 2748 1666 2782 facile
1692 2748 1736 2782 ad
1759 2749 1871 2783 and-ar

100 2808 120 2839 a
147 2805 296 2839 conuitti
324 2805 366 2838 de
392 2803 582 2845 forestieri,
609 2815 653 2836 ne
680 2805 700 2836 a
726 2814 849 2836 menar
876 2802 967 2836 tanti
994 2801 1144 2835 insieme
1171 2802 1312 2846 quando
1338 2801 1484 2836 hauessi
1511 2802 1546 2836 di
1572 2803 1715 2843 andare,
1743 2805 1778 2836 et
1805 2802 1871 2837 che

98 2858 202 2893 tratti
230 2870 294 2892 con
320 2857 381 2903 piu
408 2858 559 2902 rispetto
586 2857 618 2890 di
645 2856 762 2901 quello
790 2856 855 2890 che
881 2856 927 2889 ha
954 2855 1045 2889 fatto
1072 2854 1175 2888 insin'
1192 2855 1318 2889 adesso
1345 2855 1370 2889 il
1397 2856 1436 2889 P.
1464 2855 1597 2900 Lanoy,
1625 2855 1682 2889 del
1708 2856 1813 2900 quale
1841 2857 1872 2890 ci

100 2913 213 2946 siamo
240 2911 300 2955 qui
327 2911 438 2945 acorti
464 2911 495 2945 si
531 2911 598 2945 ben
634 2911 683 2944 lui
710 2922 780 2944 non
806 2910 837 2943 si
871 2909 1040 2949 lamenta,
1068 2908 1254 2942 dimandili
1281 2908 1390 2942 etiam
1417 2909 1447 2943 si
1473 2910 1590 2943 scriue
1617 2911 1637 2943 'a
1664 2909 1777 2944 Roma
1809 2909 1872 2943 alli

101 2966 213 3010 tempi
239 2965 327 3006 suoi,
362 2964 493 3009 perche
520 2976 631 3010 penso
667 2965 755 2998 dene
791 2974 910 2997 essere
946 2973 1069 3007 presso
1097 2962 1127 2995 d'
1144 2961 1201 2995 un'
1218 2973 1309 2996 anno
1345 2962 1410 2996 che
1445 2974 1515 2996 non
1550 2963 1595 2997 ha
1630 2964 1777 2998 sex-itt&
1811 2964 1872 3007 (ex

102 3031 224 3064 apogr.
253 3018 365 3053 ejusd.
391 3022 517 3063 temp.;
546 3018 665 3053 Germ.
695 3018 739 3052 70
765 3017 789 3051 f.
821 3016 930 3058 166³).

223 3072 236 3092 ²
264 3071 352 3106 Vide
378 3083 487 3116 supra
514 3084 547 3117 p.
566 3072 646 3106 448.
795 3071 807 3090 3
833 3071 865 3104 5.
892 3069 1060 3113 Augusti.

175 3135 487 3168 Braunsberger,
509 3135 620 3162 Canisii
641 3135 794 3169 Epistulae
817 3134 848 3159 ct
869 3134 954 3160 Acta.
981 3133 1031 3160 VI.
1543 3130 1588 3165 40
