2044 3335
713 121 913 167 Oeniponte
942 122 997 156 12.
1016 121 1175 166 Augusti
1196 121 1297 155 1567.
1841 123 1890 163 11

122 240 399 296 An[t]onium
425 241 767 283 Prouintialeml
800 255 962 294 negare
985 241 1108 283 nobis
1131 240 1374 282 huiusmodi
1397 253 1714 282 successorem:
1749 240 1775 281 J
1779 239 1897 292 gitur

120 308 239 348 illum
274 309 322 348 ut
346 305 608 348 Paternitati
641 308 744 348 tuae
777 306 988 349 scriberet
1020 321 1114 348 sum
1148 305 1371 353 hortatus:
1406 319 1505 346 nam
1530 308 1633 347 ante
1655 305 1896 347 studiorum

120 372 478 414 renouationem2
518 371 639 412 illum
682 371 781 413 hinc
821 371 979 413 dimitti
1013 385 1099 412 non
1131 384 1260 424 posse
1293 369 1394 412 dixi.
1460 369 1664 419 Queritur
1696 370 1749 411 de
1781 369 1897 411 illius

119 436 414 479 inconstantia
447 436 493 478 P.
522 436 712 486 Natalis,
748 439 795 478 ut
829 436 901 489 qui
933 436 1019 478 iam
1054 435 1258 485 Parisios,
1293 435 1380 477 iam
1412 434 1454 476 in
1489 435 1776 484 Rhenensem,
1811 434 1896 476 iam

120 502 163 543 in
205 501 426 554 Belgicam
470 500 768 550 Prouinciam,
820 501 1016 554 adeoque
1061 501 1117 543 ad
1158 514 1259 542 suos
1302 502 1514 553 cognatos
1556 499 1771 554 proficisci
1812 513 1897 541 non

120 567 239 621 cupit
279 566 420 616 modo,
463 566 540 608 sed
582 566 714 608 etiam
757 566 1032 608 mordacibus
1075 569 1120 608 et
1160 565 1400 607 minacibus
1433 565 1571 607 literis
1603 579 1762 618 urgere
1795 579 1897 606 con-

120 632 273 674 tendit.
318 631 509 674 Conatus
541 645 634 673 sum
669 645 801 685 saepe
834 631 955 672 illum
989 631 1044 673 ad
1077 630 1421 672 moderationem
1455 630 1586 672 animi
1613 634 1657 672 et
1680 630 1897 684 puriorem

120 697 393 739 obedientiae
434 696 727 750 praestandae
769 696 1041 738 uoluntatem
1076 696 1292 738 adducere
1306 694 1325 737 z*
1358 696 1435 737 sed
1468 695 1594 737 uideo
1627 709 1786 748 graues
1820 709 1898 737 na-

119 765 245 805 turae
277 762 465 816 impetus
498 764 542 803 et
574 761 768 803 natiuam
803 761 963 804 mentis
995 761 1329 804 instabilitatem
1363 761 1482 802 sanis
1514 760 1676 803 nostris
1699 760 1899 813 Consilijs

120 841 379 882 repugnare,
405 829 454 869 ut
476 826 666 881 seipsum
690 840 822 879 aegre
845 827 1033 877 uincere,
1069 828 1113 868 et
1135 826 1245 868 bene
1268 826 1544 869 monentibus
1568 839 1723 880 parere
1745 825 1896 879 possit.

120 893 251 935 Esset
284 892 456 945 quidem
488 892 604 933 illius
628 906 761 946 opera
783 891 882 934 huic
905 892 1111 945 Collegio,
1147 892 1304 934 saltem
1328 891 1383 933 ad
1407 905 1565 933 annum
1591 905 1735 941 unum,
1770 891 1899 932 ualde

121 960 380 1012 opportuna,
415 958 490 999 sed
524 971 674 999 carere
707 959 856 999 tamen
889 957 962 999 illo
996 957 1225 1007 malumus,
1265 971 1395 1010 quam
1429 971 1607 1011 prorsus
1639 955 1900 998 renitentem

120 1025 166 1065 et
209 1023 263 1065 ab
310 1023 392 1065 hoc
440 1023 534 1064 loco
583 1022 891 1065 abhorrentem
937 1022 1099 1065 diutius
1143 1022 1347 1065 retinere.
1411 1022 1537 1064 Jdem
1584 1021 1787 1063 iudicium
1833 1023 1901 1063 est

120 1088 166 1130 P.
199 1088 411 1138 RectoriS,
447 1087 519 1141 qui
551 1087 795 1129 huiusmodi
829 1090 1163 1142 praeceptorum
1196 1087 1540 1129 imbecillitatem
1574 1087 1900 1140 miseriamque³

120 1153 332 1208 deplorat.
397 1153 618 1207 Expectat
659 1153 833 1195 interim
874 1153 967 1207 ipse
1013 1156 1058 1195 et
1099 1153 1146 1195 P.
1189 1153 1409 1195 Rubertus
1455 1153 1738 1195 Paternitatis
1780 1153 1899 1194 Tuae

120 1233 387 1273 responsum.
451 1218 556 1260 Mihi
599 1232 704 1260 sane
747 1233 831 1260 non
873 1219 1018 1272 placet
1049 1218 1165 1260 illius
1199 1219 1394 1269 affectu&
1439 1233 1565 1272 quem
1599 1218 1653 1260 ad
1686 1218 1900 1260 iuuandos

120 1284 282 1326 amicos
324 1284 600 1326 immodicum
642 1284 800 1338 prodit,
846 1298 930 1326 non
971 1286 1062 1326 tam
1106 1284 1346 1337 Religionis
1389 1299 1515 1337 quam
1559 1283 1898 1338 propinquitatis

120 1350 314 1403 flagrans
347 1364 508 1400 amore,
544 1353 589 1392 et
620 1350 797 1391 nimium
832 1350 1064 1392 abundat
1096 1350 1144 1390 in
1178 1364 1268 1391 suo
1301 1350 1496 1392 sensu3.
1543 1349 1727 1391 Promisi
1748 1352 1898 1391 tamen

120 1429 188 1456 me
220 1429 305 1457 non
338 1415 659 1469 impediturum,
695 1430 778 1468 quo
812 1415 954 1456 minus
987 1415 1130 1465 abeat,
1166 1415 1200 1456 si
1235 1414 1298 1457 ita
1330 1415 1468 1456 uisum
1494 1415 1578 1457 erit
1600 1415 1720 1456 Tuae
1743 1415 1896 1457 Pater-

121 1480 264 1523 nitati.
303 1480 440 1522 Nouit
462 1481 582 1522 illum
605 1480 714 1522 satis
738 1480 784 1522 P.
805 1478 1123 1523 Euerardusb4.
1158 1480 1344 1533 Reliqua
1368 1481 1419 1522 de
1442 1480 1515 1522 illo
1539 1480 1702 1522 Rector
1724 1480 1898 1523 scribet.

238 1546 430 1588 Jacobus
464 1546 707 1588 Genuensis
740 1560 765 1587 a
799 1546 844 1588 P.
879 1545 1032 1588 Natali
1073 1546 1252 1588 relictus
1293 1546 1378 1588 fuit
1409 1546 1665 1588 Prouinciae
1708 1550 1898 1597 nostrae,

121 1612 169 1653 ut
200 1610 242 1652 in
277 1625 329 1652 ea
361 1611 501 1653 literis
533 1610 862 1653 humanioribus
890 1625 1067 1665 operam
1092 1611 1217 1653 daret
1230 1612 1258 1653 5.
1303 1611 1427 1653 Vixit
1450 1611 1565 1666 apud
1587 1626 1666 1653 nos
1689 1611 1899 1653 hactenus

120 1675 189 1729 pie
231 1678 276 1718 et
308 1676 541 1730 Religiose‚
585 1680 634 1719 ut
676 1676 773 1731 alijs
815 1676 946 1718 etiam
991 1676 1123 1719 fuerit
1160 1676 1463 1719 aedificationi.
1530 1676 1713 1731 Scripsit
1752 1680 1897 1720 autem

120 1741 175 1783 ad
208 1741 254 1784 P.
289 1742 526 1784 Polancum
559 1742 771 1796 proxime,
815 1743 1077 1784 confirmans
1116 1742 1229 1795 quod
1262 1742 1385 1784 nobis
1419 1756 1588 1796 quoque
1622 1742 1898 1795 significauit,

120 1806 269 1849 utilius
313 1807 640 1861 consultiusque
685 1807 821 1849 uideri
869 1807 964 1857 sibi,
1010 1807 1053 1848 in
1092 1807 1253 1850 Jtalico
1299 1807 1504 1860 Collegio,
1554 1810 1598 1849 et
1639 1809 1896 1862 praesertim

121 1872 298 1924 Rornae,
332 1887 412 1915 sua
444 1873 591 1916 studia
623 1872 837 1927 persequi.
882 1872 975 1914 Nos
1007 1887 1110 1914 uero
1144 1873 1260 1914 illius
1293 1873 1438 1915 studia
1470 1887 1726 1927 promouere
1758 1873 1898 1927 magis

120 1952 249 1991 quam
281 1938 490 1993 impedire
522 1940 723 1981 uolumus
756 1941 800 1981 et
833 1938 1052 1988 debemus,
1087 1938 1280 1980 secuturi
1313 1938 1478 1988 statim,
1513 1938 1719 1992 quidquid
1745 1939 1897 1982 Pater-

120 2003 235 2046 nitas
276 2007 354 2046 tua
396 2004 448 2046 de
488 2004 562 2046 illo
605 2004 817 2046 mittendo
861 2004 930 2045 uel
972 2003 1199 2045 retinendo
1243 2004 1533 2047 constituerit.
1597 2004 1691 2046 Nec
1733 2004 1894 2055 dubito,

121 2069 222 2122 quin
254 2069 447 2111 animum
480 2072 524 2112 et
556 2069 649 2124 ipse
681 2070 725 2111 in
758 2072 989 2123 utramque
1022 2071 1193 2123 partem
1226 2072 1429 2123 paratum
1462 2069 1636 2112 habeat.

239 2134 462 2177 Transtuli
496 2135 705 2188 quosdam
740 2149 795 2176 ex
828 2135 909 2176 hoc
941 2134 1133 2187 Collegio
1157 2134 1351 2185 Fratres,
1385 2135 1546 2189 partim
1579 2138 1627 2177 ut
1651 2135 1697 2178 P.
1721 2136 1897 2178 Rectori

119 2199 162 2240 id
195 2200 451 2251 consulenti,
485 2201 643 2255 partim
678 2203 726 2242 ut
759 2200 938 2254 Collegij
972 2200 1099 2242 huius
1131 2200 1456 2253 tranquillitati,
1491 2203 1536 2243 et
1567 2200 1757 2254 ipsorum
1794 2215 1899 2254 quo-

240 2286 268 2318 a)
289 2287 323 2311 In
345 2287 424 2311 areli.
445 2295 520 2312 corr.
541 2295 577 2312 e.r
597 2286 788 2313 misereatur,
881 2286 910 2317 b)
935 2287 1066 2319 Quinque
1089 2296 1129 2312 ιϊ.
1150 2296 1208 2319 sqq.
1230 2288 1265 2312 ab
1286 2288 1349 2319 ipso
1371 2289 1399 2313 C.
1420 2288 1523 2312 addita
1545 2291 1622 2312 suns.

246 2383 254 2402 ¹
280 2381 476 2416 Antonium
495 2383 613 2418 Vinck
641 2383 900 2428 provincialem
927 2383 1139 2417 rhenanum.

242 2435 256 2455 2
281 2435 381 2470 Haec
407 2436 474 2470 sub
501 2448 546 2470 m.
575 2436 769 2471 Octobrem
797 2435 856 2470 vel
882 2436 1124 2471 Novembrem
1151 2437 1274 2470 futura
1301 2439 1398 2477 erat:
1428 2437 1473 2470 cf.
1503 2438 1591 2470 Can.
1620 2436 1652 2469 ΙΙ
1678 2435 1771 2470 4382
1797 2436 1900 2470 4432.

242 2490 254 2509 3
280 2489 371 2523 Rom
400 2490 453 2531 14,
481 2490 513 2524 5.

241 2544 253 2562 ‘¹
280 2543 541 2585 Mercurianus,
578 2543 732 2586 Borgiae
770 2555 833 2588 pro
871 2543 1066 2578 Germania
1104 2546 1140 2577 et
1177 2542 1296 2577 Gallia
1327 2544 1560 2585 „assistens“,
1597 2542 1656 2586 qui
1685 2543 1901 2577 Germaniae

121 2596 301 2630 inferioris
328 2598 556 2642 praepositus
583 2596 817 2642 provincialis
844 2597 975 2631 fuerat.

242 2651 255 2669 ⁵
281 2650 451 2684 Iacobum
478 2650 718 2691 Genuensem,
754 2651 821 2684 sub
848 2650 1004 2684 medium
1033 2662 1064 2684 a.
1095 2651 1185 2685 1565
1222 2650 1357 2684 Romae
1384 2650 1419 2683 in
1448 2649 1665 2684 Societatem
1693 2650 1902 2691 admissum,

122 2703 273 2747 Borgias
299 2715 345 2737 m.
366 2705 530 2748 Augusto
561 2704 651 2739 1566
677 2704 713 2738 in
741 2704 971 2739 Germaniam
1000 2704 1220 2749 superiorem
1250 2704 1410 2745 miserat,
1438 2706 1477 2737 ut
1504 2704 1543 2738 P.
1571 2703 1693 2737 Natali
1720 2703 1901 2738 visitatori

121 2757 157 2791 in
183 2757 372 2792 scribendo
399 2761 435 2792 et
460 2758 541 2792 aliis
567 2758 676 2792 rebus
702 2769 846 2802 operam
873 2760 1097 2802 praestaret;
1126 2759 1181 2791 est
1200 2758 1306 2797 enim,
1329 2756 1447 2801 inquit
1464 2757 1541 2802 ipse
1559 2758 1716 2800 Βονρῖαε
1733 2757 1790 2791 23.
1810 2757 1901 2790 Iunii

124 2812 214 2846 1566
233 2811 355 2845 Natali
373 2811 546 2852 scribens,
577 2811 708 2853 „molto
736 2812 851 2845 buono
878 2816 915 2845 et
941 2810 1097 2845 discreto
1125 2814 1162 2844 et
1178 2811 1273 2845 buon
1291 2810 1456 2855 scriptor,
1484 2810 1679 2844 esercitato
1703 2810 1762 2844 nel
1780 2810 1902 2844 ufficio

122 2865 156 2898 di
175 2865 406 2899 secretario“.
446 2865 611 2899 Exeunte
630 2876 660 2898 a.
675 2865 767 2899 1566
788 2866 881 2898 inter
898 2865 1061 2898 novicios
1079 2864 1224 2908 collegii
1243 2864 1472 2898 monacensis
1491 2866 1686 2909 comparet,
1713 2863 1773 2897 ubi
1793 2864 1902 2898 etiam

124 2918 161 2953 Ρ.
182 2918 396 2952 Michaelem
414 2918 569 2952 Marium
588 2919 804 2961 magistrum
822 2918 1046 2952 noviciorum
1066 2917 1239 2952 adiuvare
1266 2929 1286 2951 a
1304 2917 1435 2951 Natale
1461 2918 1581 2951 iussus
1600 2918 1679 2951 erat
1698 2917 1731 2960 (*
1744 2918 1902 2961 Cataloy.

122 2983 259 3005 monac.
288 2973 441 3005 exeunte
469 2983 499 3006 a.
522 2972 613 3006 1566
639 2972 808 3016 scriptus,
835 2970 871 3004 in
900 2970 987 3006 GSO
1015 2972 1060 3006 66
1087 2971 1111 3005 f.
1135 2971 1367 3006 amaa—412³.
1408 2970 1593 3015 Epistolae
1620 2971 1659 3005 P.
1688 2971 1904 3014 Hieronymi

122 3025 246 3059 Nadal
272 3024 306 3059 S.
334 3025 366 3059 J.
394 3025 455 3066 III,
490 3025 630 3059 Matriti
661 3025 762 3065 1902,
790 3024 859 3059 200
886 3025 956 3058 224
983 3024 1051 3059 296
1080 3024 1177 3068 331).
1230 3024 1399 3058 Iacobum
1436 3023 1531 3058 hunc
1567 3024 1677 3057 etiam
1715 3024 1901 3066 „Iacobum

123 3078 166 3112 de
192 3078 373 3112 Leuant&
403 3080 573 3112 vocatum
600 3089 680 3112 esse
708 3078 902 3120 intelliges,
939 3089 1021 3112 cum
1049 3077 1224 3123 epistulas
1252 3078 1308 3112 23.
1338 3077 1495 3120 Augusti
1524 3077 1614 3111 1567
1642 3088 1661 3111 a
1689 3077 1821 3120 Borgia
1858 3077 1900 3110 ad

123 3130 305 3165 Canisium
334 3132 370 3164 et
398 3131 451 3166 18.
480 3131 701 3176 Septembris
731 3131 821 3166 1567
849 3131 893 3165 ab
921 3131 987 3165 hoc
1014 3131 1058 3165 ad
1085 3130 1188 3165 illum
1215 3132 1320 3165 datas
1347 3131 1441 3164 inter
1467 3142 1505 3165 se
1533 3130 1740 3164 contuleris.
