2044 3335
644 69 844 115 Oeniponte
870 71 926 105 29.
950 70 1159 105 Decembris
1187 70 1289 104 1567.
1765 72 1845 112 157

79 187 220 234 quaerit
245 187 380 231 aliquid
407 198 512 230 agere
540 187 634 222 circa
661 187 778 221 cibum
806 189 864 222 uel
891 190 1017 222 contra
1044 187 1265 229 munditiem,
1292 186 1351 220 uel
1377 188 1501 221 contra
1519 197 1742 220 communem
1770 197 1849 219 con-

78 241 315 281 suetudinem,
341 242 382 274 ut
407 242 527 274 tamen
553 240 705 284 placeat,
732 243 773 274 ut
799 243 835 274 et
853 241 971 281 alieni,
999 243 1035 275 et
1052 240 1233 285 peregrini
1252 241 1449 284 apparatus
1472 239 1683 283 saporisque
1699 238 1773 282 [sit]
1789 237 1849 282 [?],

79 297 116 329 et
142 305 222 329 cum
248 293 342 328 male
368 293 474 333 cedit,
501 305 565 337 per
591 305 724 336 coquos
750 305 830 327 sese
856 296 998 339 purgat,
1027 306 1071 327 ex
1090 304 1159 337 quo
1178 294 1314 327 factum
1334 295 1400 334 est,
1427 295 1468 325 ut
1485 303 1668 335 nunquam
1688 291 1848 335 quietum

80 347 241 391 Coquum
267 345 443 387 habuerit,
470 348 507 379 et
531 345 609 379 siue
636 346 735 387 haec,
763 347 839 380 siue
866 347 936 380 alia
963 347 1011 380 sit
1036 357 1156 387 causa,
1182 345 1253 379 scit
1277 345 1493 379 Reuerentia
1512 344 1555 379 V.
1582 344 1674 378 hanc
1700 344 1740 378 P.
1767 344 1850 378 Pro-

79 399 246 434 uincialis
271 398 354 433 hinc
380 398 546 432 abeuntis
572 402 708 432 certam
735 399 958 433 uoluntatem
991 399 1116 439 fuisse,
1151 410 1196 432 ne
1222 398 1392 442 deinceps
1427 397 1462 430 in
1490 397 1646 431 culinam
1681 408 1762 430 sese
1788 397 1849 429 im-

79 453 241 493 misceat,
267 452 330 486 sed
357 451 546 495 designata
572 452 711 486 fercula
737 452 916 486 communi
943 454 1021 486 arte
1046 451 1166 496 parari
1191 450 1352 496 patiatur
1366 451 1387 484 ¹.
1428 449 1598 484 Offendor
1624 453 1743 483 autem
1771 460 1851 492 gra-

81 505 239 546 uissime,
275 516 355 539 cum
391 505 562 539 aduertoa
589 504 749 548 Coquum
777 505 1134 549 dispensatoremque
1170 515 1190 537 a
1217 503 1435 537 Reuerentia
1461 502 1505 537 V.
1541 505 1666 536 contra
1700 514 1756 536 me
1791 514 1851 536 ex—

79 558 195 600 citari,
222 569 350 602 meque
376 557 411 591 in
437 557 515 599 hoc,
542 558 636 602 quod
658 557 770 600 (Deus
788 559 872 600 scit)
902 560 1049 603 propter
1075 568 1299 591 communem
1326 567 1451 600 pacem
1478 556 1852 600 tranquillitatemque

80 624 127 646 ex
154 611 355 646 obedientia
381 611 486 652 facio,
513 613 567 645 tot
593 611 783 656 calumnijs
809 612 1071 655 uerborumque
1097 609 1238 654 iniurijs
1265 609 1374 644 affici.
1426 609 1470 642 Et
1497 620 1578 642 cum
1605 609 1722 649 audio,
1757 609 1850 652 quod

82 666 117 699 in
143 665 212 699 hac
237 676 276 698 re
302 664 565 698 Prouincialem
592 676 661 697 non
688 668 799 705 curet,
836 664 896 708 qui
932 676 1001 698 non
1038 663 1154 708 possit
1187 664 1284 697 circa
1310 662 1399 696 haec
1426 661 1570 695 Rectori
1597 662 1852 706 praescribere.

80 719 160 754 Non
186 720 305 752 autem
334 729 491 762 unquam
518 717 737 751 Reuerentia
763 717 805 751 V.
834 719 963 762 questa
989 720 1056 755 est,
1092 728 1158 750 nec
1184 720 1225 749 ut
1251 727 1366 760 spero,
1402 715 1573 758 conqueri
1600 718 1728 760 potest,
1756 715 1850 758 quod

80 772 138 807 uel
165 773 201 806 in
226 772 515 815 sumptuositate,
543 771 601 804 uel
629 771 664 804 in
691 772 803 815 copia,
830 771 888 804 uel
915 772 950 804 in
976 769 1085 805 simili
1112 781 1149 803 re
1176 769 1246 803 alia
1273 768 1503 802 excesserim.
1623 768 1735 802 Paulo
1761 770 1852 812 post,

79 837 189 870 quam
215 824 371 858 ministri
397 824 555 858 officium
591 824 634 858 ad
670 836 727 857 me
763 824 924 858 delatum
960 824 1089 864 fuerat,
1126 822 1276 856 conueni
1312 833 1392 855 cum
1421 821 1575 865 quodam
1611 832 1657 854 ex
1691 820 1853 865 patribus

81 879 215 913 nostris
241 889 412 922 magnum
439 877 629 921 quemdam
656 878 809 911 amicum
838 879 1010 916 nostrum,
1037 875 1250 921 prudentem
1270 874 1379 909 etiam
1398 874 1525 913 uirum,
1548 873 1608 918 qui
1635 873 1853 917 intelligens,

80 932 174 976 quod
202 930 354 965 munusb
380 931 467 964 mihi
494 931 695 964 iniunctum
723 931 852 969 fuerat,
888 930 1031 964 dicebat
1065 941 1104 963 se
1130 928 1282 962 multum
1310 927 1348 962 P.
1377 927 1563 972 Lanoyum
1591 927 1750 969 diligere,
1788 937 1854 960 nec

82 988 225 1031 praeter
250 984 284 1018 id
311 985 346 1018 in
372 996 413 1018 eo
439 984 622 1028 requirere
649 984 742 1027 quod
770 995 893 1017 omnes
919 983 986 1017 sibi
1005 982 1167 1016 subditos
1193 993 1258 1016 suo
1278 980 1466 1015 metiretur
1493 980 1592 1025 pede,
1619 980 1854 1023 omnibusque

85 1038 130 1080 id,
158 1037 251 1083 quod
277 1049 341 1071 suo
367 1037 514 1071 robusto
541 1040 576 1071 et
602 1037 638 1071 in
665 1037 732 1071 hoc
750 1037 907 1070 enutrito
925 1036 1111 1071 stomacho
1130 1034 1348 1075 conueniret,
1375 1035 1600 1078 proponeret,
1628 1036 1664 1067 et
1689 1033 1855 1067 similiter

86 1092 122 1126 in
155 1090 305 1135 reliquis
339 1091 458 1130 rebus,
494 1102 601 1135 quam
635 1101 700 1135 par
736 1092 801 1130 est,
837 1090 1017 1123 duriorem
1052 1100 1132 1123 sese
1168 1088 1364 1128 exhiberet,
1401 1087 1684 1130 hortabaturque
1716 1098 1783 1127 me,
1815 1088 1856 1119 ut

85 1145 200 1190 patris
235 1144 413 1183 duritiem,
449 1147 621 1188 quantum
659 1155 811 1188 possem,
846 1143 1005 1183 lenirem,
1040 1154 1084 1175 ne
1119 1141 1265 1176 tandem
1301 1141 1486 1174 debilitate
1520 1142 1724 1174 nostrorum
1758 1140 1855 1173 uires

84 1198 361 1233 collaberentnr.
390 1226 395 1232 .
414 1225 443 1231 ..
471 1198 508 1232 3‘?
535 1197 570 1230 in
596 1198 732 1230 uestitu
758 1200 844 1241 puto
867 1200 1011 1241 patrum
1030 1198 1187 1229 mentem
1206 1206 1296 1236 esse,
1323 1197 1364 1228 ut
1382 1194 1559 1228 communi
1579 1193 1855 1227 consuetudinec

85 1252 273 1286 societatis
298 1251 524 1296 procedatur.
576 1250 730 1284 Videtur
765 1253 883 1284 autem
913 1249 1131 1283 Reuerentia
1158 1248 1201 1282 V.
1237 1259 1379 1292 semper
1405 1247 1649 1281 rusticitatem
1675 1247 1853 1290 quandam

88 1306 123 1340 in
150 1317 192 1339 ea
218 1307 321 1350 parte
347 1304 493 1345 ambire,
529 1306 569 1338 ut
604 1315 683 1337 cum
720 1316 834 1348 nuper
870 1315 933 1348 pro
968 1303 1128 1347 parchet,
1165 1313 1235 1346 quo
1261 1303 1301 1335 ut
1327 1301 1471 1344 uulgari
1506 1301 1657 1334 materia
1691 1300 1856 1334 societati

87 1361 232 1393 nostrae
255 1370 334 1392 cum
355 1357 499 1392 rusticis
526 1369 568 1391 ac
587 1357 828 1391 11100113111013(1
848 1357 1097 1397 usitatissima,
1125 1356 1270 1400 propter
1296 1355 1493 1395 leuitatem,
1521 1354 1753 1395 caliditatem,
1780 1356 1855 1386 tum

87 1414 234 1457 propter
258 1411 365 1457 pretij
392 1411 571 1445 uilitatem
598 1411 675 1444 fieri
702 1410 820 1444 solent
845 1413 986 1444 toraces
997 1410 1021 1449 2,
1058 1410 1145 1443 emit
1171 1420 1344 1449 crassum,
1376 1407 1619 1448 inflexibilem,
1646 1418 1794 1450 grauem
1821 1411 1857 1439 et

89 1477 215 1511 parum
252 1465 382 1499 caloris
417 1466 659 1499 continentem
696 1463 838 1503 Zwilch,
874 1476 944 1497 non
980 1463 1098 1497 uiliori
1133 1474 1219 1496 sane
1255 1462 1380 1506 pretio.
1416 1462 1572 1495 maxime
1610 1461 1640 1494 si
1678 1461 1857 1494 tincturae

87 1520 243 1565 pretium
279 1519 438 1560 accedat,
474 1530 581 1563 quam
610 1518 760 1563 parchet
785 1517 917 1551 habere
944 1517 1157 1562 potuisset3.
1208 1515 1263 1549 Ex
1290 1527 1359 1559 quo
1387 1515 1438 1555 fit,
1474 1517 1514 1548 ut
1548 1514 1680 1548 fratres
1716 1515 1858 1558 praeter

90 1573 167 1614 hoc,
194 1573 287 1617 quod
315 1572 392 1607 eius
410 1572 583 1606 materiae
610 1571 875 1606 inflexibilitate
895 1571 937 1604 ad
958 1571 1107 1614 quasuis
1126 1569 1330 1614 corporales
1349 1568 1637 1609 exercitationes,
1665 1567 1857 1611 ineptiores

88 1626 294 1668 reddantur,
332 1630 368 1660 et
393 1638 439 1660 ex
465 1626 620 1671 pondere
655 1625 752 1659 illius
779 1625 952 1659 materiae
979 1635 1111 1667 magna
1138 1622 1374 1657 melancholia
1411 1634 1452 1656 ac
1486 1621 1605 1655 taedio
1641 1621 1857 1659 afficiantur,

88 1682 127 1714 et
151 1680 202 1714 ita
228 1680 358 1721 tetrici,
385 1691 427 1714 ac
453 1680 485 1713 si
511 1679 627 1713 cilicio
654 1678 768 1712 induti
795 1680 924 1712 forent.
966 1677 1042 1711 Nec
1067 1689 1154 1711 sane
1181 1679 1345 1721 putarem
1373 1675 1596 1709 sacerdotem
1623 1674 1687 1708 tali
1716 1677 1856 1708 ‘toracee

88 1733 252 1767 indutum
280 1733 353 1767 ullo
379 1736 484 1778 pacto
511 1732 681 1767 brachiaf
707 1732 849 1766 eleuare
876 1743 991 1776 posse,
1018 1733 1081 1765 aut
1107 1731 1236 1764 saltem
1263 1741 1333 1764 non
1359 1729 1436 1763 sine
1462 1728 1651 1773 periculo.“
1695 1727 1811 1761 Multa
1837 1739 1857 1761 a

91 1790 229 1822 rectore
256 1787 427 1821 constitui
454 1787 534 1821 aliis
560 1798 630 1820 non
657 1786 853 1827 consultis;
885 1797 950 1828 „ex
969 1796 1039 1828 quo
1058 1784 1109 1823 fit,
1136 1788 1177 1818 ut
1203 1795 1311 1828 saepe
1337 1783 1444 1828 paulo
1470 1785 1551 1827 post
1577 1781 1749 1815 mutanda
1775 1781 1856 1818 sint,

90 1843 131 1875 ut
156 1841 292 1875 factum
320 1843 375 1875 est
409 1842 445 1874 in
472 1840 606 1885 templo
633 1840 675 1874 de
702 1840 847 1873 sedibus
874 1839 1150 1878 confessionum,
1188 1838 1283 1871 circa
1309 1848 1400 1881 quas
1432 1836 1503 1870 iam
1529 1836 1655 1870 crebra
1680 1836 1777 1868 facta
1804 1838 1859 1868 est

91 1895 253 1935 mutatio,
289 1894 427 1938 hocque
463 1894 642 1935 effectum,
677 1896 718 1927 ut
752 1892 904 1926 aemulis
940 1892 1155 1937 praebeatur
1189 1891 1365 1924 irrisionis
1392 1890 1543 1938 occasi0‚
1579 1888 1740 1922 honestis
1774 1899 1858 1921 uero

91 1948 367 1993 poenitentibus,
394 1951 434 1982 ut
460 1948 494 1981 in
522 1947 640 1981 nullas
666 1947 771 1981 sedes
797 1946 937 1989 ingredi
964 1945 1087 1986 uelint,
1127 1945 1190 1978 sed
1217 1945 1252 1978 in
1278 1943 1446 1977 sacristia
1472 1954 1551 1977 cum
1579 1953 1711 1985 magna
1736 1944 1860 1975 nostra

92 2001 257 2036 molestia
289 2002 404 2035 audiri
431 2013 470 2036 se
497 2002 657 2046 petant“.
690 2001 812 2045 lpsum
839 2001 947 2033 etiam
974 1999 1178 2033 ministrum
1205 1998 1347 2040 collegii
1374 2009 1395 2031 a
1420 1998 1559 2031 rectore
1585 1995 1777 2039 aliquando
1804 1996 1861 2028 vel

90 2056 154 2089 vix
181 2055 323 2089 admitti
349 2058 385 2089 et
410 2055 535 2095 audiri,
563 2054 621 2088 vel
647 2054 855 2096 ambiguum
883 2054 1023 2087 tantum
1051 2053 1192 2086 auferre
1219 2062 1450 2096 responsum:
1489 2050 1640 2084 eundem
1676 2061 1697 2082 a
1722 2051 1860 2082 rectore

94 2108 334 2152 „mendacem
362 2108 567 2150 delicatum,
594 2107 787 2152 superbum
814 2108 904 2141 etc.“
934 2106 1120 2151 appellari.
1175 2105 1237 2148 ,V.
1266 2104 1482 2138 Reuerentia
1507 2114 1650 2147 semper
1674 2102 1790 2136 tendit
1816 2102 1860 2136 ad

92 2164 267 2196 extrema.
319 2162 440 2196 Primo
467 2162 560 2196 enim
597 2161 633 2195 in
659 2161 757 2195 nullo
784 2161 863 2195 uult
889 2160 1185 2200 condescendere,
1221 2158 1307 2192 licet
1342 2158 1449 2191 facile
1484 2157 1665 2199 ingratum
1693 2158 1859 2189 euentum

89 2215 267 2261 conijeere
294 2216 426 2260 possit;
462 2221 588 2260 postea
614 2227 698 2249 uero
725 2215 832 2248 nimis
865 2214 966 2248 laxat
999 2214 1168 2254 habenas,
1201 2215 1242 2246 ut
1269 2212 1307 2245 Ρ.
1335 2211 1506 2246 Joannis⁴
1536 2210 1639 2243 Vitae
1665 2209 1791 2242 modus
1826 2211 1861 2242 et

90 2269 163 2303 alia
188 2271 401 2303 testantur.“
456 2269 607 2312 „Videre
634 2269 720 2302 licet
744 2269 852 2302 nimis
879 2268 1023 2302 crebras
1050 2267 1268 2301 mutationes
1295 2265 1389 2299 circa
1416 2265 1569 2298 fratrum
1596 2263 1760 2296 cubicula
1785 2262 1862 2296 siue

91 2323 260 2357 studendi
287 2323 365 2357 loca
392 2326 428 2357 et
446 2323 596 2357 officia.“
640 2322 712 2356 Res
738 2333 846 2366 saepe
873 2333 942 2355 non
970 2332 1049 2354 esse
1076 2321 1152 2354 suis
1178 2320 1266 2353 locis
1293 2319 1508 2357 collocatas3
1534 2317 1585 2350 ita
1611 2317 1720 2350 libros
1740 2315 1862 2349 biblio-

91 2376 230 2418 thecae,
269 2377 529 2419 „instrumenta
564 2376 783 2417 hortensia“‚
824 2386 933 2417 „vasa
968 2374 1177 2415 culinaria“,
1214 2374 1321 2417 idque
1356 2371 1507 2406 rectoris
1542 2370 1627 2404 vitio
1662 2370 1751 2403 fieri.
1807 2368 1861 2411 „Si

213 2454 240 2486 a)
271 2455 317 2478 Ita
344 2454 375 2478 in
401 2462 448 2485 ap.
469 2456 629 2477 correctum
649 2456 690 2477 est
711 2460 746 2477 ex
766 2451 922 2478 aduertor.
1016 2450 1043 2481 b)
1071 2457 1192 2475 munius
1218 2458 1265 2481 ap.
1359 2448 1384 2479 0)
1416 2450 1450 2473 In
1477 2456 1523 2479 ap.
1550 2455 1625 2471 corr.
1651 2454 1688 2471 eae
1712 2444 1863 2471 communi

92 2495 226 2521 mentem
246 2502 323 2521 esse.
415 2494 445 2526 d)
467 2495 607 2535 Sequi-tur
626 2493 766 2525 couueni,
786 2494 876 2519 oblite.
964 2496 991 2521 e)
1018 2492 1143 2517 tornace
1164 2500 1210 2523 ap.
1302 2491 1331 2521 f)
1358 2492 1419 2515 Hoc
1447 2498 1469 2514 r.
1490 2490 1524 2514 ab
1545 2489 1610 2520 ipso
1631 2490 1658 2513 C.
1679 2489 1711 2512 in
1732 2488 1864 2518 maraine

91 2538 227 2563 additum
247 2540 297 2562 est.

219 2640 226 2658 ¹
254 2638 408 2672 Dubium
437 2649 516 2672 esse
542 2649 611 2671 non
638 2639 769 2682 potest,
797 2637 882 2680 quin
903 2635 1052 2680 Crispus
1077 2634 1284 2678 significare
1312 2632 1412 2673 velit,
1441 2632 1634 2672 Canisium,
1661 2642 1742 2665 cum
1762 2631 1865 2665 Oeni-

94 2693 200 2736 ponte
227 2692 434 2725 visitatione
453 2691 594 2734 collegii
614 2690 779 2724 absoluta
798 2689 864 2723 sub
887 2690 938 2723 19.
955 2688 1111 2731 Augusti
1134 2688 1222 2721 1567
1242 2686 1368 2727 abiret,
1395 2686 1445 2719 ita
1471 2685 1663 2725 statuisse;
1691 2684 1737 2718 cf.
1755 2695 1865 2729 supra

215 2798 228 2819 ‘-’
254 2798 435 2832 Thoraces
456 2798 563 2841 (Can.
582 2797 632 2831 IV
653 2797 750 2841 349).
784 2796 928 2829 Thorax
949 2810 992 2825 Ξ
1011 2795 1271 2828 munimentum
1290 2792 1452 2837 quodvis,
1481 2804 1550 2836 quo
1577 2794 1705 2837 pectus
1730 2791 1867 2835 tegitur

94 2851 189 2895 (sive
216 2852 371 2886 ferreum
397 2851 455 2892 sit,
482 2852 560 2885 sive
586 2851 742 2890 laneum,
768 2850 845 2884 sive
872 2849 1003 2882 lineum
1033 2848 1129 2891 etc.).

215 2906 228 2925 ³
253 2905 452 2944 Parchend,
487 2904 671 2938 Barchent
706 2918 749 2933 z
786 2914 926 2947 pannus
961 2902 1184 2946 linoxylinus
1219 2900 1296 2934 sive
1334 2912 1378 2934 ex
1414 2899 1497 2933 lana
1532 2900 1575 2933 de
1610 2898 1708 2942 ligno
1743 2900 1867 2932 textus
1896 2917 1900 2922 ·

97 2958 244 3002 (gallice
285 2958 478 3000 „futaine“,
517 2958 658 3000 anglice
699 2957 907 2999 „fustian“).
962 2955 1105 2996 Zwilch,
1143 2954 1301 2988 Zwillich
1339 2968 1383 2982 z
1418 2964 1560 2998 pannus
1596 2953 1685 2986 bilix
1722 2951 1867 2995 (gallice

98 3012 264 3054 ,coutil“,
292 3011 434 3055 anglice
464 3011 678 3055 „ticking“).

215 3067 227 3085 4
255 3064 452 3109 Merquitii.
