2044 3335
494 91 589 126 Mon.
619 92 708 127 1067
737 91 814 126 sive
840 104 916 126 var.
939 92 1006 137 (3).
1049 92 1174 126 Mense
1202 91 1347 127 Octobri
1375 91 1477 126 1567.
1783 94 1865 134 719

99 205 294 240 reuerendo
329 206 426 247 uiro,
463 208 603 242 domino
629 208 676 243 M.
704 207 858 252 Georgio
895 208 1071 247 Codonio,
1108 218 1188 240 sese
1223 207 1258 240 in
1295 206 1455 240 doctrina
1493 205 1660 246 coelesti,
1697 217 1742 239 ex
1773 205 1869 240 ueris

100 257 259 293 fontibus
284 270 409 294 sacrae
437 260 642 306 Scripturae
669 261 808 295 institui
835 261 959 306 petijff
992 260 1040 306 (p.
1069 261 1089 294 8
1117 260 1167 302 9).

218 311 353 346 Deinde
380 314 578 348 Heshusias
602 326 641 348 se
667 326 712 348 ex
747 314 909 348 doctrina
935 314 1151 348 Iesuitarum
1187 312 1306 357 capita
1334 312 1508 356 quaedam
1536 315 1743 346 notaturum
1771 311 1867 353 dicit,

100 375 191 408 quae
210 365 419 400 Thornaeus
436 367 530 401 ferre
548 379 617 401 non
636 367 802 412 potuerit,
831 369 867 401 et
885 367 991 401 simul
1009 365 1217 400 testimonia
1235 365 1442 410 Scripturae
1459 365 1710 406 indicaturum,
1739 365 1868 409 quibus

100 417 160 451 ille
187 419 374 453 convictus
400 420 459 454 sit.
493 420 618 465 Neque
644 423 765 454 tamen
789 420 879 454 alias
906 420 1032 454 deinde
1059 419 1240 453 doctrinas
1266 419 1404 463 profert
1422 419 1635 459 Heshusius,
1663 429 1768 462 quam
1797 430 1868 459 eas,

100 482 191 514 quae
218 472 405 507 catholicis
431 474 595 508 omnibus
623 485 829 508 communes
856 475 941 510 sunt
968 474 1012 513 et,
1039 484 1080 506 eo
1107 471 1249 516 quidem
1276 474 1445 516 tempore,
1482 471 1669 506 catholicis
1705 471 1868 505 omnibus

100 524 186 558 vitio
225 526 461 560 vertebantur
498 538 561 572 per
596 526 771 560 Mathiam
807 525 968 560 Flacium
1004 525 1188 570 Illyricum
1227 527 1262 558 et
1300 525 1494 558 Martinum
1532 524 1773 558 Chemnitium
1800 526 1868 558 etc.

102 577 154 611 Cf.
191 579 316 621 Duhr,
359 580 432 613 des.
466 580 481 613 Ι
517 579 718 614 823-826.
770 579 846 622 Ego
884 590 999 624 pauca
1037 578 1095 612 hic
1134 589 1246 622 pono:
1290 578 1330 612 In
1370 577 1599 622 „blasphemo
1637 589 1701 612 suo
1741 578 1868 612 Cathe-

100 630 253 665 chismo“
293 651 339 656 —
374 633 633 667 catechismum
673 632 807 666 Canisii
845 631 1028 675 significat
1065 650 1111 655 —-
1149 631 1274 665 iubent
1314 631 1469 665 lesuitae
1509 630 1659 665 Sanctos
1697 631 1867 669 invocari,

103 683 247 728 „Neque
273 685 340 719 hac
366 685 498 729 insigni
525 686 560 719 in
580 686 693 720 Deum
712 685 928 719 contumelia
947 685 1116 725 contenti,
1143 695 1291 729 prorsus
1309 684 1462 718 Ethnica
1480 684 1654 718 caecitate
1674 687 1709 718 et
1727 687 1868 718 statuas

99 737 165 771 coli
183 737 328 772 uolunt“
353 738 400 783 (p.
424 739 597 783 10-11);
630 739 885 781 „idolomania“
907 737 997 772 haec
1016 739 1090 778 est;
1118 737 1274 771 lesuitae
1300 739 1385 771 sunt
1407 737 1672 779 „idololatrae“.
1714 737 1868 779 „Eadem

98 791 246 824 uesania
280 791 478 825 doctrinam
514 792 557 825 de
592 793 739 836 peccato
776 793 1019 836 corrumpunt,
1056 802 1125 834 qua
1152 790 1259 833 Legis
1295 791 1464 824 iudicium
1500 791 1713 825 mutilarunt
1747 794 1782 825 et
1817 792 1867 824 in-

98 842 302 886 frege1·unt“
336 844 383 889 (p.
414 845 495 887 14);
535 845 772 889 „reliquorum
799 844 1062 889 pontificiorum
1098 855 1195 878 more
1226 844 1305 878 ideo
1341 846 1541 878 extenuant
1574 845 1713 888 peccati
1740 844 1868 886 labem,

98 899 138 929 ut
163 897 282 931 aditus
308 897 380 931 illis
407 897 455 931 sit
481 897 621 931 facilior
647 898 691 931 ad
718 898 991 931 conuellendum
1010 896 1272 942 amplissimum
1299 897 1466 931 meritum
1486 897 1626 931 Domini
1653 898 1767 931 nostri
1786 897 1868 931 Iesu

99 948 242 991 Christi,
269 952 305 983 et
323 951 367 984 ad
385 950 644 984 uenditandum
663 963 808 995 operum
833 962 977 984 suorum
996 950 1252 995 spurcissimas
1270 950 1413 984 sordes“
1439 950 1488 994 (p.
1511 950 1583 993 15).
1628 950 1870 994 „Praestigias

99 1004 134 1035 et
159 1002 402 1047 blasphemias
420 1003 656 1037 Iesuitarum“
687 1003 897 1038 Thornaeus
924 1004 1031 1038 etiam
1059 1002 1294 1047 deprehendit
1320 1003 1353 1036 in
1375 1004 1532 1048 ipsorum
1552 1003 1595 1037 de
1613 1003 1868 1037 iustificatione

98 1055 259 1089 doctrina
288 1056 336 1100 (p.
359 1056 437 1099 17);
471 1060 660 1101 „expertus
686 1059 752 1096 est,
779 1057 868 1090 nihil
894 1057 1044 1098 futilius,
1080 1056 1169 1090 nihil
1195 1057 1334 1098 uanius,
1370 1056 1459 1090 nihil
1494 1057 1651 1102 ineptius
1678 1057 1776 1091 esse“
1806 1057 1870 1090 illa

99 1108 136 1152 (l.
164 1108 228 1149 c.);
265 1112 437 1154 expertus
464 1112 530 1150 est,
565 1109 615 1143 nil
647 1110 883 1151 „discriminis
910 1111 1095 1150 interesse,
1132 1110 1226 1143 inter
1252 1110 1484 1144 Ethnicorum
1521 1110 1784 1144 crassissimam
1819 1110 1869 1143 in-

96 1161 249 1202 scitiam,
277 1165 312 1196 et
338 1163 554 1197 Iesuitarum
581 1163 785 1197 teterrimos
812 1175 961 1197 errores.
1013 1163 1101 1198 Cum
1139 1164 1232 1197 enim
1269 1163 1304 1197 in
1341 1164 1552 1209 blasphema
1586 1175 1652 1198 sua
1680 1163 1869 1198 Catechesi

96 1215 320 1250 iuuentutem
338 1216 526 1250 instituere
546 1218 729 1257 conantur,
749 1216 879 1260 quibus
897 1217 1010 1250 modis
1029 1219 1178 1261 peccata
1197 1217 1397 1261 expientur,
1413 1217 1615 1252 huiusmodi
1634 1217 1869 1252 densissimas

96 1269 246 1303 nebulas
272 1281 334 1314 pro
362 1270 514 1304 ueritate
541 1270 739 1303 offundunt.
790 1270 925 1304 Multos
954 1270 1150 1314 (inquiunt)
1180 1270 1382 1304 huiusmodi
1409 1271 1532 1305 modos
1552 1298 1559 1304 .
1577 1298 1583 1304 .
1601 1298 1607 1304 .
1628 1283 1732 1305 sacra
1752 1271 1867 1316 Scrip-

96 1326 178 1356 tura
204 1323 307 1357 nobis
333 1324 367 1357 in
387 1323 550 1357 Ecclesia
575 1323 783 1368 proponit“;
812 1334 901 1367 quos
927 1323 1050 1357 modos
1077 1324 1242 1368 proponit
1269 1336 1313 1358 ex
1336 1325 1474 1358 Cam'sic‘
1493 1324 1639 1358 Summa
1660 1326 1720 1368 (cf.
1746 1325 1866 1367 „Cate-

97 1375 270 1410 chismum
289 1377 367 1410 sive
382 1376 564 1411 Summam
583 1377 765 1410 doctrinae
781 1376 1033 1418 christianae“,
1051 1376 1217 1411 Coloniae
1236 1378 1336 1417 1560,
1352 1378 1556 1419 200—2203
1576 1389 1690 1422 neque
1706 1378 1799 1412 enim
1814 1390 1866 1412 re-

97 1430 241 1472 cognita
267 1429 329 1463 illa
348 1430 514 1464 Summae
542 1430 706 1471 editione,
735 1441 825 1474 quae
852 1430 997 1464 ineunte
1016 1442 1047 1464 a.
1070 1430 1159 1464 1566
1178 1430 1213 1463 in
1232 1430 1347 1464 lucem
1367 1431 1507 1475 prodiit,
1527 1432 1669 1475 utitur).
1713 1431 1868 1465 Iesuitae

101 1483 326 1524 „uniuersum
345 1484 556 1517 beneficium
575 1483 639 1528 filij
655 1483 719 1517 Dei
738 1483 926 1528 sepeliunt,
947 1486 982 1517 et
1000 1487 1165 1517 sanctum
1184 1495 1312 1517 nomen
1331 1485 1408 1518 eius
1426 1485 1581 1519 abolent.
1610 1513 1615 1518 .
1631 1512 1637 1518 .
1652 1512 1658 1518 .
1672 1484 1868 1528 Flagitiose

97 1537 312 1580 detorquent
338 1537 518 1578 Esauitae,
555 1536 762 1582 Scripturae
798 1537 892 1570 dicta
913 1566 918 1571 .
941 1565 946 1570 .
969 1565 975 1571 .
1027 1538 1125 1571 Adeo
1162 1549 1206 1571 ne
1232 1540 1380 1571 satanae
1406 1538 1555 1582 spiritus
1582 1550 1646 1572 uos
1672 1538 1868 1581 sacrilegos

98 1592 134 1624 et
158 1591 316 1635 impuros
343 1591 496 1625 lesuitas
531 1593 757 1624 transuersos
794 1591 882 1633 agit,
917 1594 958 1624 ut
993 1591 1156 1625 audeatis
1192 1594 1459 1625 sacrosanctam
1496 1592 1671 1635 unigeniti
1708 1592 1771 1637 filij
1799 1592 1865 1626 Dei

98 1643 239 1677 Domini
265 1645 377 1678 nostri
400 1645 481 1679 Iesu
502 1644 634 1678 Christi
661 1644 874 1689 passionem,
902 1645 1149 1684 contumelias,
1177 1636 1338 1686 uerbera,
1366 1646 1542 1686 sudorem,
1569 1646 1730 1687 uulnera,
1758 1645 1865 1680 male-

98 1697 288 1731 dictionem
315 1700 350 1732 et
376 1700 525 1731 mortem
553 1697 705 1741 denique
733 1725 738 1731 .
761 1725 767 1731 .
789 1723 796 1731 .
823 1697 973 1742 pedibus
1000 1698 1221 1739 conculcare,
1249 1701 1285 1732 et
1311 1698 1517 1732 foedissimo
1537 1711 1596 1733 ore
1615 1710 1812 1744 conspuere
1824 1700 1862 1733 ‘?“

100 1777 105 1784 .
128 1779 133 1784 .
155 1778 161 1784 .
181 1750 336 1785 lesuitae
355 1751 539 1785 Thornaeo
570 1751 806 1795 „persuadere
834 1752 1065 1791 conabantur,
1093 1779 1098 1785 .
1122 1778 1128 1785 .
1149 1779 1155 1785 .
1176 1752 1387 1786 Pontificem
1414 1752 1613 1786 Romanum
1641 1755 1677 1786 et
1696 1752 1866 1793 Concilia,

98 1815 139 1838 ea
166 1804 384 1839 authoritate
416 1816 505 1845 esse,
540 1809 581 1838 ut
615 1804 723 1838 liceat
757 1804 829 1838 illis
856 1803 1078 1849 Scripturam
1114 1816 1178 1838 suo
1214 1805 1391 1839 arbitratu
1428 1817 1616 1850 exponere,
1646 1809 1865 1839 ...mutare

97 1860 324 1892 sacramenta
350 1870 370 1892 a
396 1858 468 1892 filio
499 1857 559 1892 Dei
586 1858 787 1892 instituta“.
840 1858 1055 1902 Pei-petrant
1085 1860 1235 1901 „tetram
1272 1859 1593 1904 prophanationem
1621 1862 1657 1893 et
1691 1860 1865 1893 audacem

98 1911 357 1946 mutilationem
384 1914 635 1946 sacrosanctae
666 1923 796 1945 coenae
824 1911 1049 1946 D01ninicae“
1084 1913 1132 1956 (p.
1163 1912 1331 1955 17—29).
1382 1913 1562 1947 Pontificii
1594 1916 1773 1955 „mortuos
1807 1913 1867 1946 ho-

98 1965 211 1999 mines
246 1965 282 1999 in
308 1966 481 2000 sacrificio
517 1966 699 1999 adm-anst.
752 1966 907 1999 lesuitae
948 1965 1264 2009 „exquisitissimis
1300 1967 1472 2011 conuicijs
1499 1966 1627 2001 Sacras
1659 1967 1784 2001 literas
1813 1968 1868 2010 (ut

98 2021 180 2062 pote
207 2030 297 2063 quae
324 2019 463 2053 illorum
491 2018 634 2053 ethnica
660 2019 764 2059 idola,
793 2030 941 2060 errores,
969 2018 1221 2063 blasphemias,
1249 2020 1397 2059 scelera,
1425 2023 1462 2054 et
1487 2020 1601 2054 omnis
1621 2020 1760 2064 generis
1787 2021 1866 2054 abo-

97 2072 310 2106 minationes
336 2073 573 2116 redarguunt)
600 2073 842 2118 proscindunt,
870 2076 905 2106 et
931 2072 974 2106 ab
994 2072 1150 2106 omnium
1170 2074 1284 2107 oculis
1312 2073 1434 2118 procul
1461 2086 1645 2108 remouere
1671 2076 1862 2108 conantur“

99 2124 148 2170 (p.
176 2125 344 2169 30-31).
408 2126 594 2160 Eduardus
636 2127 840 2168 „euidenter
878 2126 1151 2166 animaduertit,
1194 2127 1348 2161 lesuitas
1391 2130 1425 2161 et
1464 2127 1621 2171 reliquos
1663 2128 1867 2172 pontificiae

97 2179 333 2214 idolomaniae
351 2182 531 2224 patronos,
559 2192 644 2214 uera
663 2192 742 2214 esse
760 2182 909 2214 satanae
928 2180 1106 2224 mancipia
1126 2193 1133 2213 :
1154 2181 1215 2223 qui
1233 2180 1312 2214 ideo
1331 2192 1470 2214 omnem
1487 2180 1692 2226 Scripturae
1711 2181 1866 2215 authori-

97 2235 208 2267 tatem
236 2236 407 2273 euertere,
436 2236 471 2268 et
497 2233 562 2267 Dei
589 2234 737 2267 uerbum
763 2234 920 2267 aeternis
950 2233 1108 2267 tenebris
1145 2234 1294 2268 obruere
1321 2238 1505 2275 conantur,
1542 2237 1581 2268 ut
1606 2235 1775 2269 noticiam
1802 2234 1867 2269 Dei

97 2286 191 2320 inter
225 2285 387 2321 homines
422 2287 565 2332 penitus
597 2288 822 2330 extinguant,
857 2287 1059 2321 Ecclesiam
1087 2287 1220 2321 Christi
1252 2288 1359 2331 (quae
1396 2295 1452 2322 est
1487 2288 1651 2322 columna
1683 2288 1863 2333 ueritatis)

98 2340 311 2374 excindant“
345 2341 393 2385 (p.
421 2341 465 2375 33
491 2341 565 2383 41).

217 2393 425 2428 Adversarii
451 2394 562 2437 igitur
588 2405 646 2428 ore
665 2394 898 2428 confirmatur
924 2393 968 2434 id,
997 2393 1089 2437 quod
1108 2393 1299 2428 Societatis
1325 2394 1488 2428 homines
1514 2395 1742 2429 affirmarunt
1769 2395 1867 2439 (vide

97 2458 207 2491 supra
238 2459 271 2492 p.
299 2447 380 2490 30J:
420 2447 656 2487 Thornaeum,
693 2459 771 2481 cum
808 2447 914 2480 fidem
950 2447 1160 2481 catholicam
1198 2448 1356 2492 profiteri
1393 2451 1575 2487 renueret,
1611 2449 1681 2483 imo
1717 2449 1866 2483 eandem

97 2500 213 2544 planis
240 2500 360 2534 verbis
386 2500 610 2541 infitiaretur,
637 2500 672 2534 in
699 2500 889 2535 Societatis
925 2500 1076 2543 collegio
1112 2500 1294 2543 dilingano
1330 2512 1555 2545 nequaquam
1593 2502 1783 2536 crudeliter
1809 2502 1867 2536 vel

97 2553 233 2587 duriter
257 2553 418 2587 habitum
446 2565 536 2588 esse.
588 2554 686 2595 Quod
714 2566 799 2588 vero
820 2554 1017 2587 Heslmse'us
1043 2554 1242 2597 significat:
1270 2552 1506 2595 Thornaeum,
1534 2567 1614 2589 cum
1634 2556 1668 2589 in
1687 2555 1866 2590 Societate

97 2608 314 2647 versaretur,
342 2607 556 2641 testimoniis
584 2606 788 2652 Scripturae
815 2610 850 2640 et
876 2606 990 2640 sacris
1016 2607 1282 2651 precationibus
1314 2608 1486 2652 paulatim
1515 2620 1535 2642 a
1562 2609 1723 2642 doctrina
1749 2609 1867 2643 catho-

96 2660 165 2694 lica
192 2660 382 2694 abductum
412 2672 516 2695 esse:
536 2660 603 2695 hoc
629 2663 692 2695 aut
717 2661 832 2705 ipsum
860 2660 1080 2702 Thornaeus,
1107 2663 1170 2694 aut
1194 2661 1347 2695 lect-ores
1374 2661 1450 2706 ipse
1469 2662 1627 2696 celavit:
1647 2663 1866 2705 Thornaeus,

97 2717 135 2748 ut
162 2714 238 2758 ipse
264 2714 384 2748 fassus
420 2717 475 2748 est
504 2714 552 2757 (v.
581 2726 690 2759 supra
716 2727 748 2760 p.
776 2715 849 2758 30),
885 2725 1067 2758 nunquam
1095 2715 1129 2748 in
1157 2714 1335 2749 Societate
1363 2715 1538 2750 catholice
1566 2716 1697 2757 sensit;
1729 2717 1867 2751 ventris

97 2768 225 2812 potius,
253 2779 358 2811 quam
386 2768 554 2802 veritatis
579 2769 698 2803 studio
725 2769 759 2802 in
787 2779 864 2802 eam
892 2769 1078 2812 ingressus
1105 2770 1179 2807 est;
1211 2780 1274 2813 per
1300 2769 1388 2803 duos
1415 2781 1526 2804 annos
1553 2771 1736 2814 egregium
1763 2771 1798 2804 in
1826 2782 1867 2805 ea

97 2822 321 2867 hypocritam
349 2833 387 2855 se
413 2822 588 2866 praebuit.
640 2822 772 2856 Mirum
799 2833 896 2863 sane,
932 2833 1038 2865 quam
1075 2821 1268 2856 inhumano
1306 2824 1341 2856 et
1367 2824 1525 2857 mordaci
1561 2824 1700 2858 dicendi
1735 2836 1867 2867 genere

98 2874 299 2908 Heshusius
320 2877 458 2915 utatur;
486 2886 601 2919 neque
628 2879 749 2909 tamen
775 2876 810 2909 id
830 2875 985 2909 alienum
1005 2877 1082 2909 erat
1108 2875 1152 2909 ab
1171 2876 1247 2910 eius
1274 2876 1411 2916 indole;
1438 2889 1482 2910 ne
1502 2888 1581 2911 cum
1608 2878 1696 2922 ipsis
1723 2878 1867 2922 quidem

96 2928 381 2973 protestantibus
399 2940 523 2973 pacem
542 2929 732 2969 servabat;
759 2929 837 2962 ideo
865 2929 908 2963 ab
935 2929 980 2963 iis
1008 2932 1043 2963 et
1061 2929 1275 2973 compluries
1294 2930 1370 2963 loco
1389 2930 1514 2975 pulsus
1534 2933 1568 2965 et
1594 2932 1629 2965 in
1648 2932 1867 2965 famosorum

97 2982 238 3016 illorum
262 2981 527 3025 „theologorum
554 2982 797 3025 litigatorum“
823 2982 1206 3027 („Streittheologen“)
1236 2995 1424 3017 numerum
1450 2984 1587 3019 relatus
1613 2987 1684 3025 est;
1712 2985 1756 3020 cf.
1781 2987 1866 3020 Can.

96 3034 146 3069 IV
168 3035 257 3070 1020
288 3035 388 3070 1022.
423 3035 523 3077 Quod
549 3036 694 3070 tandem
721 3036 762 3069 ad
791 3047 849 3069 res
874 3037 972 3080 ipsas
992 3036 1131 3076 attinet,
1159 3048 1227 3070 non
1246 3039 1354 3070 vacat
1380 3037 1523 3080 singula
1549 3039 1732 3083 persequi;
1760 3050 1866 3083 quam

96 3100 165 3122 non
192 3088 240 3122 sit
265 3088 333 3122 fide
353 3088 492 3132 dignus,
520 3100 610 3130 cum,
639 3089 721 3132 quid
749 3089 903 3123 lesuitae
931 3089 1091 3131 doceant,
1119 3093 1273 3131 enarrat,
1301 3090 1391 3125 satis
1409 3091 1602 3126 ostendunt
1628 3104 1679 3134 ea,
1707 3104 1797 3137 quae
1825 3093 1866 3127 de
