2044 3335
158 104 240 144 728

156 233 211 261 ex
243 223 426 272 utroque
459 220 608 267 latere,
644 233 697 260 ex
722 219 873 271 quibus
896 220 1054 262 monti-

158 284 238 326 bus
261 298 400 337 aquae
424 284 710 326 decurrebant
732 287 939 337 tanquam
962 288 1052 327 tor—

153 352 300 391 rentes
334 383 340 391 i
375 348 531 390 fluuius
573 348 643 401 qui
684 351 779 391 erat
811 349 924 391 inter
955 349 1052 391 illos

153 416 334 462 monte-s,
365 413 560 466 quamuis
584 419 791 466 magnusa
814 417 941 464 esset,
967 429 1051 455 non

152 480 328 531 poterat
361 478 558 529 discerni,
593 479 694 531 quia
728 479 871 521 omnia
893 482 1050 533 pontus

153 546 290 592 erant,
336 546 380 585 et
420 543 463 584 in
505 544 577 585 uia
618 558 694 585 seu
739 544 895 587 semita
937 544 1050 586 ordi·

152 607 275 648 naria
317 608 549 649 currebant
590 621 730 660 aquae
765 608 819 650 ad
852 611 1048 650 uentrem

155 686 360 725 equorum
396 686 543 725 usque.
593 673 893 715 Antecedente
916 673 1050 727 igitur

151 737 326 788 rustico,
361 738 559 779 uolebam
595 752 674 791 ego
708 741 756 780 ut
783 739 829 781 P.
854 738 1048 780 Canisius

151 816 247 844 eum
271 806 538 856 sequeretur,
566 805 611 845 et
632 804 753 845 illum
777 804 929 845 deinde
953 817 1046 857 ego.

151 867 233 909 Sed
276 868 438 910 uoluitb
471 868 602 910 Pater
645 872 693 911 ut
735 883 815 922 ego
856 869 961 910 irem
1005 868 1048 910 in

150 932 305 984 medio,
340 933 558 975 confidens
591 948 700 986 equo
734 949 811 976 suo
836 948 961 987 quem
985 934 1048 975 di-

150 998 277 1040 cebat
310 1012 404 1040 esse
436 999 594 1040 bonum
628 1001 672 1041 et
695 1013 908 1042 securum.
953 999 1047 1052 Ego

151 1065 302 1105 contra
346 1064 617 1106 uoluntatem
662 1079 802 1107 meam
847 1064 961 1106 ibam
1006 1064 1046 1105 in

150 1128 305 1178 medio,
340 1129 440 1181 quia
472 1129 677 1171 timebam
712 1145 765 1171 ne
791 1129 953 1183 aliquid
977 1144 1047 1171 ac-

150 1192 313 1235 cideret
346 1194 391 1236 P.
426 1194 609 1245 06111610,
645 1195 757 1237 sicut
789 1198 944 1249 postea
977 1209 1049 1236 ac-

150 1257 266 1301 cidit.
356 1259 662 1312 Equitauimus
719 1260 774 1301 ad
830 1260 916 1302 tria
974 1262 1049 1302 aut

149 1326 336 1376 quatuor
375 1324 578 1366 milliaria
619 1325 804 1367 Jtalica⁰
835 1338 912 1379 per
952 1325 1049 1365 illas

149 1402 284 1441 aquas
324 1390 432 1431 satis
465 1403 672 1444 prospere
704 1404 783 1444 per
814 1390 915 1431 DEI
947 1404 1048 1442 gra-

147 1454 267 1504 tiam,
303 1458 346 1497 et
379 1469 459 1508 ego
490 1469 559 1496 me
582 1456 772 1497 solebam
798 1469 928 1509 saepe
952 1469 1048 1496 1161·-

146 1521 240 1561 tere
269 1522 318 1561 ut
341 1519 532 1562 uiderem
556 1521 770 1574 quomodo
792 1520 1049 1575 procederet

146 1583 193 1626 Ρ.
228 1584 436 1628 0611161116.
502 1586 584 1628 Sed
627 1600 712 1627 vna
744 1586 839 1628 uice
871 1589 1047 1628 uertens

146 1663 214 1692 me
264 1650 351 1692 uidi
390 1651 435 1693 P.
476 1651 718 1693 Canisiumd
762 1651 855 1693 fere
905 1654 1044 1694 totum

147 1715 270 1768 aquis
304 1719 567 1770 coopertum,
603 1731 686 1758 vno
716 1717 824 1770 pede
847 1717 890 1758 in
913 1720 1044 1767 terra,

147 1783 191 1822 et
223 1781 361 1823 altero
394 1781 438 1822 in
470 1782 651 1836 stapede
681 1782 794 1824 vnde
817 1782 938 1823 illum
961 1797 1046 1824 non

150 1847 322 1900 poterat
366 1847 612 1897 extrahere,
659 1847 858 1889 manibus
900 1851 1045 1890 autem

146 1911 326 1953 tenebat
347 1911 540 1953 habenas
563 1915 607 1954 et
630 1912 900 1967 ephippium⁸
923 1915 967 1955 et
983 1913 1045 1955 ita

145 1975 354 2018 haerebat
386 1991 470 2018 non
504 1978 655 2019 ualens
688 1977 885 2020 adiuuari
908 1992 987 2020 1166
1020 1993 1045 2020 a

145 2055 192 2083 se
232 2041 326 2095 ipso
368 2056 446 2083 nec
479 2057 504 2084 a
537 2043 673 2092 nobis,
717 2058 811 2084 cum
845 2043 947 2084 mihi
981 2044 1044 2085 di-

147 2109 265 2148 ceret
306 2106 378 2148 ille
410 2107 536 2149 homo
572 2107 643 2160 qui
677 2109 964 2151 antecedebat
997 2111 1044 2151 ut

146 2186 213 2213 me
247 2186 331 2213 non
364 2186 583 2214 mouerem
608 2187 662 2214 ex
686 2187 809 2227 equo,
844 2174 953 2215 alias
975 2188 1043 2216 me

146 2237 401 2279 subuersum
434 2237 485 2279 iri
519 2242 752 2291 antequam
785 2239 840 2280 ad
865 2239 1042 2281 Patrem

147 2302 363 2345 Canisium
416 2303 707 2345 adiuuandum
754 2304 1040 2358 peruenirem,

146 2369 190 2409 et
235 2367 299 2410 ita
347 2368 475 2410 credo
523 2368 717 2411 futurum
766 2369 895 2419 fuise,
946 2384 1041 2411 611111

146 2432 257 2474 6111111
311 2447 451 2486 aquae
504 2437 651 2476 essent
703 2434 945 2488 profundae
998 2438 1042 2477 et

144 2498 327 2548 ueloces‚
352 2498 645 2552 abripuissent
663 2502 706 2541 et
723 2514 792 2541 me
809 2503 853 2542 et
871 2514 1039 2553 equum.

144 2562 193 2604 In
215 2564 294 2605 tali
318 2577 422 2616 ergo
441 2565 646 2617 angustia
664 2565 926 2608 constitutus
945 2579 1039 2606 cum

144 2642 228 2669 non
266 2642 435 2682 possem
469 2629 663 2672 inuenire
696 2630 930 2672 remedium
963 2631 1041 2672 hu-

144 2706 331 2743 manum,
375 2708 470 2735 cum
502 2694 738 2748 lachrymis
770 2695 889 2737 illum
923 2696 1038 2738 DEO

145 2758 455 2801 commendaui.
503 2760 562 2801 Et
593 2774 693 2802 ecce
715 2760 841 2802 uideo
865 2774 890 2801 a
912 2761 1040 2813 longe

144 2820 358 2863 hominem
404 2838 628 2876 procerum
676 2825 748 2878 qui
789 2826 919 2879 pedes
961 2840 1038 2867 nos

145 2887 442 2937 antecedebat,
453 2891 519 2930 etg
528 2889 647 2943 prius
660 2890 817 2932 anobis
826 2891 944 2932 uisus
954 2905 1038 2933 non

262 2990 288 3019 a)
308 2989 422 3021 grande
444 2994 472 3017 C.

142 3039 240 3065 Padre
262 3042 290 3067 (¹.

146 3093 175 3125 g)
198 3094 232 3117 In
253 3095 277 3117 Α
299 3102 356 3117 cor)

554 2991 583 3023 b)
603 2994 772 3025 Sequuntur
794 3002 833 3018 ιϊ.
855 2994 886 3020 P.
906 2994 949 3025 ut,
975 2995 1064 3019 oblitt.

362 3044 389 3072 e)
412 3044 445 3067 In
466 3045 490 3068 A
511 3046 652 3076 sequitur,
673 3047 772 3071 eadem
793 3055 881 3071 manu
899 3047 1059 3078 scriptum:

360 3102 372 3118 ·.
394 3102 429 3118 es
450 3095 508 3126 qui.

779 101 874 135 Mon.
904 101 994 136 1070
1020 102 1098 136 sive
1124 112 1200 135 var.
1222 101 1287 144 (6).

1090 219 1319 258 dantissime
1340 221 1595 269 profluebant.
1627 221 1802 267 Flumen,
1823 221 1915 259 licet

1090 290 1223 333 altum,
1254 290 1354 338 quod
1375 293 1527 327 montes
1547 290 1818 337 interiacebat,
1840 291 1914 329 dis-

1087 359 1212 408 tingui
1252 373 1329 397 non
1370 363 1544 409 poterat,
1583 374 1747 410 namque
1786 361 1915 400 omnia

1087 434 1229 480 pontus
1272 433 1368 476 erat,
1410 433 1449 468 et
1485 430 1676 480 ipsaemet
1713 433 1816 469 uiam
1846 445 1915 482 per

1087 501 1239 549 regiam¹
1268 501 1520 538 decurrentes
1551 514 1674 550 aquae
1703 503 1833 551 Equos
1865 503 1914 540 ad

1087 571 1216 607 aluum
1254 584 1376 620 usque
1415 571 1648 610 ambiebant.
1694 572 1913 610 Praeeunte

1086 641 1205 689 igitur
1234 642 1388 687 Villioo,
1426 642 1507 680 dixi
1536 642 1645 680 Patri
1673 643 1840 689 Oanisi0‚
1870 647 1914 681 ut

1086 711 1197 749 iuxta
1227 716 1421 761 pergeret,
1452 725 1497 749 ac
1528 713 1690 750 subinde
1720 727 1779 751 me
1810 727 1913 751 asse-

1086 782 1185 819 clam
1199 783 1372 822 haberet.
1393 782 1448 820 At
1458 783 1577 821 Pater
1593 787 1754 822 econtra
1764 785 1912 833 Equum

1085 866 1195 890 suum
1225 853 1397 902 periculo
1426 854 1624 892 meliorem
1648 854 1846 899 dictitans,
1875 854 1914 891 id

1085 923 1195 960 aleae
1225 937 1285 961 me
1316 924 1446 961 subire
1466 924 1593 962 iussit.
1641 924 1734 961 Feci
1753 924 1914 970 inuitus,

1085 993 1185 1041 quod
1216 1007 1394 1042 angerer,
1428 1007 1477 1031 ne
1508 994 1597 1043 quid
1628 993 1784 1032 Canisio
1815 994 1914 1032 acci-

1086 1063 1213 1109 deret,
1252 1068 1296 1101 ut
1329 1077 1390 1101 me
1426 1064 1558 1102 docuit
1586 1068 1762 1103 euentus.
1820 1065 1915 1103 Cum

1084 1133 1161 1171 iam
1199 1134 1240 1171 in
1270 1135 1381 1183 aquis
1410 1135 1500 1181 tria,
1540 1148 1610 1173 seu
1639 1138 1806 1184 quatuor
1833 1135 1914 1173 11111-

1084 1204 1209 1251 liaria,
1240 1206 1323 1242 Deo
1354 1207 1524 1251 fauente,
1554 1218 1740 1255 prospere
1767 1205 1914 1243 emensi

1085 1287 1272 1320 essemus,
1313 1288 1383 1324 ego
1422 1289 1491 1325 pro
1529 1289 1636 1314 more
1675 1276 1723 1313 ad
1756 1276 1913 1314 Patrem

1085 1344 1285 1383 Canisium
1315 1358 1467 1391 uersus,
1507 1346 1586 1383 uidi
1617 1359 1702 1383 eum
1731 1359 1830 1396 pene
1857 1350 1914 1384 to-

1084 1418 1164 1453 tum
1195 1416 1305 1465 aquis
1337 1419 1526 1465 opertum,
1556 1417 1655 1465 pede
1682 1420 1811 1454 terrae
1832 1417 1913 1453 affi-

1084 1499 1197 1532 xum,
1247 1487 1371 1524 altero
1418 1499 1512 1524 uero
1555 1487 1708 1536 stapedi
1750 1490 1914 1524 eatenus

1084 1556 1364 1602 inhaerentem,
1387 1560 1430 1594 ut
1451 1557 1567 1594 auelli
1581 1557 1771 1606 nequiret,
1793 1557 1913 1594 mani-

1082 1628 1155 1664 bus
1184 1627 1374 1673 habenas,
1406 1631 1445 1665 et
1474 1628 1569 1665 selle
1601 1631 1719 1677 caput
1739 1641 1914 1677 premen-

1083 1701 1172 1743 tem,
1208 1701 1323 1747 atque
1352 1698 1409 1735 ita
1437 1698 1542 1736 omni
1562 1711 1722 1747 prorsus
1742 1699 1912 1736 humano

1083 1769 1313 1806 destitutum
1351 1769 1510 1814 auxilio,
1551 1782 1637 1807 611111
1674 1783 1799 1819 neque
1827 1770 1912 1819 ipse

1082 1853 1136 1885 66,
1176 1853 1301 1889 neque
1340 1854 1410 1878 nos
1445 1840 1572 1889 ipsum
1601 1841 1730 1889 aliqua
1759 1840 1911 1878 ratione

1082 1909 1269 1947 adiuuare
1308 1923 1524 1959 possemus,
1564 1911 1705 1960 quippe
1744 1924 1804 1948 me
1833 1924 1910 1948 mo·

1080 1982 1200 2018 nebat
1220 1981 1399 2026 Villicus,
1428 1994 1478 2018 ne
1499 1981 1698 2019 incassum
1719 1994 1909 2027 mouerer,

1081 2051 1171 2100 quia
1201 2055 1291 2088 ante
1321 2064 1436 2100 quam
1464 2052 1513 2088 ad
1533 2052 1690 2089 Patrem
1712 2051 1910 2089 Canisium

1079 2122 1359 2171 peruenissem,
1399 2123 1554 2160 futurus
1592 2122 1649 2160 illi
1688 2122 1909 2160 adiumento

1078 2193 1163 2242 ipse
1184 2194 1491 2241 submergendus
1514 2206 1654 2239 essem,
1675 2194 1775 2242 quod
1792 2193 1908 2230 facile

1079 2263 1301 2309 accidisset,
1334 2263 1461 2309 credo,
1499 2267 1660 2312 propter
1688 2266 1908 2311 turgentem

1078 2346 1265 2382 aquarum
1303 2333 1465 2382 copiam.
1524 2332 1769 2383 Quapropter
1805 2336 1910 2370 oumf

1077 2403 1138 2441 his
1167 2404 1207 2441 in
1237 2404 1431 2452 angustijs
1462 2417 1653 2447 uersarer,
1685 2407 1723 2441 et
1752 2404 1908 2441 Patrem

1078 2475 1162 2511 Deo
1210 2475 1395 2523 lacrymis
1439 2474 1758 2520 commendarem,
1806 2474 1908 2512 Ecce

1078 2544 1148 2581 tibi
1178 2557 1200 2581 a
1230 2545 1345 2592 longe
1384 2544 1496 2581 uideo
1531 2544 1725 2581 hominem
1755 2547 1908 2582 statura

1078 2627 1281 2670 procerum
1310 2627 1382 2652 nos
1411 2618 1676 2663 praeeuntem,
1707 2627 1816 2663 quem
1844 2627 1906 2651 ne-

1078 2697 1270 2734 quaquam
1297 2687 1414 2721 antea
1434 2696 1680 2721 noueramus.
1719 2684 1810 2733 Ipse
1831 2684 1906 2720 cla-

1077 2768 1150 2800 mo,
1190 2755 1301 2803 eique
1340 2767 1480 2800 annuo,
1520 2758 1563 2791 ut
1601 2754 1746 2800 ueniat,
1785 2754 1904 2799 venit,

1076 2826 1124 2862 ad
1145 2825 1302 2863 Patrem
1323 2825 1485 2870 accedit,
1508 2825 1808 2874 haerentemque
1828 2829 1905 2862 sta-

1076 2896 1173 2945 pede
1212 2895 1372 2942 exoluit‚
1413 2898 1452 2933 et
1482 2908 1631 2944 equum⁷
1670 2899 1709 2934 et
1737 2895 1904 2944 equitem

1144 2994 1170 3025 c)
1191 2993 1293 3025 miglia
1313 2993 1391 3019 delle
1411 2993 1517 3019 nostre
1538 2995 1566 3020 C.
1649 2993 1679 3024 d)
1701 2992 1763 3018 vidi
1783 2993 1803 3018 il
1823 2992 1904 3018 buon

1079 3045 1154 3078 (Den
1176 3045 1390 3078 sattelbogen).
1463 3046 1485 3075 1)
1506 3047 1539 3071 In
1555 3048 1582 3072 B
1601 3047 1734 3078 sequitur
1754 3046 1793 3077 in,
1814 3047 1905 3073 oblitt.
