2044 3335
712 96 857 131 Colonia
882 98 938 133 30.
959 98 1114 142 Augusti
1145 99 1247 132 1571.
1776 101 1860 142 471

96 213 279 266 relinqui
295 214 320 256 ¹.
386 214 468 256 Sed
503 214 826 266 (benedictus
860 216 1056 268 Deus2.)
1089 215 1194 257 nihil
1226 216 1529 269 impetrarunt.
1583 215 1863 269 Magistratui

96 278 365 320 occasionem
409 279 621 321 dederunt
662 280 877 322 scribendi
918 280 973 322 ad
1005 280 1234 322 Caesarem
1250 282 1278 322 3.
1342 281 1519 323 Vtinam
1560 295 1673 323 nunc
1705 280 1866 322 Caesar

95 343 233 384 zelum
266 343 580 385 Coloniensium
624 344 665 385 in
704 345 932 387 retinenda
963 345 1173 397 religione
1206 344 1387 398 antiqua
1419 345 1500 387 sibi
1542 345 1756 400 placuisse
1789 345 1865 386 de-

96 408 246 450 claret.
302 408 396 449 Vna
428 408 576 462 ipsius,
611 410 889 462 quantumuis
921 424 1071 464 parua,
1106 410 1295 464 epistola
1327 424 1508 462 magnos
1542 411 1709 453 animos
1741 409 1865 452 bonis

95 472 288 514 adderet.
353 473 395 516 Si
435 487 559 526 quem
593 474 637 515 in
669 474 770 516 aula
810 475 958 525 habes,
1002 475 1070 528 qui
1111 474 1153 515 in
1186 474 1267 516 hac
1300 489 1347 516 re
1380 474 1531 517 iuuare
1564 478 1709 528 queat,
1752 488 1865 517 nunc

95 537 193 591 piae
233 537 391 579 nutrici
433 540 565 580 tuae4
598 539 749 581 deesse
787 539 887 583 noli.
952 539 1217 581 Archiduces
1251 539 1457 581 Austriae
1489 540 1787 582 Ferdinandus
1820 541 1866 582 et

95 602 274 644 Carolus
296 603 483 645 nondum
508 604 619 645 ullas
641 604 965 647 exhortatorias
997 605 1150 647 literas
1172 605 1394 646 Coloniam
1418 604 1628 648 miserunt
1643 606 1673 647 5.
1725 605 1865 647 Gode-

95 666 253 708 fridum
280 668 550 722 Gropperum
583 669 795 712 athletam
829 669 987 711 fortem
1022 672 1066 711 et
1098 670 1141 711 in
1174 669 1255 710 hoc
1287 669 1570 711 certaminum
1605 684 1765 723 genere
1788 683 1866 711 ex-

94 732 326 774 ercitatum
360 737 462 776 ante
494 748 655 788 paucos
689 734 780 776 dies
812 749 928 776 mors
951 734 1075 776 nobis
1097 734 1294 777 abstulit.
1348 734 1472 787 Rogo
1504 749 1582 789 pro
1606 735 1751 776 anima
1774 734 1865 776 eius

95 798 231 839 Deum
275 812 468 852 precare.
532 799 656 841 Licet
687 813 773 840 non
806 799 1066 853 Theologus,
1109 800 1185 841 sed
1217 798 1497 853 Iurisperitus
1531 802 1660 849 esset,
1705 799 1865 853 optime

94 866 240 905 tamen
276 864 327 905 de
361 878 407 905 re
440 864 705 917 Theologica
739 865 932 914 merituS,
976 868 1020 906 et
1061 865 1225 906 amicus
1260 865 1492 907 Societatis
1525 867 1702 906 nostrae
1737 864 1820 906 fuit
1836 865 1865 906 6.

94 929 230 971 Recte
253 929 302 972 R.
329 929 376 971 T.
403 929 583 971 meliora
615 932 778 983 sperat,
812 929 848 971 si
871 929 1081 972 Catholici
1115 929 1419 984 praesentibus
1443 930 1569 972 malis
1592 929 1747 979 edocti,
1781 943 1867 971 non

93 994 231 1035 solum
266 1009 352 1036 una
374 1008 504 1035 manu
538 997 765 1046 gestarent
797 994 989 1047 gladium
1013 995 1068 1036 ad
1101 995 1248 1037 hostes
1272 994 1504 1036 arcendos:
1539 995 1614 1036 sed
1647 997 1691 1037 et
1724 993 1866 1036 altera

93 1061 294 1101 tenerent
336 1059 523 1113 lapidem
561 1059 616 1101 ad
661 1059 974 1102 aedificandum
1017 1060 1227 1114 templum
1269 1060 1454 1111 Domini,
1503 1059 1864 1114 quemadmodum

94 1124 317 1166 Israelitas
350 1124 521 1178 patriae
544 1124 774 1168 restitutos
807 1125 964 1167 fecisse
987 1125 1146 1167 scimus
1159 1126 1189 1168 7.
1238 1125 1523 1168 Verissimum
1557 1126 1599 1168 id
1633 1128 1714 1175 est,
1749 1127 1793 1168 et
1819 1126 1868 1166 ut

93 1190 172 1231 fiat
204 1189 320 1231 Deus
353 1189 587 1242 rogandus.
652 1189 817 1232 Notaui
859 1189 1091 1243 aliquando
1126 1205 1278 1245 pauca,
1322 1193 1367 1233 et
1400 1191 1451 1234 R.
1485 1192 1532 1233 T.
1566 1191 1746 1233 mittossz
1790 1190 1868 1232 sed

94 1256 198 1308 puto
232 1255 344 1308 quod
377 1269 517 1308 pauca
549 1255 657 1297 haec
690 1255 745 1296 ad
778 1255 1194 1298 aedificandam
1232 1256 1440 1298 domum
1475 1255 1724 1298 Domini9
1757 1255 1867 1297 mul-

94 1323 186 1362 tum
220 1320 484 1371 conferrent,
519 1320 554 1362 si
578 1320 805 1374 Episcopis
837 1335 1047 1375 persuasa
1080 1324 1239 1364 essent.
1296 1321 1572 1372 Praesertim,
1608 1321 1645 1362 si
1678 1324 1722 1363 et
1753 1320 1866 1363 ratio

93 1384 239 1438 aliqua
275 1385 455 1428 inuenta
496 1385 641 1436 fuerit,
685 1385 991 1428 protestantes
1024 1386 1247 1441 Principes
1283 1390 1327 1429 et
1360 1386 1650 1440 Magistratus
1684 1400 1867 1428 conuer-

96 1451 234 1492 tendi:
259 1454 515 1504 sequeretur
537 1451 634 1493 illos
657 1451 843 1505 simplex
866 1452 1050 1505 populus
1069 1453 1114 1494 1⁰.
1165 1453 1304 1506 Saepe
1328 1452 1430 1494 mihi
1452 1452 1496 1493 in
1519 1454 1709 1494 mentem
1733 1451 1866 1502 uenit,

94 1516 130 1557 si
154 1515 233 1557 uiri
268 1516 382 1558 docti
405 1517 538 1558 libros
560 1517 613 1570 ijs
636 1516 889 1559 dedicarent
912 1517 1163 1568 catholicos,
1198 1531 1310 1560 anne
1335 1518 1389 1560 ad
1413 1517 1696 1560 emolliendos
1719 1531 1866 1558 eorum

93 1581 260 1623 animos
292 1582 335 1623 id
368 1582 567 1624 ualeret?
629 1583 761 1624 Forte
795 1582 907 1624 enim
942 1583 1153 1636 legerent,
1188 1585 1233 1625 et
1264 1583 1378 1625 inter
1411 1582 1640 1637 legendum
1674 1582 1792 1624 Deus
1823 1582 1866 1623 in

94 1646 311 1688 mentibus
346 1649 624 1700 operaretur:
658 1661 743 1688 non
775 1647 838 1690 ita
865 1648 1021 1690 saltem
1054 1648 1289 1690 ueritatem
1322 1648 1517 1701 agnitam
1542 1649 1866 1698 auersarentur,

94 1714 142 1754 ut
174 1726 287 1754 nunc
320 1712 492 1765 dogma,
527 1712 639 1766 quod
672 1712 892 1767 ignorant,
928 1716 1197 1767 oppugnant.
1255 1713 1369 1767 Surij
1404 1711 1591 1768 [tom]us
1624 1712 1782 1756 tertius
1815 1712 1867 1754 de

216 1860 227 1879 ¹
253 1859 351 1893 Haec
377 1860 544 1904 epistula,
582 1861 638 1894 cui
674 1860 854 1906 principes
881 1860 1056 1895 electores
1083 1862 1270 1904 Augustus
1298 1860 1403 1903 Saxo,
1440 1860 1646 1895 Fridericus
1671 1860 1735 1894 ΙΙΙ.
1762 1859 1869 1894 Pala-

94 1912 204 1953 tinus,
233 1913 384 1947 Ioannes
412 1913 589 1957 Georgius
617 1914 976 1958 Brandenburgensis
1003 1915 1079 1949 suis
1105 1914 1271 1949 manibus
1298 1915 1441 1949 nomina
1469 1914 1768 1958 subscripserant,
1796 1914 1866 1947 iam

93 1965 150 1999 die
177 1966 320 2010 quidem
347 1966 404 2000 24.
433 1967 569 2011 Aprilis
595 1967 680 2001 data
707 1969 804 2008 erat3
831 1968 972 2002 senatui
1000 1980 1085 2002 vero
1113 1968 1307 2002 coloniensi
1334 1968 1468 2002 tradita
1496 1969 1551 2002 est
1580 1969 1634 2003 16.
1655 1967 1746 2001 Iunii
1777 1967 1865 2001 1571

95 2019 261 2062 (Hansen
286 2019 308 2054 l.
337 2032 366 2054 c.
394 2021 479 2054 597³
505 2021 604 2065 602).

214 2073 227 2092 2
254 2073 309 2107 Gn
339 2074 391 2115 14,
420 2074 475 2108 20.
528 2075 576 2108 Ps
604 2075 658 2116 17,
684 2075 749 2115 47;
779 2075 833 2115 65,
863 2075 918 2109 20.
971 2075 991 2108 2
1019 2075 1088 2109 Cor
1116 2076 1144 2116 1,
1173 2075 1204 2110 3.
1260 2076 1274 2109 1
1304 2075 1391 2109 Petr
1420 2076 1448 2117 1,
1477 2075 1497 2109 3
1525 2077 1592 2109 etc.

216 2128 228 2147 ³
254 2126 320 2160 Die
346 2127 402 2161 29.
430 2127 520 2161 Iunii
550 2129 637 2162 1571
667 2127 956 2162 Maximilianum
986 2128 1030 2163 [l.
1066 2131 1301 2171 rogaverunt,
1338 2131 1378 2163 ut
1413 2140 1452 2163 se
1479 2130 1673 2169 tutaretur,
1709 2128 1740 2162 si
1775 2127 1869 2161 forte

93 2191 114 2213 a
142 2179 355 2214 Geusiorum
382 2181 542 2225 patronis
568 2181 866 2226 impugnarentur
896 2182 1059 2225 (Hansenf
1086 2181 1109 2216 l.
1136 2194 1166 2217 c.
1195 2183 1310 2226 597³).

213 2235 226 2253 4
255 2233 307 2269 Cf.
335 2246 443 2279 supra
470 2247 502 2279 p.
521 2236 602 2269 415.

213 2288 227 2307 ⁵
253 2287 404 2322 Rethius
440 2288 510 2322 iam
547 2300 591 2322 m.
619 2288 821 2334 Septembri
858 2290 949 2324 1570
987 2289 1169 2323 Canisium
1206 2291 1412 2332 rogaverat,
1448 2291 1489 2322 ut
1520 2289 1692 2323 eiusmodi
1727 2288 1869 2323 litteras

93 2351 114 2374 a
140 2340 364 2375 Ferdinando
400 2344 435 2375 et
464 2341 592 2375 Carolo
619 2342 755 2376 dandas
782 2344 927 2376 curaret
954 2342 1005 2386 (v.
1033 2353 1143 2387 supra
1173 2354 1205 2387 p.
1233 2343 1332 2386 415).
1384 2343 1436 2377 De
1473 2341 1605 2376 litteris
1641 2341 1869 2386 imperatoris

94 2394 331 2438 impetrandis
355 2394 507 2429 Retbius
534 2395 589 2430 30.
611 2395 768 2438 Augusti
791 2396 877 2429 1571
907 2396 951 2430 ad
980 2396 1125 2430 Patrem
1151 2407 1293 2440 quoque
1320 2395 1489 2430 Iacobum
1508 2394 1767 2429 Avellanedam
1787 2394 1868 2429 S.J.

94 2446 231 2481 Mariae
258 2448 500 2493 imperatricis
526 2448 788 2482 confessarium
815 2449 961 2494 scripsit
991 2449 1157 2492 (Hansen
1182 2449 1205 2483 1.
1234 2461 1263 2483 c.
1291 2449 1509 2492 602—603).

215 2501 228 2521 ⁶
254 2502 490 2535 Hermamzus
515 2514 537 2535 (ι
564 2503 765 2545 lVeinsbery
791 2502 1006 2536 coloniensis
1033 2502 1247 2546 illorumque
1274 2504 1476 2547 temporum
1504 2501 1666 2545 aequalis
1694 2501 1729 2535 in
1756 2501 1868 2535 diario

93 2556 205 2596 notat,
233 2566 313 2588 eum
344 2556 397 2589 10.
425 2555 583 2598 Augusti
613 2556 700 2589 1571
730 2558 911 2589 mortuum
939 2567 1037 2596 esse,
1075 2556 1161 2590 item
1187 2556 1325 2597 scribit,
1353 2568 1432 2590 eum
1464 2555 1703 2598 „ordinarium
1730 2555 1764 2588 in
1789 2554 1869 2600 jure

94 2607 264 2642 canonico
283 2608 457 2653 primum¹‘
483 2609 535 2652 (in
555 2608 794 2643 universitate
813 2609 1023 2652 coloniensi)
1055 2612 1164 2653 atque
1183 2609 1445 2654 archiepiscopi
1463 2608 1678 2643 coloniensis
1705 2610 1740 2642 et
1767 2609 1869 2643 ducis

93 2661 300 2696 iuliacensis
336 2662 581 2696 consiliarium
617 2662 731 2696 fuisse
761 2662 993 2706 (Ho'lzlbazcm,
1030 2663 1131 2696 Buch
1157 2663 1377 2706 Weinsberg
1412 2662 1445 2696 ΙΙ
1480 2662 1579 2705 220).
1630 2663 1711 2707 Ipse
1749 2663 1868 2696 autem

94 2716 242 2749 Rethius
278 2715 313 2749 in
359 2715 745 2761 *„Ephemeridibus“:
790 2717 854 2758 „10
894 2717 1051 2759 Augusti
1091 2717 1254 2750 Mortuus
1293 2719 1349 2750 est
1387 2715 1594 2760 Gropperus
1631 2715 1761 2755 senior,
1789 2742 1796 2749 .
1826 2744 1831 2749 .
1863 2744 1868 2748 .

95 2768 204 2802 Pater
243 2768 428 2803 Godefridi
466 2768 642 2815 Gropperi
690 2769 839 2803 iunioris
878 2769 1087 2803 scholastici
1125 2781 1154 2803 s:
1188 2769 1380 2804 Gereonis“
1425 2769 1526 2812 (cod.
1563 2768 1676 2803 colon.
1707 2768 1870 2811 ,Reth.“‚

95 2821 184 2866 Eph.
212 2822 237 2855 f.
264 2822 354 2865 50³).

215 2876 226 2895 ⁷
254 2875 307 2909 Cf.
334 2876 354 2909 2
381 2875 450 2910 Esr
475 2877 507 2917 4,
538 2876 687 2911 15—23.

215 2928 227 2947 3
254 2927 353 2963 Haec
379 2931 461 2973 post
486 2929 600 2974 ipsam
628 2929 721 2963 hanc
748 2928 942 2974 epistulam
968 2931 1155 2974 ponentur.

215 2983 227 3001 ⁹
254 2982 338 3025 Agg
368 2983 396 3023 1,
425 2982 465 3023 2;
493 2983 538 3017 cf.
570 2984 584 3016 1
614 2982 683 3017 Esr
708 2983 740 3024 6,
768 2983 788 3016 3
816 2985 883 3017 etc.

206 3035 231 3054 ¹⁰
262 3035 358 3076 Vide,
385 3047 476 3079 quae
503 3036 546 3069 de
566 3037 730 3080 Augusto
750 3036 928 3070 Saxoniae
947 3035 1107 3080 principe
1134 3034 1289 3070 electore
1308 3035 1550 3069 convertendo
1577 3034 1644 3069 hoc
1671 3035 1748 3080 ipso
1776 3046 1869 3069 anno

92 3088 227 3122 tentari
253 3090 380 3133 coepta
405 3091 502 3131 sunt,
528 3089 633 3132 infra,
661 3101 756 3125 mon.
784 3101 860 3124 var.
891 3089 982 3132 (23).
