2044 3335
649 93 817 137 Augusta
834 93 941 128 Vind.
964 93 1016 128 16.
1036 92 1172 138 Aprilis
1192 92 1295 127 1569.
1773 93 1858 134 303

86 211 270 266 pecunia
302 210 466 252 Romae
507 212 784 265 persoluatur
824 211 866 252 in
905 211 1006 253 noui
1041 210 1193 264 templi
1226 209 1415 263 gratiam
1432 211 1458 252 1.
1523 208 1725 251 Nondum
1760 223 1860 250 con-

87 279 191 325 stat,
227 275 398 328 quando
428 275 644 318 Bauariae
668 276 875 329 Princeps
908 279 952 318 et
974 275 1199 328 Reginae2
1232 289 1355 316 suam
1388 276 1557 328 partem
1590 273 1727 316 uelint
1760 287 1860 315 con-

86 340 292 383 tribuere.
347 339 477 381 Breui
509 340 867 394 proficiscendum
903 340 1011 382 erit³
1042 340 1145 381 mihi
1175 338 1466 389 Monachium,
1501 338 1573 380 ubi
1607 338 1658 380 de
1690 341 1837 380 mente
1849 338 1863 357 ‘³

87 405 298 458 Principis
331 405 539 447 certiores
571 406 814 455 reddemur,
850 405 950 458 quid
984 405 1098 447 circa
1121 404 1245 446 binas
1268 404 1420 446 literas
1443 404 1497 446 ad
1520 403 1639 445 illum
1665 417 1720 445 ex
1743 403 1862 445 Vrbe

91 469 279 524 scriptas
312 469 434 511 nobis
468 469 575 512 uelit
608 470 858 512 concedere.

206 534 399 576 Adiunxi
431 535 582 577 literas
616 534 800 576 Domino
834 535 957 577 Card.
994 534 1166 576 Amulio
1198 533 1310 587 [etc.,
1345 538 1390 575 ut
1423 548 1556 588 supra
1586 549 1628 589 p.
1654 533 1778 587 301]

205 599 304 641 Jam
339 602 441 641 ante
473 599 628 654 scripsi
660 600 886 641 Leonardo
922 600 1033 654 lete„
1068 605 1114 642 ut
1145 614 1279 655 supra
1307 614 1351 654 p.
1377 598 1503 651 300J.

208 665 369 706 Gratus
411 664 533 706 nobis
575 664 659 707 erit
700 665 916 707 aduentus
957 665 1003 708 P.
1028 664 1210 706 Joannis
1244 663 1375 717 Angli
1418 666 1463 705 et
1494 663 1697 716 Magistri
1738 662 1862 704 noui-

85 729 244 771 tiorum
287 743 374 771 una
415 744 509 771 cum
543 729 740 771 Cornelio
774 729 963 772 fratre3:
1008 743 1115 783 quos
1148 743 1297 771 omnes
1339 729 1422 769 huc
1456 729 1601 770 saluos
1633 728 1863 781 peruenire

91 793 260 836 Christo
295 795 402 836 duce
435 808 672 848 speramus.

205 860 346 913 Vrget
378 859 603 901 Archidux
636 874 730 900 cum
764 860 984 902 sororibus
998 861 1027 910 4,
1061 862 1110 902 ut
1142 859 1188 902 P.
1212 859 1405 901 Paulus5
1438 858 1671 913 Oeniponti
1704 858 1864 901 diutius

85 924 278 975 haereat,
322 924 441 966 cuius
483 924 615 966 etiam
659 924 882 966 consilium
923 928 1080 979 petunt
1119 924 1164 966 in
1197 924 1393 966 Hallensi
1431 924 1621 977 negotio,
1665 926 1710 966 et
1743 923 1863 965 cuius

87 1003 263 1043 operam
296 990 540 1043 complures
573 992 787 1044 expetunt
819 990 873 1031 ad
907 1004 1062 1032 munus
1094 989 1137 1030 in
1169 989 1378 1043 parochia
1411 989 1703 1039 contionandi,
1747 989 1862 1031 sicut

87 1055 132 1097 P.
156 1054 343 1096 Lanoius
375 1068 514 1108 nuper
539 1054 682 1097 isthuc
714 1055 982 1109 perscripsit.
1026 1055 1192 1097 Deinde
1216 1054 1390 1096 difficile
1424 1054 1569 1105 fuerit,
1605 1055 1650 1097 P.
1672 1055 1862 1096 Wende-

83 1119 247 1161 linum6
279 1119 550 1173 Augustanis
583 1120 764 1174 eripere,
800 1124 844 1162 et
877 1120 1109 1175 Oeniponti
1141 1120 1373 1162 Rectorem
1406 1120 1650 1162 instituere.
1715 1120 1863 1162 Habet

86 1198 138 1226 ea
171 1199 241 1227 res
273 1199 356 1226 non
392 1185 573 1239 exiguas
606 1185 686 1226 hoc
708 1188 905 1239 tempore
929 1186 1224 1229 difficultates.
1269 1185 1368 1227 Non
1400 1200 1553 1239 parum
1578 1185 1862 1236 effecerimus,

86 1250 121 1291 si
146 1249 454 1292 Mauritianam
480 1250 733 1293 cathedram
768 1250 978 1293 hactenus
1002 1254 1271 1305 occupatam,
1295 1251 1408 1292 bona
1431 1251 1603 1304 quidem
1627 1251 1863 1292 amicorum

85 1315 215 1357 venia
255 1316 563 1369 relinquamus.
628 1316 720 1366 Qua
752 1316 795 1357 in
828 1330 875 1358 re
907 1331 1019 1358 nunc
1053 1317 1237 1358 multum
1269 1316 1432 1358 laboro.
1497 1316 1721 1359 Notarunt
1753 1316 1862 1358 Con-

87 1381 305 1422 sultores7
345 1380 432 1423 alia
474 1381 604 1423 etiam
638 1380 962 1435 impedimenta,
1007 1395 1061 1423 ex
1101 1382 1255 1435 quibus
1288 1381 1565 1431 concludunt,
1610 1382 1655 1424 P.
1680 1381 1862 1423 Paulum

85 1459 298 1498 nusquam
325 1446 488 1489 rectius
519 1446 600 1488 hac
623 1448 807 1495 aestate,
843 1461 970 1500 quam
996 1446 1226 1500 Oeniponti
1260 1460 1389 1500 posse
1422 1447 1602 1497 uersari,
1636 1446 1728 1488 siue
1761 1460 1863 1488 con-

85 1511 279 1553 tionetur
310 1511 455 1562 etiam,
490 1512 581 1554 siue
614 1526 712 1555 non.
757 1511 874 1562 Quod
901 1514 1046 1555 autem
1070 1512 1125 1554 ad
1157 1512 1403 1566 prouintiae
1436 1512 1562 1554 huius
1596 1511 1861 1566 superiorem

86 1579 280 1631 spectat,
328 1577 571 1620 consultum
616 1577 709 1619 fore
755 1581 954 1628 censent,
1002 1578 1289 1620 Paternitatis
1332 1577 1379 1620 T.
1424 1578 1688 1620 sententiam
1732 1580 1863 1630 atque

87 1655 341 1696 responsum
385 1642 628 1696 expectari,
671 1642 923 1696 priusquam
966 1643 1046 1684 hoc
1088 1657 1156 1685 me
1199 1656 1377 1684 munere
1419 1643 1628 1693 abdicem,
1672 1642 1864 1695 illudque

87 1706 352 1749 transferam
384 1707 427 1748 in
460 1708 661 1749 humeros
686 1708 730 1750 P.
756 1707 892 1759 Pauli,
928 1710 976 1750 ut
1009 1707 1079 1761 qui
1114 1707 1288 1758 diutius,
1324 1708 1377 1750 ad
1401 1707 1670 1750 Autumnum
1698 1707 1864 1749 scilicet

88 1786 236 1825 usque,
265 1772 426 1815 Rector
451 1772 682 1827 Oeniponti
707 1773 866 1815 debeat
888 1787 1184 1827 perseuerare,
1220 1788 1270 1815 ac
1295 1773 1448 1815 deinde
1470 1773 1579 1815 satis
1602 1772 1865 1828 tempestiue

88 1837 272 1890 collegia
304 1837 484 1880 uisitare
527 1841 571 1880 et
603 1839 658 1880 ad
690 1838 878 1892 priorem
912 1839 1333 1882 administrationem
1367 1839 1509 1881 redire
1542 1839 1692 1893 possit.
1757 1839 1863 1880 Cae-

87 1905 228 1944 terum
270 1902 313 1944 in
345 1903 590 1946 Autumnoc
629 1907 788 1958 putant
824 1905 867 1947 P.
894 1904 1133 1946 Gerardum
1149 1906 1179 1956 8,
1221 1904 1292 1958 qui
1330 1905 1604 1946 necessarius
1637 1918 1750 1946 nunc
1783 1903 1861 1945 Mi-

88 1967 226 2009 nister
258 1970 326 2010 est
348 1968 547 2011 Rectoris
569 1969 833 2023 Dilingani9‚
868 1970 1158 2024 Oenipontum
1191 1984 1319 2024 posse
1343 1970 1470 2021 mitti,
1506 1973 1550 2012 et
1572 1970 1728 2011 ibidem
1753 1970 1864 2011 Rec-

88 2036 229 2075 torem
262 2047 393 2086 agere
425 2034 560 2077 multo
593 2035 767 2085 rectius,
803 2050 932 2088 quam
956 2036 1002 2078 P.
1022 2036 1078 2077 W
1083 2036 1342 2086 endelinum‚
1378 2037 1454 2078 aut
1487 2035 1684 2089 quemuis
1716 2035 1862 2077 alium.

90 2098 211 2140 Haec
253 2099 472 2142 sententia
504 2100 806 2143 Consultorum
850 2101 1006 2150 effecit,
1049 2104 1099 2143 vt
1140 2102 1194 2143 ad
1231 2101 1419 2143 maiores
1461 2104 1604 2143 motus
1637 2101 1864 2143 euitandos

90 2177 269 2217 pergam
292 2164 336 2205 in
359 2164 578 2218 prouintia
601 2165 662 2207 sic
690 2166 1048 2216 administranda,
1084 2181 1306 2220 quousque
1329 2167 1602 2221 responderit
1635 2167 1687 2208 de
1721 2166 1864 2208 animo

89 2242 167 2270 suo
199 2229 246 2272 P.
282 2229 329 2272 T.
387 2230 481 2272 Nec
513 2230 711 2274 omittam
745 2231 917 2274 interim
952 2232 1168 2287 Centurijs
1200 2232 1476 2286 perficiundis
1510 2246 1686 2286 operam
1721 2231 1863 2282 dared,

90 2297 300 2347 quantum
324 2309 404 2348 ego
428 2295 601 2348 quidem
633 2299 786 2350 potero
819 2311 897 2351 per
920 2297 1243 2352 occupationes,
1278 2297 1480 2340 Scribent
1513 2300 1558 2340 et
1579 2297 1661 2352 ipsi
1684 2297 1863 2338 Consul-

91 2362 221 2409 tores,
256 2362 305 2402 vt
335 2360 463 2402 isthic
496 2361 548 2402 de
581 2375 627 2403 re
659 2365 755 2404 tota
786 2362 947 2405 rectius
976 2364 1271 2406 concludatur.
1328 2363 1514 2405 Tantum
1549 2363 1660 2404 bono
1694 2362 1864 2416 publico

210 2441 239 2473 a)
261 2442 430 2473 Sequuntur
449 2450 492 2466 vv.
513 2441 545 2466 P.
565 2441 659 2468 Paulo
681 2441 743 2473 aut,
763 2451 780 2467 a.
802 2444 830 2467 C.
851 2443 941 2468 oblfitt.
1007 2442 1034 2472 b)
1056 2444 1081 2468 A
1104 2444 1131 2468 C.
1153 2452 1228 2469 corr.
1249 2452 1286 2468 eat
1306 2442 1426 2469 mentis.
1490 2444 1515 2475 c)
1537 2444 1583 2468 Ita
1605 2444 1633 2468 C.
1654 2444 1715 2474 ipse
1736 2443 1866 2468 correxit

91 2491 127 2508 em
146 2482 296 2515 Augusto.
365 2482 395 2515 d)
417 2484 475 2509 Sea·
495 2492 537 2508 vr.
557 2491 616 2515 sqq.
638 2492 655 2508 α
677 2485 704 2508 C.
725 2485 756 2509 in
778 2485 909 2515 margine
930 2485 1034 2509 addila
1055 2488 1132 2510 sunt.

217 2561 225 2580 ¹
252 2560 440 2605 Templum
468 2560 565 2602 dicit,
595 2561 686 2605 quod
707 2561 841 2595 Romae
868 2561 970 2595 iuxta
997 2562 1139 2596 domum
1167 2562 1369 2606 professam
1389 2562 1579 2596 Societatis
1607 2562 1864 2597 exstruendum

93 2616 188 2655 erat3
216 2626 250 2648 v.
270 2625 380 2659 supra
404 2626 438 2659 p.
462 2615 543 2650 248.

213 2668 226 2688 ²
252 2667 422 2702 Albertus
441 2668 484 2702 V.
512 2670 549 2702 et
574 2668 792 2711 Magdalena
819 2670 855 2702 et
881 2667 1018 2702 Helena
1045 2668 1324 2703 archiducissae.

214 2722 227 2741 3
253 2722 456 2755 Adventuri
491 2724 596 2755 erant
621 2721 661 2756 P.
688 2722 841 2756 Ioannes
868 2721 1063 2763 Rastellus,
1101 2722 1140 2756 P.
1168 2723 1426 2757 Bonaventura
1452 2723 1662 2765 Paradinas,
1698 2723 1755 2757 Fr.
1784 2722 1865 2757 Cor-

94 2773 210 2808 nelius
237 2774 491 2818 Sibenburger.

213 2830 225 2848 ⁴
252 2828 499 2862 Ferdinandus
526 2828 570 2862 II.
598 2840 676 2862 cum
705 2828 922 2871 Magdalena
949 2830 985 2862 et
1012 2828 1150 2863 Helena
1177 2829 1325 2873 reginis.

215 2883 227 2901 ⁵
253 2882 435 2916 Hoffaeus.
583 2883 596 2901 θ
622 2881 752 2916 Volck.

216 2936 227 2955 7
247 2935 477 2969 consultores
495 2935 691 2980 praepositi
709 2935 943 2980 provincialis
962 2938 1064 2969 erant
1082 2935 1153 2970 ΡΡ.
1169 2936 1412 2971 Theodoricus
1427 2936 1594 2972 Canisius
1609 2941 1645 2972 et
1658 2938 1866 2983 Alphonsus

95 2987 248 3022 Pisanus
271 2989 320 3031 (v.
340 3000 449 3033 supra
476 3001 508 3033 p.
530 2989 625 3033 116).
666 2988 802 3022 Horum
820 2989 964 3022 litterae
983 3001 1053 3023 una
1077 3001 1157 3023 cum
1176 2989 1244 3024 hac
1263 2991 1419 3035 epistula
1439 2991 1591 3035 Borgiae
1610 2992 1743 3026 missae
1762 2995 1865 3028 sunt:

95 3053 129 3075 V.
148 3041 252 3084 infra,
280 3054 333 3086 ep.
353 3054 386 3076 n.
409 3043 509 3077 1653.

217 3096 228 3115 s
254 3095 464 3130 Pastelium.
609 3097 622 3115 ⁹
648 3095 688 3130 P.
707 3095 918 3130 Theodorici
946 3095 1090 3130 Canisii.
