2044 3335
656 114 802 158 Dilinga
828 113 860 148 8.
881 112 1087 147 Decembris
1116 110 1218 145 1570.
1733 106 1818 145 419

53 234 373 290 Typographia.
439 233 498 275 Vt
539 234 684 274 autem
726 230 784 273 sit
824 230 931 272 felix
973 229 1118 280 editio,
1161 226 1368 269 maiorem
1410 224 1453 266 in
1495 222 1666 264 modum
1700 234 1820 273 rogo,

53 298 345 342 commendari
377 301 519 341 totum
552 297 632 338 hoc
664 295 911 338 institutum
944 295 1035 336 Deo
1068 292 1291 346 sacrificijs
1325 293 1369 332 et
1400 288 1600 343 precibus
1634 287 1679 329 P.
1699 286 1747 328 T.
1773 299 1823 327 ac
1861 311 1865 316 ·

54 365 235 407 aliorum
276 363 349 417 qui
380 363 545 405 Romae
576 364 811 403 versantur
851 374 874 402 e
906 359 1095 402 Nostris,
1159 357 1257 399 Non
1299 355 1436 397 solum
1475 353 1684 395 aduersus
1716 351 1825 392 Cen-

53 429 289 473 turiatores
322 428 399 470 sed
431 432 476 470 et
497 427 606 469 alios
628 426 876 468 Nouatores
908 425 1069 466 bellum
1101 423 1256 475 ingens
1287 422 1368 462 1100
1400 419 1443 460 111
1477 431 1607 473 opere
1639 414 1824 469 suscepi,

55 497 103 537 ut
133 493 302 549 plenior
334 507 465 547 saepe
506 495 550 534 et
583 491 831 533 necessaria
864 490 921 532 sit
953 488 1208 530 confutatio,
1273 486 1408 539 Spero
1441 484 1520 525 Dei
1552 482 1748 524 bonitate
1782 483 1827 522 et

54 559 233 602 fauente
266 559 312 602 P.
346 558 394 600 Τ.
429 557 522 599 fore
564 558 613 598 ut
654 555 851 608 sequenti
894 555 1065 597 aestate
1096 553 1221 594 labor
1252 551 1320 592 hic
1354 549 1492 592 omnis
1525 547 1691 590 exitum
1725 560 1828 587 con-

56 627 278 677 sequatur,
322 622 533 666 absolutis
574 621 774 663 nimirum
817 620 895 669 his,
939 632 1050 672 quae
1083 619 1184 659 sunt
1225 629 1329 670 prae
1362 614 1573 662 manibus,
1617 612 1743 653 modo
1776 610 1828 652 de

56 689 302 743 praecipuis
333 688 420 730 illis
454 686 655 729 Personis
689 688 732 727 et
766 684 937 727 Sanctis
968 683 1070 725 noui
1102 680 1374 724 Testamenti
1396 680 1579 727 joanne,
1614 676 1754 718 Maria
1786 678 1830 717 et

58 754 188 796 Petro
230 754 273 795 in
315 753 468 806 quibus
510 751 728 800 ornandis,
772 753 817 792 et
849 750 1060 792 aduersus
1100 746 1348 789 haereticos
1390 741 1672 785 defendendis
1705 740 1830 794 cupio

58 819 251 861 laborem
274 819 371 872 plus
394 831 522 871 quam
553 817 778 870 uulgarem
803 828 945 856 meum
979 816 1168 862 exstare,
1203 811 1276 865 alij
1311 811 1363 852 de
1396 809 1493 861 alijs
1526 810 1570 849 et
1601 806 1755 847 melius
1789 808 1833 847 et

59 883 233 925 uberius
255 885 470 931 tractent,
505 895 633 934 quam
667 894 771 922 uero
804 880 846 921 id
879 879 936 922 sit
968 878 1231 920 laboriosum
1264 876 1300 918 si
1332 875 1485 917 iisdem
1518 871 1725 914 insistant
1756 884 1833 912 110-

60 949 213 1002 stigijs,
249 947 420 990 docebit
450 947 547 988 illos
581 945 865 999 experientia.
929 944 1090 986 Fateor
1121 941 1294 985 interim
1328 955 1354 982 a
1386 953 1452 980 me
1485 950 1616 991 saepe
1650 950 1700 978 ac
1733 949 1834 989 gra-

60 1014 174 1056 uiter
196 1027 291 1055 esse
323 1014 563 1067 peccatum,
598 1011 698 1052 dum
725 1010 900 1051 nimiam
934 1009 976 1050 in
1009 1008 1075 1050 his
1108 1007 1291 1050 admitto
1319 1002 1666 1052 sollicitudinem,
1701 1004 1745 1044 et
1767 1014 1835 1042 me

60 1079 201 1133 ipsum
241 1077 431 1120 fortasse
472 1076 622 1129 affligo
666 1076 762 1129 plus
795 1089 924 1128 quam
956 1088 1027 1116 res
1058 1074 1154 1127 ipsa
1192 1072 1398 1126 postulet,
1442 1069 1554 1110 sicut
1586 1080 1760 1109 morosa
1791 1068 1836 1108 et

61 1143 315 1198 scrupulosa
357 1142 570 1195 quaedam
611 1140 786 1194 ingenia
828 1153 939 1193 quae
981 1138 1062 1181 sibi
1103 1152 1236 1191 aegre
1278 1134 1576 1183 satisfaciunt,
1620 1134 1664 1174 et
1705 1145 1836 1185 saepe

64 1223 165 1250 suos
197 1209 370 1250 mutant
410 1220 577 1256 senSUS,
620 1206 765 1247 facere
808 1204 1178 1253 consueuerunt¹3
1221 1202 1435 1257 propitius
1468 1201 1613 1241 autem
1647 1197 1750 1239 mihi
1782 1196 1840 1238 sit

64 1273 275 1316 Dominus
317 1287 394 1327 per
426 1272 473 1314 P.
509 1271 555 1314 T.
591 1285 617 1312 a
658 1285 744 1324 qua
785 1270 968 1324 supplex
1010 1272 1111 1324 peto
1146 1269 1298 1310 horum
1333 1282 1384 1309 ac
1415 1265 1551 1308 totius
1585 1264 1687 1306 anni
1719 1276 1839 1305 erra-

65 1342 209 1381 torum
251 1337 626 1386 condonationem,
672 1336 884 1389 simulque
926 1334 1240 1389 poenitentiam
1283 1347 1359 1388 pro
1402 1332 1486 1374 illis
1529 1328 1756 1386 expiandis
1796 1327 1838 1368 in

72 1404 269 1446 Domino.

185 1470 249 1511 De
294 1467 548 1510 Prouinciae
593 1466 718 1508 huius
763 1465 1078 1520 gubernatione
1122 1465 1203 1506 hoc
1249 1465 1387 1506 solum
1433 1464 1610 1513 addam,
1656 1458 1843 1502 feliciter

68 1534 288 1576 nobiscum
330 1533 415 1587 agi,
459 1533 612 1586 quibus
654 1532 700 1574 P.
736 1532 783 1574 T.
819 1531 938 1573 dedit
979 1530 1188 1585 optimum
1231 1533 1275 1573 et
1317 1529 1699 1584 prudentissimum
1737 1525 1843 1566 Pro-

68 1599 298 1641 uincialem
324 1599 368 1641 P.
389 1599 571 1640 Paulum
585 1599 614 1649 2,
650 1598 722 1650 qui
755 1597 965 1651 paulatim
999 1598 1047 1638 ut
1079 1610 1206 1649 spero
1240 1609 1318 1638 sua
1351 1595 1571 1650 supplebit
1604 1589 1843 1645 diligentia,

69 1665 182 1718 quod
214 1677 311 1706 mea
342 1663 553 1717 singulari
585 1662 854 1716 negligentia
886 1664 954 1704 tot
987 1661 1110 1703 annis
1143 1661 1347 1702 omissum
1382 1662 1426 1702 et
1450 1659 1724 1702 commissum
1746 1654 1844 1696 fuit.

69 1729 162 1771 Nec
202 1730 342 1771 habeo
385 1729 497 1782 quod
538 1728 853 1782 reprehendam
897 1727 939 1768 in
989 1726 1114 1768 huius
1147 1726 1334 1768 Rectore
1376 1725 1553 1779 Collegij
1570 1725 1599 1773 3,
1649 1722 1721 1776 qui
1768 1734 1844 1762 suo

70 1795 203 1837 etiam
245 1808 422 1836 munere
462 1794 598 1848 probe
638 1792 848 1847 fungitur.
913 1792 1062 1834 Sentio
1104 1791 1162 1833 mi
1195 1792 1328 1834 Pater
1369 1793 1532 1845 quanto
1578 1789 1749 1831 demum
1789 1785 1846 1826 sit

70 1859 303 1915 optabilius
336 1860 514 1901 subesse
548 1873 677 1912 quam
710 1872 927 1912 praeesse.
973 1857 1152 1900 Vtinam
1184 1857 1264 1899 sim
1297 1857 1464 1910 gratior
1486 1858 1578 1898 Deo
1602 1857 1647 1896 et
1669 1850 1846 1906 Superi-

71 1926 228 1977 oribus,
263 1925 335 1977 qui
356 1926 482 1967 tanto
516 1927 561 1967 et
583 1924 691 1966 meis
714 1923 904 1965 humeris
927 1923 1083 1977 impari
1107 1936 1237 1964 onere
1260 1937 1328 1964 me
1351 1922 1528 1965 tandem
1559 1919 1802 1962 liberarunt
1815 1917 1844 1958 4.

71 1991 192 2040 Quod
233 1991 288 2032 ad
330 1989 657 2033 constituendos
695 1989 853 2031 alicubi
887 2002 910 2030 e
943 1989 1038 2030 Soc:
1073 1988 1317 2042 Scriptores
1351 1987 1554 2035 attinet5,
1598 1998 1683 2038 qua
1716 1983 1768 2025 de
1800 1995 1847 2023 re

71 2056 219 2098 multis
251 2055 453 2109 respondi
477 2055 523 2098 P.
548 2054 713 2104 Natali,
748 2068 854 2107 rogo
887 2053 1119 2095 Dominum
1151 2054 1316 2103 Jesum,
1351 2056 1399 2095 ut
1431 2052 1512 2094 1100
1545 2049 1723 2092 maximi
1756 2061 1846 2089 mo-

73 2121 207 2163 menti
242 2124 285 2163 et
317 2121 516 2175 publicae
548 2120 753 2163 utilitatis
786 2118 1023 2173 negotium,
1057 2133 1134 2173 per
1166 2119 1212 2161 P.
1242 2119 1290 2161 T.
1323 2118 1513 2160 feliciter
1543 2116 1717 2158 inchoet
1748 2127 1847 2167 pro-

73 2188 346 2239 moueatque,
389 2185 463 2227 uix
496 2185 730 2239 quidquam
773 2188 876 2239 puto
908 2184 1069 2227 rectius
1104 2199 1154 2226 ac
1187 2184 1456 2238 praeclarius
1489 2183 1543 2225 ad
1577 2191 1843 2224 communem

74 2252 297 2294 Ecclesiae
329 2251 573 2305 profectum
606 2265 632 2292 a
658 2250 833 2293 Nostris
865 2250 1033 2293 institui
1068 2264 1119 2292 ac
1151 2250 1303 2304 peragi
1337 2263 1478 2304 posse,
1513 2244 1772 2302 praesertim
1804 2243 1847 2284 in

76 2317 218 2360 Gallia
259 2320 303 2359 et
344 2319 529 2369 utraque
563 2315 808 2366 Germania,
851 2316 976 2357 simul
1017 2318 1062 2358 et
1094 2315 1286 2366 Polonia,
1332 2315 1403 2357 ubi
1444 2327 1559 2356 noua
1592 2311 1764 2364 Scripta
1797 2309 1848 2350 de

75 2383 301 2436 Religione
345 2381 576 2436 plurimum
619 2382 766 2423 ualere
807 2381 962 2431 solent,
1006 2384 1050 2423 et
1083 2380 1317 2423 Catholicis
1355 2380 1637 2422 uehementer
1674 2373 1850 2418 afflictis

75 2448 310 2490 maximam
345 2447 549 2490 adferunt
582 2446 921 2488 consolationem
954 2446 1035 2488 hoc
1067 2448 1277 2500 tempore,
1313 2460 1396 2499 quo
1429 2443 1720 2486 hereticorum
1752 2439 1850 2481 libri

76 2513 275 2564 uolitant,
319 2515 363 2555 et
405 2512 457 2554 de
498 2512 638 2554 medio
677 2511 772 2554 tolli
804 2526 889 2553 non
930 2514 1124 2566 possunt.
1190 2511 1282 2553 Nec
1315 2511 1464 2552 dubito
1497 2509 1598 2562 quin
1632 2508 1676 2558 P„
1702 2507 1749 2548 Τ.
1783 2505 1849 2546 111-

76 2579 225 2622 ueniat
256 2578 386 2621 facile
419 2578 627 2631 quosdam
662 2591 685 2619 e
717 2576 906 2627 NostriS,
946 2577 1016 2629 qui
1050 2577 1276 2631 praeclare
1309 2579 1353 2618 et
1386 2589 1543 2628 magno
1577 2587 1672 2615 cum
1705 2572 1851 2614 fructu

76 2645 121 2686 in
153 2644 233 2686 1100
265 2643 478 2685 scribendi
511 2644 661 2685 labore
694 2642 862 2684 uersari
893 2642 1043 2692 uelint,
1079 2644 1123 2684 et
1155 2641 1336 2696 possint,
1370 2640 1572 2694 quoniam
1606 2639 1731 2680 uideo
1763 2638 1851 2679 sin-

78 2709 219 2764 gulari
242 2709 324 2750 Dei
355 2723 547 2759 munere,
582 2711 810 2761 utramque
836 2707 1110 2750 Germaniam
1141 2706 1438 2761 operariorum
1461 2705 1612 2759 augeri
1634 2717 1812 2746 numero
1824 2708 1850 2753 ὃ,

198 2791 226 2822 a)
247 2796 405 2815 nummero
427 2798 474 2821 ap.

204 2901 212 2919 ¹
240 2899 295 2934 Cf.
321 2898 425 2940 infra,
452 2910 547 2932 mon.
574 2897 644 2931 litt.
674 2895 750 2939 (42)
781 2895 856 2939 (43)
889 2894 965 2938 (53)
998 2894 1074 2938 (56)
1105 2895 1195 2938 (58).

201 2953 214 2973 2
240 2952 441 2986 Hoffaeum.
588 2951 600 2970 3
625 2950 665 2984 Ρ.
692 2949 913 2983 Theodorico
941 2948 1094 2982 Canisio.

202 3008 214 3026 4
242 3005 412 3040 Officium
438 3004 635 3050 praepositi
661 3002 894 3048 provincialis
913 3002 1079 3036 Canisius
1098 3001 1290 3044 significat,
1315 3011 1385 3045 quo
1403 3012 1433 3034 a.
1453 3000 1687 3035 1556-—1569
1706 3001 1851 3035 functus

83 3062 178 3101 erat:
208 3059 254 3094 cf.
280 3070 390 3104 supra
415 3070 449 3103 p.
469 3057 668 3092 293—294.

204 3113 216 3133 ⁵
242 3112 334 3147 Vide
360 3123 469 3156 supra
495 3123 528 3156 p.
547 3111 628 3145 417.

1494 3167 1567 3201 27*
