2044 3335
136 63 220 104 384
376 59 476 96 1701.
505 59 590 94 Can.
617 58 656 94 P.
675 57 857 92 Leonardo
884 56 1023 91 Kessel.
1070 56 1171 92 1702.
1200 55 1283 90 Can.
1311 56 1351 91 P.
1370 56 1477 91 Petro
1504 57 1653 91 Busan.

135 179 308 233 poribus
331 178 389 219 acl
412 191 485 219 nos
509 176 647 226 datae,
682 189 861 229 (siccarum
887 175 1031 215 atteris
1055 174 1112 214 ad
1134 174 1348 216 liberalem
1378 176 1575 229 piamque
1598 176 1898 216 institutionem

138 248 258 298 atque
290 243 630 284 sustentationem
665 253 817 291 eorum,
851 240 924 294 qui
955 238 1030 280 sub
1063 240 1282 281 Soeietatis
1313 244 1411 280 tuae
1441 241 1574 294 siquis
1605 240 1672 281 hie
1702 241 1898 293 militant,

138 310 296 363 copiose
329 321 403 348 nos
436 304 721 347 adhortaris.“
789 304 905 356 Quae
938 305 1101 345 litterae
1129 305 1289 358 perisse
1320 305 1527 347 videntur.

257 381 445 416 Societatis
472 379 662 422 collegium
688 378 948 422 herbipolense,
983 378 1039 411 cui
1075 378 1319 422 praeparando
1347 377 1511 412 Canisius
1538 389 1680 423 operam
1707 378 1899 412 maximam

139 437 347 475 navaverat‚
384 445 446 478 per
475 434 516 467 17
544 432 734 466 Societatis
769 430 930 465 homines
956 431 1012 465 27.
1032 430 1198 465 Octobris
1226 431 1314 465 1567
1352 431 1558 465 incohatum
1593 434 1689 472 erat;
1726 431 1818 475 quod
1851 431 1901 465 rei

139 487 327 522 familiaris
352 487 471 531 inopia
497 485 621 530 primis
638 484 712 519 illis
730 485 832 518 annis
851 483 1033 518 laborasse
1051 483 1156 518 facile
1174 484 1269 518 credi
1296 486 1431 528 potest;
1461 494 1544 517 nam
1570 495 1737 527 magnam
1763 486 1901 529 partem

139 539 412 575 sustentabatur
446 538 636 573 frumentis
671 537 822 582 aliisque
857 536 959 571 bonis
989 536 1197 571 monasterii
1224 536 1257 571 S.
1277 536 1440 580 Agnetis,
1468 548 1559 580 quae
1584 548 1648 581 per
1673 548 1902 570 oeconomum

141 605 203 638 pro
229 593 407 627 Societate
434 591 713 626 administranda
750 590 939 635 episcopus
973 593 1201 635 susceperat;
1238 601 1279 623 ea
1311 591 1431 623 autem
1458 589 1720 623 administratio
1747 588 1903 623 difficilis

141 649 219 681 erat
245 647 295 690 (v,
318 647 404 680 Can.
423 645 456 679 V
474 645 662 680 431—432
687 644 802 688 432¹).
847 643 1014 688 Episcopi
1041 654 1182 687 quoque
1208 643 1385 677 aerarium
1411 654 1474 687 per
1499 642 1594 676 bella
1620 645 1656 676 et
1682 642 1801 677 clades
1828 645 1904 677 erat

142 700 368 741 exhaustum,
397 701 432 733 et
458 699 534 744 ipse
561 699 749 743 episcopus
775 708 904 742 parcus
931 696 1043 731 fuisse
1070 696 1213 730 videtur
1251 697 1300 737 (V.
1331 697 1418 730 Can.
1434 696 1466 730 V
1486 695 1574 737 128;
1600 696 1742 740 Braun,
1770 695 1904 730 Heran-

142 753 291 796 bildung
317 752 379 786 des
406 752 535 786 Klerus
562 752 576 785 Ι
605 750 820 794 153-154).
872 751 1041 783 Attamen
1078 751 1203 784 Petrus
1240 750 1437 793 Peraoeylus
1473 748 1718 793 (Eyndhouts)
1747 748 1780 783 S.
1809 749 1842 783 J.
1870 748 1905 782 in

142 806 318 840 *Litteris
353 805 481 839 annuis
516 804 669 848 collegii,
705 803 889 848 Herbipoli
918 803 971 837 10.
991 802 1211 847 Septembris
1241 803 1329 837 1568
1365 802 1469 843 datis,
1504 804 1645 836 narrat:
1682 801 1802 836 Socios
1834 801 1905 835 iam

143 871 222 894 esse
249 859 304 898 23,
331 858 524 903 discipulos
551 858 693 892 circiter
711 857 790 899 300,
821 867 989 901 „quorum
1016 856 1118 890 multi
1144 848 1315 890 nobilium
1334 855 1551 889 Franconiae
1577 857 1661 889 sunt
1686 854 1784 900 filij⁴‘,
1811 854 1906 888 haud

144 913 249 958 pauci
283 912 520 956 capitulorum
555 911 770 945 urbanorum
807 909 967 944 canonici
1002 911 1038 943 et
1063 908 1198 949 vicarii,
1235 908 1295 942 alii
1330 908 1489 952 religiosi
1515 908 1612 942 urbis
1648 907 1907 952 herbipolensis

145 966 366 1009 aliorumque
400 965 557 999 locorum
590 964 830 1003 Franconiae;
865 962 1050 1003 accedere,
1087 962 1180 1007 quod
1216 965 1252 996 et
1285 963 1362 1006 ipse
1397 962 1585 1006 episcopus
1621 964 1656 995 et
1691 961 1908 996 cathedralis

146 1019 319 1054 ecclesiae
337 1017 574 1053 scholasticus
595 1018 762 1061 (Ioannes
780 1016 966 1061 Egolphus
984 1028 1003 1050 a
1024 1015 1245 1059 Knoringen)
1275 1015 1464 1049 Societatis
1489 1014 1735 1049 sacerdotibus
1760 1016 1909 1059 peccata

149 1072 398 1107 confiteantur.

149 1182 294 1219 1701.
395 1182 612 1217 CANISIUS
648 1181 708 1216 P.
736 1178 1109 1216 LEONARDO
1138 1178 1406 1215 KESSEL
1439 1178 1492 1215 S.
1512 1178 1566 1215 J.
1603 1179 1730 1214 rectori
1767 1178 1909 1222 collegii

338 1236 564 1271 coloniensis.
937 1235 1106 1277 Augusta
1124 1233 1392 1267 Vindelicorum
1418 1233 1514 1267 circa
1540 1233 1681 1267 initium
1706 1244 1738 1266 a.
1760 1232 1862 1266 1570.

268 1303 320 1335 De
338 1301 502 1344 operibus
519 1300 728 1344 quibusdam
747 1300 817 1332 PP.
837 1299 1027 1332 Francisci
1049 1299 1228 1332 Turi-iani
1246 1299 1282 1332 S.
1298 1299 1335 1332 J.
1354 1302 1383 1331 et
1405 1298 1586 1341 Onuphrii·
1603 1297 1771 1330 Patavinii
1793 1298 1829 1330 O.
1844 1297 1910 1330 Er.

152 1356 188 1389 S.
208 1356 298 1399 Auss.
349 1355 435 1388 Viae
460 1354 644 1398 epistulam
665 1355 871 1396 proximam
882 1365 895 1394 ,·
920 1353 1002 1385 illae
1028 1354 1118 1385 enim
1145 1352 1282 1385 litterae
1300 1353 1436 1395 perisse
1461 1352 1636 1385 videntur.

152 1465 304 1502 1702.
381 1465 597 1501 CANISIUS
624 1464 685 1500 P.
705 1462 937 1500 PETRO
963 1462 1233 1500 BUSAEO
1255 1462 1308 1499 S.
1324 1462 1378 1498 J.
1398 1462 1540 1507 collegii
1565 1463 1673 1497 trium
1700 1473 1911 1496 coronarum

342 1519 556 1553 coloniensis
582 1519 767 1561 magistro.
1054 1518 1221 1561 Augusta
1238 1516 1507 1551 Vindelicorum
1534 1517 1566 1551 8.
1586 1515 1741 1550 Ianuarii
1761 1515 1863 1550 1570.

271 1589 326 1624 Ex
352 1589 560 1634 archetypo,
596 1601 616 1623 a
643 1589 784 1623 Canisio
811 1588 993 1632 recognito
1029 1591 1065 1622 et
1089 1588 1292 1633 subscripto
1321 1589 1392 1631 (20;
1433 1589 1447 1622 1
1477 1600 1530 1633 p.;
1565 1588 1600 1621 in
1627 1600 1659 1632 p.
1680 1588 1700 1622 2
1726 1586 1912 1632 inscriptio

154 1645 189 1677 et
214 1654 297 1688 pars
324 1643 420 1687 sig),
448 1642 530 1677 Cod.
551 1641 662 1676 colon.
695 1642 798 1683 „Litt.
826 1641 956 1686 Epistt.
984 1642 1081 1676 var.“
1114 1642 1163 1684 (v.
1192 1642 1310 1677 Can.I
1337 1642 1412 1685 mv)
1441 1642 1465 1675 f.
1488 1641 1564 1676 168.
1616 1640 1801 1686 Epistulae
1834 1651 1911 1685 par-

153 1696 282 1730 ticulas
310 1708 355 1730 ex
381 1696 577 1740 archetypo
604 1697 799 1740 posuerunt
825 1696 1107 1738 Braunsberyer,
1135 1694 1284 1729 Katech.
1306 1695 1398 1737 139⁵,
1427 1697 1462 1729 et
1488 1696 1636 1728 Hansen
1663 1694 1684 1728 1.
1712 1706 1741 1728 c.
1768 1694 1863 1728 587⁵.

273 1762 312 1795 P.
336 1761 367 1793 T
368 1762 514 1794 urriani
546 1771 633 1803 opus
654 1770 723 1802 pro
750 1760 925 1802 Epistulis
951 1760 1203 1793 Decretalibus.
1255 1760 1441 1802 Epistulae
1472 1759 1639 1802 Greyorii
1664 1759 1743 1792 VII.
1771 1770 1793 1791 a
1819 1759 1913 1791 Pan-

154 1816 249 1848 rinio
275 1815 442 1848 collectae.
494 1814 675 1846 Primores
704 1813 849 1855 hispani
875 1824 895 1845 a
927 1813 1069 1846 Canisio
1091 1817 1224 1856 petunt,
1260 1817 1298 1845 ut
1323 1813 1506 1846 Postillam
1540 1813 1682 1846 scribat.
1736 1812 1914 1853 Quomodo

154 1871 191 1901 in
220 1879 321 1911 opere
348 1867 563 1900 catechistico
598 1867 667 1899 loci
699 1867 739 1899 de
766 1867 984 1908 conceptione
1015 1866 1246 1899 immaculata
1272 1866 1313 1899 B.
1333 1867 1380 1899 M.
1401 1867 1439 1899 Γ.
1466 1870 1496 1898 et
1522 1866 1563 1898 cle
1587 1866 1715 1899 virtute
1740 1865 1914 1898 orationis

154 1921 369 1954 immutandi
401 1921 482 1953 sint.
545 1920 657 1962 Opera
693 1920 734 1952 B.
762 1920 912 1952 Ioannis
945 1919 1085 1952 Fisher.
1146 1919 1250 1952 Surii
1284 1919 1383 1951 I'itae
1418 1920 1643 1952 Sanctorum.
1706 1918 1914 1951 Gebhardus

160 1974 358 2008 Truchsess.
385 1974 623 2015 Noviomayus
647 1973 710 2005 sub
736 1973 906 2005 Lini-lano
933 1974 1102 2015 epi-scopo.
1154 1972 1365 2015 Propinqui.

275 2039 368 2081 Pax
400 2037 558 2079 Christi
591 2040 634 2079 et
666 2037 801 2078 foelix
834 2050 970 2078 annus
1003 2037 1080 2079 tibi
1113 2037 1371 2079 Charissime
1404 2037 1571 2080 Frater.
1630 2037 1781 2079 Placet
1812 2035 1915 2077 mihi

155 2103 381 2158 diligentia
412 2106 488 2145 tua
519 2102 563 2143 in
595 2102 878 2144 admonendo.
942 2102 1102 2156 Scripsi
1148 2105 1293 2144 autem
1338 2102 1533 2156 proxime
1565 2102 1612 2145 P.
1646 2101 1912 2150 Leonard01‚

154 2168 452 2213 intercessisse
485 2167 658 2220 aliquid,
693 2181 775 2220 quo
810 2167 947 2208 minus
981 2167 1035 2209 ad
1064 2167 1283 2209 Calenium
1316 2167 1424 2209 liber
1455 2168 1506 2211 D.
1531 2167 1757 2209 Torrensis
1788 2166 1914 2208 modo

156 2235 271 2278 mitti
303 2233 463 2288 possit;
507 2232 706 2275 mit-tetur
738 2246 841 2273 uero
875 2232 996 2282 alias,
1032 2246 1126 2274 cum
1160 2233 1213 2274 ab
1246 2232 1429 2275 authore
1460 2232 1593 2274 fuerit
1625 2231 1912 2275 absolutus³2.

158 2300 317 2355 Scripsi
359 2298 488 2341 etiam
532 2297 582 2339 de
615 2296 809 2351 epistolis
844 2297 1039 2351 Gregorij
1082 2297 1254 2351 septimi
1286 2298 1340 2340 ab
1373 2297 1590 2352 Onophrio
1624 2296 1829 2346 collectis,
1872 2299 1914 2338 et

159 2366 296 2407 eidem
328 2362 514 2413 Calenio‚
558 2362 600 2403 ni
640 2362 783 2412 fallar,
825 2362 999 2405 traditis
1013 2363 1042 2405 3.
1105 2362 1335 2405 Postulant
1377 2362 1488 2404 enim
1531 2376 1585 2404 ex
1617 2362 1723 2404 vrbe
1755 2365 1804 2404 vt
1836 2362 1915 2403 hoc

158 2433 297 2473 totum
338 2442 457 2482 opus,
501 2427 613 2480 quod
651 2427 784 2481 uarijs
816 2430 958 2470 scatet
990 2427 1221 2478 erroribus,
1254 2428 1438 2482 primum
1471 2428 1713 2480 Augustam
1747 2426 1802 2468 ad
1832 2440 1914 2476 me,

160 2510 209 2538 ac
243 2494 395 2536 deinde
428 2493 609 2534 Romam
641 2492 904 2542 remittatur,
937 2506 1075 2546 neque
1107 2493 1225 2547 typis
1257 2493 1382 2535 modo
1415 2492 1667 2534 excudatur.

279 2558 418 2601 Semel
460 2559 504 2599 et
543 2557 698 2600 iterum
731 2557 923 2599 Louanio
963 2560 1006 2599 et
1039 2557 1279 2612 Antuerpia
1320 2572 1413 2599 sum
1446 2556 1691 2599 admonitus
1724 2556 1776 2598 de
1807 2555 1915 2597 libro

162 2626 420 2668 conficiendo
454 2636 578 2675 quem
611 2622 782 2676 hispani
804 2626 1033 2675 magnates
1057 2625 1280 2676 exoptant.
1335 2621 1430 2664 Etsi
1462 2635 1564 2663 uero
1597 2621 1714 2675 pium
1746 2620 1916 2663 illorum

279 2696 306 2725 a)
328 2697 462 2721 Busnezrs
481 2697 510 2721 in
533 2698 663 2729 ›nat-,aine
685 2698 811 2722 notavit.-
830 2696 872 2722 De
893 2696 1052 2722 Tor-rensis
1072 2695 1159 2723 libro.

285 2779 293 2798 ¹
320 2778 445 2812 Kessel
472 2780 601 2813 rectori
627 2780 768 2824 collegii
795 2780 1017 2814 coloniensis.

281 2830 293 2850 2
321 2831 484 2865 Gerwino
512 2832 654 2866 Calenio
689 2833 913 2878 typographo
941 2832 1132 2867 coloniensi
1159 2832 1403 2866 excudendum
1430 2831 1571 2865 tradere
1597 2830 1765 2865 volebant
1791 2830 1846 2874 (ut
1872 2842 1916 2865 ex

163 2883 218 2916 his
244 2883 363 2917 verbis
389 2887 630 2928 cognoscitur)
661 2897 712 2927 ea,
739 2898 829 2931 quae
856 2887 896 2920 P.
915 2886 1127 2920 Franciscus
1153 2885 1349 2919 Turrianus
1368 2884 1401 2918 S.
1417 2884 1448 2918 J.
1477 2883 1609 2918 Romae
1635 2895 1697 2928 pro
1728 2883 1917 2928 „Epistolis

164 2935 410 2969 Decretalibus
438 2937 648 2972 Pontificum
677 2939 982 2983 Apostolicorum“
1013 2939 1293 2983 conscripserat;
1320 2949 1353 2971 v.
1381 2948 1488 2982 supra
1514 2948 1547 2981 p.
1567 2937 1646 2970 337.

283 2989 296 3008 ³
322 2988 373 3022 De
407 2989 471 3023 hoc
508 3001 612 3034 opere
648 2991 690 3025 ab
721 2992 850 3034 insigni
878 2992 938 3026 illo
966 2991 1004 3026 P.
1025 2991 1207 3036 Onuphrio
1232 2990 1406 3025 Panvinio
1433 2989 1474 3024 O.
1494 2989 1552 3023 Er.
1571 2989 1605 3024 S.
1625 2989 1716 3033 Aug.
1745 2989 1781 3033 (†
1810 2989 1912 3032 1568)

164 3040 288 3075 relicto
314 3053 347 3075 v.
375 3053 482 3086 supra
510 3054 541 3086 p.
562 3043 616 3076 72.
