2044 3335
105 106 188 147 266
604 103 705 137 1621.
733 102 898 136 Canisius
924 102 956 136 S.
978 101 1168 136 Francisco
1196 101 1359 146 Borgiae.

104 222 183 264 1106
215 236 292 264 6110
326 222 550 276 proposito·
579 220 834 275 perstiterit,
869 222 1019 262 nostra
1041 219 1159 273 prius
1182 223 1361 275 accepta
1384 221 1614 263 sententia.
1659 220 1868 263 Putamus

104 287 171 328 hic
205 301 287 328 non
330 287 458 329 facile
492 287 546 328 ad
579 286 740 339 gradus
772 285 890 326 illum
925 284 1255 335 admittendum,
1300 286 1369 338 qui
1403 285 1493 327 suis
1525 288 1568 327 et
1601 285 1866 338 aequalibus,

104 355 148 394 et
189 352 492 406 superioribus,
534 354 686 405 utpote
723 349 908 398 Hectori,
955 349 1211 392 Prouintiali
1253 353 1297 392 et
1330 350 1715 404 Viceprouintiali1
1756 351 1868 392 male

105 417 211 459 facit
252 417 369 459 satis.
442 416 607 458 Deinde
648 416 683 457 si
726 414 923 457 doctrina
965 414 1205 467 spectanda
1246 416 1334 465 est,
1384 415 1586 467 indignus
1628 416 1868 458 Doctoratu

104 481 288 530 uidetur,
331 482 554 534 multoque
596 480 812 523 doctiores
853 479 1061 521 habemus
1094 478 1215 529 alios,
1260 479 1331 532 qui
1364 483 1481 522 certe
1514 479 1577 521 illi
1608 494 1693 522 non
1725 480 1870 522 forent

103 546 389 600 postponendi
430 546 471 587 in
506 546 586 587 hac
618 545 714 599 ipsa
746 543 978 598 prouintia.
1041 542 1110 584 Ad
1143 543 1250 585 haec
1282 558 1364 585 11011
1400 544 1508 586 adeo
1541 547 1695 598 gratus
1727 547 1795 587 est
1826 545 1868 586 in

104 611 390 653 contionando
424 610 706 661 auditoribus,
742 612 789 652 ut
820 608 948 651 isthic
980 608 1169 650 fortasse
1200 611 1427 651 narratum
1461 612 1548 651 est:
1582 611 1626 651 et
1656 609 1869 651 incertum

104 689 293 729 prorsus,
328 690 382 718 an
416 676 488 729 qui
521 689 652 729 saepe
684 676 839 728 peccat
864 673 906 714 in
932 673 1241 723 Grammatica,
1275 673 1373 715 dum
1408 673 1600 726 loquitur
1632 676 1676 716 et
1707 674 1868 725 scribit,

104 741 414 784 authoritatem
458 741 555 783 boni
599 739 800 782 Doctoris
840 738 979 793 possit
1020 738 1266 780 defendere.
1340 738 1574 781 Praeterea
1622 738 1869 782 libertatem

104 805 237 855 illam,
281 820 365 858 qua
402 820 515 847 nunc
546 805 706 847 multos
739 803 853 846 domi
886 806 930 845 et
962 802 1068 844 foris
1101 802 1293 852 offendit,
1328 804 1582 856 augebimus
1614 803 1774 845 homini
1806 802 1871 845 ni-

104 862 234 913 mium
278 871 430 921 aulico,
474 875 517 913 et
557 870 736 925 proinde
769 869 909 910 minus
942 867 1159 921 religioso,
1203 881 1329 920 quem
1369 868 1540 910 omnino
1574 869 1780 922 cupimus,
1823 871 1872 910 ut

105 936 312 990 scriptum
355 938 422 978 est
463 936 585 986 alias,
632 950 656 977 a
688 934 898 989 paschate
932 933 1045 974 domi
1078 932 1302 983 contineri,
1338 935 1382 975 et
1414 933 1591 987 praefici
1624 933 1870 983 cathedrae,

106 1001 236 1043 misso
277 1001 323 1043 P.
358 1001 548 1042 Martino
591 999 809 1042 Coloniam
824 1000 854 1042 2.
928 998 1152 1040 Postremo
1200 998 1313 1039 male
1361 998 1571 1041 successit
1611 998 1734 1040 nobis
1775 1012 1870 1039 cum

105 1065 350 1120 plaerisque
377 1065 637 1108 Doctoribus
661 1063 902 1111 Germanis,
937 1066 981 1105 et
1012 1062 1215 1105 timemus
1246 1063 1353 1113 fore,
1387 1077 1440 1104 ne
1472 1063 1596 1105 huius
1628 1063 1728 1105 noui
1761 1063 1873 1105 Doc-

105 1131 213 1172 toris
247 1131 445 1184 exemplo
478 1130 653 1184 quidam
687 1130 997 1183 perturbentur
1029 1142 1052 1169 e
1084 1127 1258 1178 nostris,
1293 1142 1388 1170 cum
1419 1128 1530 1170 tales
1554 1128 1740 1170 uiderint
1772 1141 1870 1181 pro-

106 1195 282 1244 moueri,
326 1196 519 1248 aliosque
561 1195 752 1249 aptiores
790 1193 966 1247 negligi.
1030 1193 1192 1234 Verum
1226 1192 1261 1234 si
1296 1193 1424 1235 aliter
1455 1192 1594 1235 uisum
1628 1193 1710 1235 erit
1743 1193 1789 1236 Ρ.
1823 1192 1870 1234 Τ.

107 1260 327 1303 mittemus
372 1274 469 1302 eum
517 1260 571 1302 ad
620 1259 944 1302 examinatores
989 1258 1257 1311 Theologos,
1307 1261 1356 1300 vt
1402 1259 1552 1300 laurea
1598 1258 1871 1312 insigniatur.

107 1326 293 1367 Tantum
326 1325 406 1366 hoc
438 1325 639 1379 petimus,
673 1328 721 1367 ut
754 1324 867 1366 sicut
900 1323 946 1365 P.
972 1323 1020 1365 T.
1054 1323 1173 1365 iubet
1204 1337 1282 1364 nos
1314 1323 1377 1365 illi
1408 1323 1554 1373 fidere,
1589 1322 1650 1364 sic
1685 1322 1871 1364 vicissim

105 1391 212 1432 fidat
244 1393 288 1432 et
319 1390 455 1440 nobis,
491 1390 562 1443 qui
595 1390 789 1432 suauiter
822 1392 865 1431 et
899 1388 1222 1430 dissimulanter
1255 1402 1349 1430 cum
1383 1388 1456 1430 illo
1485 1388 1666 1441 agimus,
1701 1390 1745 1430 et
1776 1388 1873 1441 plus

105 1455 167 1497 illi
199 1455 380 1497 subinde
411 1455 697 1508 indulgemus,
741 1469 868 1508 quam
901 1454 1026 1496 salua
1058 1453 1323 1495 conscientia
1364 1455 1408 1495 et
1441 1453 1654 1496 charitate
1686 1452 1872 1495 fratrum

106 1521 253 1563 facere
294 1534 421 1574 posse
462 1520 698 1563 uideamur.
763 1519 948 1561 Tantum
992 1518 1129 1568 abest,
1171 1521 1220 1560 ut
1260 1518 1565 1560 confidentiam
1606 1520 1651 1560 et
1682 1532 1873 1560 amorem

106 1586 169 1628 illi
210 1589 405 1628 nostrum
448 1585 751 1638 denegemus3.
816 1583 1075 1637 Jngemiscit
1116 1583 1299 1634 Rector,
1342 1586 1385 1625 et
1427 1586 1582 1626 notant
1622 1583 1718 1637 alij,
1761 1582 1873 1636 quod

107 1651 342 1692 secundum
366 1650 613 1692 libertatem
646 1652 690 1692 et
723 1649 982 1703 spiritum
1016 1648 1174 1690 huius
1207 1649 1419 1690 mundi4
1451 1662 1537 1689 non
1559 1648 1651 1690 sine
1682 1648 1873 1702 periculo

105 1715 178 1757 ille
210 1718 422 1765 uersetur,
458 1717 502 1757 et
534 1715 780 1757 ambulet
818 1714 870 1755 in
902 1713 1260 1755 mirabilibus
1292 1727 1459 1768 super
1491 1714 1611 1755 se⁸5.
1666 1713 1747 1755 Sed
1783 1712 1873 1754 odi-

106 1794 227 1822 osam
249 1780 542 1822 narrationem
568 1779 760 1830 0161111οὓ,
794 1793 891 1821 amo
924 1793 1008 1820 11011
1036 1792 1191 1820 accuso
1223 1778 1419 1827 fratrem,
1453 1778 1529 1819 sed
1561 1778 1627 1819 cui
1660 1777 1805 1827 timeo,
1839 1777 1875 1819 si

105 1859 242 1886 nouus
276 1845 414 1886 honos
448 1845 712 1887 Doctoratus
745 1844 938 1886 accedat.

224 1911 300 1952 Jta
332 1909 446 1962 quod
478 1910 531 1951 ad
558 1909 604 1953 P.
630 1909 858 1951 Peltanum
892 1908 1066 1959 attinet,
1100 1908 1352 1962 designatus
1387 1908 1469 1950 fuit
1501 1908 1572 1950 ille
1606 1907 1791 1961 quidem,
1826 1909 1874 1949 ut

105 1988 216 2016 Vnus
249 1977 365 2016 esset
392 1988 414 2016 e
447 1973 708 2028 professuris
732 1977 918 2027 quatuor
940 1976 1045 2016 uota
1067 1973 1322 2016 Societatis:
1357 1974 1431 2015 sed
1458 1973 1502 2015 P.
1527 1973 1661 2015 Paulo
1695 1976 1738 2015 et
1771 1972 1874 2014 mihi

105 2053 281 2093 prorsus
314 2039 486 2081 uidetur
517 2053 587 2080 res
618 2039 662 2080 in
695 2039 768 2080 illo
802 2038 1052 2088 differenda,
1096 2038 1168 2091 qui
1200 2038 1312 2080 hunc
1354 2038 1649 2092 professorum
1681 2038 1875 2079 ordinem

107 2104 388 2146 dedecoraret
420 2103 562 2152 facile,
597 2107 640 2146 et
663 2117 789 2156 quem
821 2103 1046 2152 hactenus,
1081 2106 1129 2145 ut
1161 2103 1351 2145 breuiter
1384 2103 1536 2151 dicam,
1569 2102 1874 2144 indomabilem

107 2169 319 2222 ualdeque
360 2168 600 2222 capitosum
643 2168 869 2218 sensimus,
912 2170 956 2210 et
997 2167 1069 2221 qui
1110 2182 1204 2210 cum
1239 2169 1425 2210 Rectore
1467 2169 1573 2210 61106
1606 2182 1689 2209 11011
1728 2170 1873 2221 potest

108 2233 380 2276 6011116111167.

225 2320 252 2345 al
274 2321 442 2351 Sequuntur
462 2320 565 2344 10—-15
582 2327 623 2343 cv.
638 2326 709 2350 quae
731 2319 772 2343 im
791 2321 859 2343 sunt
880 2318 967 2343 lineis
986 2319 1172 2343 transmissis
1191 2319 1367 2349 oblitterata,
1386 2322 1415 2343 u!
1431 2319 1479 2343 vix
1493 2318 1673 2350 Ieyipossint
1687 2317 1731 2348 (et
1748 2316 1872 2343 nimium

108 2359 184 2385 aulis
205 2360 369 2392 aulicisque
389 2360 476 2385 uacet
485 2360 517 2390 ἓ).
542 2360 694 2384 Canisinm
715 2360 810 2391 ipsum
830 2360 900 2384 haec
922 2368 961 2384 vr.
977 2360 1159 2385 oblitterasse
1180 2361 1336 2385 confeceris
1356 2368 1392 2385 esc
1411 2361 1555 2385 sententia
1573 2360 1722 2391 proxima.
1777 2357 1806 2389 b)
1825 2359 1873 2384 Se-

107 2402 209 2433 quitur
229 2410 252 2426 v.
274 2402 314 2426 im
335 2402 543 2432 oblitteratum,
565 2405 594 2426 nt
614 2401 670 2433 Zegyi
690 2409 745 2426 non
763 2402 866 2432 possit.

231 2509 239 2527 ¹
267 2507 339 2541 PP.
367 2507 552 2541 Dominico
578 2507 760 2550 Mengino,
789 2507 897 2541 Petro
924 2506 1077 2548 canisio,
1105 2507 1217 2541 Paulo
1244 2508 1404 2541 Hoffaeo.

228 2560 240 2579 2
271 2559 528 2601 ,Cathedram“
567 2561 645 2595 sive
680 2571 810 2594 munus
837 2560 1095 2594 contionatoris
1121 2560 1302 2595 Monachii
1333 2561 1368 2594 in
1394 2560 1528 2605 templo
1554 2560 1589 2594 S.
1609 2559 1707 2593 Petri
1736 2559 1810 2603 (vel
1837 2559 1872 2593 in

110 2612 242 2656 templo
269 2613 508 2647 Eremitarum
535 2613 657 2648 Sancti
683 2614 878 2656 Augustini
891 2614 926 2657 2³)
959 2613 1027 2648 hoc
1053 2616 1214 2658 tempore
1250 2614 1290 2648 P.
1317 2614 1495 2648 Martinus
1521 2613 1780 2647 Stevordianus
1814 2613 1873 2647 ad-

112 2665 355 2705 ministrabat;
384 2667 429 2700 cf.
456 2678 565 2710 supra
591 2679 624 2711 p.
645 2667 740 2701 211².

231 2720 242 2737 ³
269 2718 598 2761 Quadragesimalis
625 2719 866 2754 abstinentiae
893 2720 1047 2763 rigorem
1067 2719 1232 2754 Canisius
1257 2719 1463 2754 Schorichio
1489 2719 1688 2754 relaxavit:
1717 2731 1751 2753 v.
1769 2718 1874 2754 infra.

112 2781 205 2803 mon.
233 2782 307 2804 var.
339 2771 427 2813 (12).

230 2824 241 2842 ⁴
272 2824 286 2856 1
317 2822 384 2856 Cor
410 2824 441 2864 2,
472 2825 525 2858 12.
670 2827 683 2845 ⁵
709 2826 758 2859 Ps
787 2825 863 2866 130,
894 2827 925 2859 1.

230 2875 243 2893 ὃ
270 2875 308 2909 P.
335 2876 490 2909 Martino
517 2876 768 2912 Leubenstain.
820 2878 859 2912 P.
879 2877 1087 2913 Theodorus
1113 2878 1287 2912 Peltanus
1321 2877 1531 2920 Ingolstadii
1566 2878 1601 2911 in
1636 2877 1873 2912 universitate

111 2926 328 2969 theologiam
355 2928 516 2963 docebat.

231 2981 243 3000 ⁷
269 2980 428 3015 Professi
455 2984 607 3025 quatuor
633 2986 809 3025 votorum,
844 2984 961 3028 inquit
990 2986 1026 3018 S.
1047 2986 1219 3028 Issnata'ns,
1255 2986 1339 3018 sunt
1370 2984 1423 3026 „in
1454 2983 1632 3018 Societate
1667 2983 1869 3028 praecipui‘

113 3032 412 3076 (Constitutiones
439 3034 477 3068 P.
506 3035 537 3074 5,
565 3036 722 3078 6.1,Α).
766 3036 847 3070 Ideo
879 3049 967 3079 „non
994 3037 1067 3077 alii,
1104 3049 1210 3081 quam
1245 3037 1394 3081 spiritus
1430 3039 1465 3069 et
1500 3036 1683 3070 doctrinae
1717 3035 1873 3070 selectae

113 3085 192 3127 viri,
219 3088 255 3119 et
281 3086 432 3119 multum
460 3087 591 3130 diuque
611 3088 809 3129 exercitati,
838 3092 873 3123 et
899 3090 934 3123 in
961 3090 1073 3124 variis
1099 3089 1370 3134 probationibus
1389 3089 1536 3122 virtutis
1563 3090 1598 3122 et
1624 3088 1873 3131 abnegationis
