2044 3335
857 94 906 129 M.
925 94 1024 128 Iunio
1053 95 1154 130 1570.
1805 99 1888 139 519

120 209 274 254 ipsemet
291 209 627 244 Reuerendissimus
654 221 734 244 cum
760 210 795 244 in
814 210 948 245 Vrbem
969 210 1094 245 abiens
1111 210 1118 230 ¹
1143 210 1239 245 domi
1256 212 1401 244 nostrae
1420 210 1605 254 Augustae
1628 210 1677 254 (in
1697 222 1767 255 qua
1786 211 1888 246 domo

122 263 295 297 educatus
321 264 377 297 est
388 262 415 306 2)
436 263 640 307 pranderet,
659 265 784 308 aperte
802 275 844 298 ac
861 263 957 298 laete
976 264 1160 308 professus
1179 266 1235 298 est
1253 263 1331 298 ideo
1349 275 1388 298 se
1406 263 1547 298 dedisse
1565 275 1720 309 operam,
1740 267 1780 298 vt
1797 264 1889 299 hanc

122 316 263 350 domum
281 315 576 357 inhabitaremus,
601 328 681 350 eam
698 317 844 351 tandem
862 316 1054 361 aliquando
1071 319 1282 362 perpetuam
1301 317 1576 362 possideremus,
1595 319 1631 351 et
1648 317 1684 352 in
1703 317 1763 352 illa
1782 317 1890 352 etiam

120 368 293 414 temporis
327 380 497 404 successu
523 368 688 404 scholam
724 369 856 404 habere
890 381 1097 415 possemus:
1134 381 1200 404 nec
1235 372 1291 404 est
1324 369 1520 404 verisimile
1556 370 1649 414 quod
1683 373 1757 405 tam
1792 371 1890 416 pium

121 422 290 457 affectum
316 423 475 456 mutarit.
502 425 569 457 etc.

240 476 294 510 Ad
321 476 516 510 secundum
544 476 760 521 respondeo:
792 475 827 510 Si
854 476 1010 511 iuniores
1036 476 1103 510 1100
1129 478 1289 521 tempore
1323 478 1398 511 tam
1424 476 1508 510 mali
1535 479 1630 519 sunt,
1666 489 1735 522 quo
1762 477 1891 512 viuunt

121 528 238 563 adhuc
255 528 421 563 meliores
446 540 562 570 senes,
589 529 672 574 quid
692 530 854 564 futurum
872 531 1028 574 posteat>
1055 541 1098 563 an
1125 530 1211 563 tunc
1228 529 1524 573 suffragabuntur
1541 531 1673 566 nobis‘?
1711 530 1748 565 Si
1773 542 1890 575 neque

120 588 239 617 nunc³
260 582 433 616 audemus
459 582 662 628 impetrare,
694 594 761 617 nec
785 585 872 618 tunc
898 583 1094 628 poterimus
1129 582 1333 627 impetrare,
1368 594 1509 628 semper
1538 583 1574 617 in
1600 584 1737 619 incerto
1766 584 1891 620 haere-

119 636 236 671 bimus
262 647 343 670 cum
369 638 466 670 metu
493 636 677 670 eiectionis
702 636 823 671 etiam.

238 688 359 723 Tertio
384 692 597 732 argumento
623 690 674 723 ita
691 689 899 735 respondeo.
935 687 1082 730 Quando
1102 688 1306 734 Capitulum
1325 689 1370 723 ad
1396 688 1488 724 hanc
1507 689 1619 724 solam
1647 691 1890 726 condicionem

120 742 355 784 descenderit,
382 742 580 777 efficiemus
606 754 685 777 cum
705 742 834 777 Diuino
860 742 994 777 auxilio
1013 744 1053 776 vt
1078 741 1192 787 nostrj
1218 741 1376 776 instituti
1400 753 1516 787 capax
1542 743 1724 785 reddatur,
1750 749 1890 790 postea-

119 806 227 839 quam
263 795 469 840 Capitulum
514 795 629 839 magis
674 798 758 839 eget
800 798 923 830 nostra
966 807 1092 840 opera,
1136 806 1243 839 quam
1278 806 1343 829 nos
1381 795 1457 830 eius
1492 795 1724 832 habitatione.
1775 797 1822 832 Et
1859 798 1890 833 si

119 850 275 883 maxime
301 860 418 893 capax
444 848 521 883 fieri
547 860 616 883 non
643 851 776 893 posset,
810 861 879 883 non
906 849 975 883 erit
1001 848 1147 883 difficile
1178 861 1223 883 ex
1250 848 1347 883 Vrbe
1382 860 1592 894 responsum
1619 852 1742 894 petere
1769 853 1805 885 et
1831 863 1889 886 ex-

119 904 275 947 pectare.
326 902 373 936 Et
407 902 551 946 quidem
578 902 695 946 quoad
728 913 833 937 vsum
867 902 992 947 templi
1027 901 1061 936 S.
1089 902 1260 944 Joannis,
1296 913 1484 947 possemus
1519 902 1628 937 etiam
1662 903 1698 937 in
1734 916 1774 938 eo
1809 907 1891 949 post

119 956 304 991 meridiem
330 967 499 989 exercere
525 955 680 1000 aliquem
707 955 869 990 futurum
896 956 1180 990 concionatorem
1207 955 1267 990 vel
1292 955 1328 990 in
1355 955 1575 991 catechismo
1601 956 1660 991 vel
1695 957 1766 992 alia
1792 957 1891 992 facili

119 1009 363 1055 pomeridiana
389 1009 568 1050 concione,
595 1009 626 1042 si
652 1009 857 1044 videretur:
884 1011 940 1044 est
965 1011 1084 1043 autem
1112 1008 1286 1054 templum
1312 1009 1402 1044 bene
1429 1021 1556 1054 capax.

237 1061 412 1104 Quartum
439 1064 692 1105 argumentum
719 1062 809 1097 nihil
834 1062 943 1097 habet
968 1062 1105 1097 roboris
1131 1063 1192 1097 sed
1221 1063 1330 1107 fugae
1356 1065 1497 1098 tantum
1524 1075 1633 1098 causa
1659 1064 1783 1099 fictum
1810 1076 1891 1100 esse

118 1116 273 1151 videtur.
314 1115 435 1160 Nepos
460 1115 546 1149 ille³
571 1115 602 1149 si
629 1115 743 1150 bonus
769 1127 849 1150 esse
874 1115 983 1157 volet,
1009 1116 1176 1151 flectetur
1200 1116 1309 1151 facile
1334 1118 1451 1152 nuncb
1476 1129 1497 1151 a
1516 1117 1697 1164 Cardinalj
1724 1121 1764 1153 vt
1788 1119 1891 1154 nobis

118 1169 211 1204 hanc
236 1169 494 1204 habitationem
521 1168 702 1213 relinquat
727 1181 835 1214 quam
862 1169 938 1214 ipse
965 1181 1043 1204 meo
1078 1169 1209 1204 iudicio
1243 1182 1427 1215 nunquam
1453 1171 1566 1205 vellet
1600 1172 1643 1206 ob
1669 1174 1890 1207 vetustatem

117 1222 330 1258 inhabitare.
375 1221 409 1257 Si
436 1222 555 1256 malus
582 1233 661 1256 esse
679 1222 787 1264 volet,
814 1223 868 1257 vti
893 1225 1060 1258 metuunt
1085 1223 1270 1269 plaerique
1281 1225 1305 1265 ⁴,
1332 1223 1415 1268 quid
1441 1236 1526 1268 ergo
1553 1225 1587 1258 in
1615 1225 1891 1269 quadriennium

117 1276 400 1321 expectabimus,
427 1287 544 1320 quaue
569 1277 664 1321 spe‘?
713 1276 788 1310 Nec
821 1276 947 1311 decere
973 1277 1135 1320 videtur,
1170 1280 1213 1312 vt
1245 1280 1328 1322 post
1363 1277 1527 1312 vndecim
1563 1290 1676 1313 annos
1711 1279 1891 1324 patiamur

116 1336 201 1365 nos⁶
226 1329 261 1364 in
288 1329 377 1364 alios
412 1331 565 1373 quatuor
599 1329 737 1373 absque
772 1329 847 1364 vlla
882 1341 946 1375 spe
980 1330 1128 1365 meliore
1162 1331 1352 1376 suspendi,
1389 1331 1601 1376 praesertim
1637 1344 1717 1367 cum
1751 1332 1890 1367 interea

117 1382 373 1429 valetudinarij
392 1382 504 1417 Senes
529 1384 630 1424 mori,
656 1382 833 1427 multique
858 1384 981 1418 miseri
1008 1396 1115 1419 casus
1140 1385 1304 1433 accidere
1330 1385 1469 1430 possint
1495 1386 1556 1430 qui
1582 1386 1684 1420 nobis
1710 1386 1889 1421 duriorem

117 1437 254 1471 obicem
280 1437 431 1482 postead
457 1438 631 1482 ponerent
657 1437 702 1470 ad
729 1437 1016 1481 consequendam
1043 1437 1305 1472 habitationem
1332 1440 1555 1484 perpetuam.

236 1489 407 1532 Quintum
443 1492 499 1524 est
532 1489 624 1524 leue.
677 1488 712 1524 Si
747 1489 1032 1525 habitationibus
1066 1493 1194 1534 egent,
1230 1498 1314 1526 cur⁰
1339 1491 1477 1536 aliquot
1511 1493 1582 1526 iam
1616 1491 1743 1527 lustris
1768 1492 1890 1538 plures

115 1544 302 1578 elocarunt
332 1542 584 1578 secularibus?
634 1543 681 1577 Et
714 1544 888 1588 numquid
924 1544 1047 1578 eadem
1084 1544 1298 1580 difficultate
1333 1547 1472 1588 stante,
1509 1548 1676 1581 tenentur
1701 1557 1808 1580 vnam
1845 1559 1891 1581 ex

115 1597 303 1632 duodecim
337 1596 486 1631 aedibus
520 1596 761 1631 concionatori
793 1597 957 1639 tradere,
992 1598 1047 1633 vti
1081 1599 1218 1633 factum
1254 1600 1310 1633 est
1344 1600 1515 1644 semper?
1566 1599 1648 1634 Jmo
1674 1600 1783 1634 etiam
1810 1611 1890 1634 eam

116 1651 258 1685 domum
285 1662 394 1695 quam
419 1661 513 1684 nunc
539 1650 794 1691 inhabitamus,
820 1651 945 1686 multis
971 1651 1074 1686 annis
1099 1651 1220 1686 nullus
1249 1651 1449 1687 Canonicus
1475 1652 1702 1696 inhabitauit,
1728 1653 1791 1688 sed
1811 1653 1890 1689 Cal-

114 1704 270 1739 uinistae
296 1704 436 1738 cuidam
463 1703 581 1738 locata
607 1704 677 1738 fuit
701 1704 867 1739 seculari.

234 1757 384 1792 Sextum
410 1757 520 1792 habet
553 1757 696 1792 inanem
731 1760 886 1793 metum:
921 1758 974 1792 De
1008 1758 1142 1793 scholis
1178 1758 1273 1793 enim
1307 1759 1443 1794 nullam
1479 1771 1573 1794 nunc
1608 1760 1738 1794 attinet
1770 1760 1888 1795 facere

114 1811 351 1846 mentionem:
378 1812 414 1845 et
440 1814 589 1856 possent
614 1811 722 1846 etiam
748 1811 854 1846 huius
881 1812 932 1846 rei
958 1812 1036 1847 fieri
1055 1824 1218 1858 capaces,
1244 1813 1455 1858 praesertim
1482 1814 1513 1848 si
1536 1813 1769 1858 profiteamur
1794 1813 1889 1848 nolle

113 1876 179 1899 nos
205 1864 319 1899 vllum
345 1864 588 1910 Capitularem
614 1864 873 1900 scholasticum
899 1866 935 1900 in
962 1865 1111 1902 Scholas
1136 1869 1281 1901 nostras
1307 1867 1503 1912 suscipere.
1554 1866 1646 1901 Tum
1680 1866 1712 1902 si
1737 1878 1888 1913 capaces

113 1918 192 1953 fieri
216 1930 287 1952 non
313 1919 470 1963 possent,
498 1919 541 1953 de
567 1918 670 1953 domo
696 1919 859 1964 professa
885 1930 1086 1963 ageremus,
1114 1931 1206 1964 quae
1232 1919 1382 1954 Scholas
1408 1932 1478 1954 non
1504 1920 1586 1955 fert.

233 1971 443 2017 Septimum.
478 1971 626 2006 Vtinam
651 1972 688 2007 in
714 1984 756 2007 ea
782 1973 934 2018 pecunia
959 1973 1036 2008 sola
1062 1976 1160 2008 esset
1186 1973 1402 2009 difficultas:
1428 1974 1533 2008 modo
1560 1974 1654 2008 enim
1679 1973 1796 2009 locum
1823 1986 1888 2010 seu

112 2025 263 2060 fundum
290 2024 432 2068 donent,
457 2037 528 2060 non
546 2025 696 2060 deerunt
721 2026 783 2071 qui
809 2038 880 2061 non
905 2026 1020 2062 solum
1042 2027 1134 2063 1000
1151 2026 1295 2062 soluant
1319 2027 1383 2062 sed
1410 2030 1550 2062 tantum
1578 2028 1688 2062 etiam
1714 2030 1889 2072 quantum

114 2078 214 2114 valet
237 2080 353 2113 totum
379 2078 593 2114 aedificium.

233 2132 411 2167 Octauum
445 2132 495 2167 nil
530 2133 677 2178 opponit
710 2134 804 2178 quod
840 2136 977 2179 pugnet
1012 2146 1094 2169 cum
1130 2134 1467 2170 Constitutionibus.
1518 2134 1645 2170 Stante
1679 2135 1773 2169 enim
1808 2135 1886 2177 hoc,

114 2186 209 2231 quod
235 2186 424 2229 Augustae
449 2187 563 2221 simus
598 2190 634 2221 et
667 2199 811 2233 semper
835 2199 981 2222 manere
1016 2200 1058 2223 ac
1092 2188 1296 2224 concionari
1331 2188 1545 2230 debeamus,
1581 2191 1622 2223 vt
1647 2200 1770 2223 omnes
1804 2189 1887 2223 boni

113 2240 273 2285 cupiunt,
299 2239 426 2274 merito
449 2239 616 2284 petimus,
645 2240 697 2283 (et
722 2253 792 2276 non
818 2241 924 2276 aliter
941 2244 1050 2287 atque
1076 2241 1190 2287 alibi.)
1218 2245 1259 2277 vt
1283 2242 1385 2278 nobis
1410 2242 1553 2278 stabilis
1579 2244 1688 2287 atque
1713 2245 1887 2288 perpetua

112 2293 288 2329 habitatio
314 2292 532 2337 assignetur,
558 2305 666 2338 quam
691 2306 817 2329 secure
843 2295 1046 2331 inhabitare
1072 2296 1262 2342 possimus.

232 2346 378 2382 Confido
404 2346 527 2391 itaque
552 2346 588 2381 in
615 2346 776 2389 Domino,
804 2349 996 2395 contrarijs
1022 2350 1246 2393 argumentis
1272 2349 1362 2384 nihil
1388 2348 1626 2389 obstantibus,
1653 2348 1746 2393 quod
1774 2348 1814 2383 P.
1840 2349 1884 2384 V.

111 2402 282 2436 contenta
308 2400 387 2442 erit,
413 2403 455 2435 vt
479 2399 546 2435 hoc
571 2401 762 2444 negocium
787 2413 851 2447 pro
871 2401 1004 2448 Christj
1032 2403 1148 2446 gloria
1174 2405 1210 2438 et
1228 2402 1419 2438 Societatis
1445 2403 1629 2437 commodo
1656 2402 1824 2437 alacriter
1850 2405 1887 2437 et

112 2454 279 2500 precibus
304 2455 450 2489 adiutus
476 2454 679 2498 aggrediar.
731 2455 767 2490 Si
801 2454 852 2489 nil
886 2456 1057 2498 effecero,
1092 2457 1202 2491 etiam
1236 2456 1286 2491 nil
1322 2456 1456 2491 nocebo
1483 2456 1674 2498 Societati,
1710 2458 1747 2490 et
1778 2456 1886 2490 facile

112 2508 268 2543 efficiam
294 2510 334 2542 vt
359 2507 426 2542 hoc
452 2508 488 2542 in
515 2519 601 2543 casu
627 2508 746 2553 potius
772 2508 971 2554 capitulum
1004 2509 1041 2544 in
1067 2512 1166 2544 metu
1197 2510 1432 2555 relinquatur,
1467 2521 1575 2554 quam
1600 2521 1676 2544 nos.
1728 2509 1773 2544 Et
1798 2521 1885 2544 sane

111 2561 143 2596 si
169 2564 243 2596 tam
269 2561 485 2596 inhumanos
511 2573 549 2596 se
575 2561 800 2607 praeberent,
827 2564 974 2607 tamque
999 2574 1065 2598 sua
1095 2564 1254 2609 ipsorum
1289 2563 1474 2598 commoda
1510 2574 1552 2597 ae
1578 2563 1705 2597 bonam
1732 2563 1889 2598 famams

111 2615 340 2659 negligerent
367 2614 505 2659 (essent
539 2615 633 2650 enim
669 2616 1011 2651 commendatissimi
1047 2618 1114 2652 toti
1149 2617 1326 2652 catholico
1360 2616 1510 2662 populo,
1547 2617 1577 2651 si
1612 2616 1704 2651 hanc
1730 2617 1885 2660 gratiam

231 2687 258 2717 a)
278 2686 418 2718 Sequitur
437 2685 484 2717 de,
509 2686 545 2711 ab
564 2687 602 2711 Η.
623 2686 713 2711 oblitt.
814 2686 843 2717 b)
864 2687 925 2712 Hoc
945 2695 969 2712 v.
990 2688 1025 2711 ab
1045 2688 1082 2713 H.
1102 2695 1196 2719 supra
1216 2695 1333 2712 versum
1352 2688 1494 2719 scriptum
1514 2690 1565 2712 est.
1669 2687 1695 2719 o)
1716 2688 1752 2712 In
1771 2691 1884 2720 autogr.

109 2728 245 2760 sequitur
264 2728 390 2752 alterum
410 2734 477 2754 nos.
558 2727 588 2759 d)
610 2729 670 2753 Hoc
690 2736 715 2753 v.
735 2728 771 2753 ab
791 2729 828 2753 H.
847 2736 942 2760 supra
962 2736 1078 2754 ver-sum
1097 2730 1240 2761 scriptum
1260 2731 1310 2754 est.
1384 2730 1411 2760 e)
1433 2729 1572 2761 Sequitur
1592 2728 1669 2759 illas,
1688 2729 1724 2754 ab
1744 2730 1780 2754 H.
1795 2729 1886 2754 oblite.

112 2768 141 2801 f)
163 2770 302 2802 Sequitur
320 2768 375 2800 rel,
394 2770 430 2794 ab
450 2770 487 2794 H.
501 2769 591 2794 oblitt.

234 2883 243 2903 ¹
270 2881 471 2917 Cardinalis
496 2894 542 2917 m.
569 2883 665 2917 Maio
695 2883 786 2918 1568
811 2883 962 2918 Romam
989 2883 1173 2929 profectus
1199 2886 1274 2925 est;
1303 2895 1337 2919 v.
1363 2883 1469 2927 infra,
1496 2895 1590 2919 mon.
1616 2883 1656 2919 it.
1685 2883 1752 2928 (3).

231 2936 244 2955 ²
269 2935 355 2970 Otto
381 2936 437 2971 25.
465 2936 649 2971 Februarii
678 2937 770 2971 1514
805 2949 850 2971 ex
877 2937 1068 2972 Guilielmo
1102 2937 1243 2972 seniore
1268 2937 1505 2972 Truchsessio
1540 2937 1584 2972 de
1610 2937 1813 2980 Waldburg
1848 2938 1884 2971 et

109 2988 248 3033 Sibylla
273 2989 458 3024 comitissa
483 2990 527 3024 de
553 2989 786 3034 Sonnenberg
811 2992 918 3025 natus
953 2993 1050 3032 erat3
1087 2991 1164 3025 eius
1198 2993 1320 3025 autem
1355 2993 1458 3036 pater
1483 3003 1516 3027 a.
1535 2991 1627 3026 1518
1653 3003 1674 3026 a
1700 2990 1884 3036 republica

109 3044 314 3086 augustana
339 3054 486 3088 praeses
511 3044 670 3078 rusticus
700 3043 968 3088 („Landvogt“)
997 3044 1217 3079 constitutus
1244 3046 1323 3079 erat
1348 3044 1537 3088 (Vochezer
1561 3044 1583 3079 l.
1611 3056 1641 3080 c.
1668 3045 1702 3079 11
1731 3044 1827 3089 139).

230 3097 243 3116 ³
269 3095 482 3131 Gebhardus
507 3096 719 3132 Truchsess.
867 3099 879 3118 ⁴
905 3097 997 3132 Vide
1023 3109 1133 3143 supra
1159 3109 1191 3143 p.
1212 3098 1281 3133 365
1308 3098 1389 3134 379.
