2044 3335
202 98 288 140 596
841 95 936 130 Μο11.
963 95 1031 130 967
1058 96 1137 130 sive
1162 96 1201 130 it.
1224 96 1317 140 (20).

201 212 485 257 signifieaverat;
514 221 606 254 quae
632 210 743 245 etiam
768 213 960 245 censuerat
986 212 1145 256 pontifici
1171 211 1444 257 supplicandum
1482 224 1570 254 esse,
1606 215 1646 247 ut
1681 215 1826 259 propter
1851 225 1967 248 sacer-

203 266 323 300 dotum
350 263 535 310 penuriam
561 264 725 307 regiones
752 264 1052 308 septentrionales
1079 277 1120 299 ea
1146 265 1226 309 lege
1246 265 1430 301 eximeret.
1477 266 1600 308 „Sed“,
1627 266 1744 311 inquit
1762 268 1970 310 Sacchinus,

207 319 417 362 „Francisco
445 316 541 359 (cum
570 316 778 361 desperaret
803 317 956 360 exitum)
985 318 1183 352 modestius
1201 319 1319 352 visum
1347 321 1401 353 est
1429 320 1466 353 in
1490 330 1662 364 praesens
1688 319 1777 354 nihil
1802 321 1966 354 mouere¹⁴

206 372 316 416 (Hist.
335 370 368 405 S.
390 370 421 404 J.
441 369 503 410 ΙΙΙ,
529 369 551 403 1.
571 370 603 411 4,
629 382 664 405 11.
685 371 752 404 122
781 370 877 415 123).

323 423 562 466 Congregatio
597 423 828 468 provincialis
854 424 1070 468 Aquitaniae
1105 436 1168 469 per
1192 424 1232 459 P.
1259 424 1480 459 Ludovieum
1515 426 1558 459 de
1591 425 1768 460 Coudreto
1805 437 1973 470 procura·

203 480 317 511 torem
344 476 573 520 *quaesivit:
615 476 692 518 „An
729 476 801 522 legj
841 477 970 511 debeat
1007 478 1041 511 in
1080 477 1214 512 scholis
1241 477 1491 512 Catechismus
1517 478 1556 512 P.
1585 479 1731 524 Canisij,
1770 490 1816 513 an
1854 479 1974 524 potius

203 531 242 565 P.
263 530 415 575 Emundj
444 528 633 574 [Augerii]‚
660 533 696 564 et
721 541 767 564 an
793 530 961 575 expediat
978 531 1031 575 vtj
1058 531 1354 576 interpretatione
1380 531 1590 577 catechismj
1610 531 1772 576 Romanj.
1815 531 1973 577 Respon-

203 595 283 618 sum
319 586 374 618 est
408 585 450 616 vt
483 582 782 626 quemadmodum
817 582 992 617 hactenus
1029 585 1085 617 est
1119 584 1271 625 factum,
1306 586 1358 618 ita
1392 584 1456 619 fiat
1490 585 1602 619 donec
1631 585 1798 619 mittatur
1824 585 1973 619 Romam

205 637 447 672 catechismus
472 636 586 670 maior
611 639 648 670 et
672 636 787 670 minor
813 636 941 670 Latina
967 638 1003 670 et
1030 636 1170 671 Gallica
1196 637 1353 682 scriptus
1381 638 1418 673 P.
1439 638 1612 683 Emundj“
1645 638 1777 682 („Acta
1803 649 1972 682 congreg.

204 702 330 737 provv.
360 690 461 724 1567.
490 689 554 724 68⁴⁴
583 689 609 723 f.
628 688 744 733 23312).

324 743 456 786 Quodsi
474 743 634 788 pericula
653 745 688 776 et
711 743 945 784 incommoda,
973 754 1064 786 quae
1083 743 1118 777 in
1136 744 1320 788 superiore
1339 743 1542 785 Germania,
1568 744 1744 790 imprimis
1764 743 1974 790 Oeniponte,

205 797 318 831 Sociis
345 809 388 831 ex
425 796 605 840 frequenti
642 807 722 829 cum
757 796 826 840 piis
861 795 1071 830 mulieribus
1106 797 1318 831 commercio
1353 798 1560 832 oriebantur
1595 800 1630 832 et
1657 797 1792 832 Canisii
1817 799 1974 832 animum

203 850 356 884 multum
382 849 594 893 affligebant
614 849 721 892 (Can.
740 849 772 883 V
792 849 860 882 346
880 851 916 883 et
933 861 1042 894 supra
1061 862 1093 892 p.
1116 850 1182 884 150
1201 850 1299 894 275),
1326 851 1559 895 spectaveris,
1587 851 1650 884 vix
1669 851 1861 891 dubitabis,
1888 850 1972 895 quin

205 904 371 938 Canisius
390 903 449 937 vel
474 902 572 937 solus
591 902 649 936 vel
676 914 757 936 cum
784 902 865 936 aliis
884 903 1036 946 Borgiae
1062 903 1267 948 praeposito
1286 904 1447 947 generali
1465 907 1590 938 auctor
1615 904 1733 944 fuerit,
1759 907 1800 938 ut
1824 916 1870 938 m.
1891 904 1975 949 Sep-

206 957 335 992 tembri
362 968 393 990 a.
415 956 505 991 1568
531 956 783 990 *decerneretz
823 955 893 997 „Vt
919 958 1023 990 extra
1049 956 1235 1001 Templum
1262 957 1350 990 nulli
1377 968 1423 991 ex
1448 957 1582 991 nostris
1600 956 1853 991 Sacerdotibus
1870 957 1978 991 liceat

206 1010 422 1054 colloquium
448 1008 657 1054 protrahere
676 1020 754 1042 cum
774 1008 952 1049 faeminis,
979 1021 1045 1043 nec
1063 1021 1124 1043 eas
1151 1009 1185 1043 in
1205 1010 1367 1044 domibus
1394 1021 1516 1044 earum
1536 1010 1593 1044 vel
1613 1010 1815 1054 vbicunque
1841 1010 1976 1044 fuerint

207 1064 368 1103 visitare,
395 1074 460 1096 nec
487 1062 611 1096 literas
638 1064 701 1096 aut
726 1073 875 1096 munera
902 1062 975 1096 vlla
994 1062 1119 1105 (etiam
1147 1074 1239 1106 quae
1257 1063 1456 1097 deuotionis
1483 1063 1618 1107 aliquid
1642 1063 1773 1098 habere
1791 1063 1976 1106 videntur)

206 1118 251 1152 ad
277 1128 339 1151 eas
364 1116 519 1156 mittere,
545 1115 605 1149 vel
631 1116 771 1160 priuato
797 1115 939 1149 nomine
965 1116 1010 1150 ab
1036 1116 1108 1149 illis
1135 1116 1269 1160 aliquid
1297 1116 1456 1161 (praeter
1474 1116 1708 1151 eleemosinas
1734 1128 1824 1161 quas
1851 1117 1895 1151 ad
1914 1116 1977 1151 Ec-

208 1170 336 1205 clesias
374 1169 431 1203 vel
459 1168 620 1212 Collegia
654 1168 818 1211 mittunt)
858 1169 1038 1213 accipere;
1076 1169 1135 1203 vel
1171 1170 1282 1203 vllam
1319 1171 1461 1204 demum
1497 1170 1780 1204 familiaritatem
1813 1182 1893 1204 cum
1927 1171 1978 1204 eis

207 1224 339 1258 habere
366 1222 485 1257 liceat.
520 1222 566 1256 Jn
584 1222 729 1266 templis
747 1224 868 1255 autem
887 1234 1008 1256 earum
1028 1223 1270 1257 confessiones
1289 1235 1394 1267 quam
1413 1224 1570 1257 breuiter
1592 1223 1667 1257 fieri
1693 1223 1827 1268 poterit
1843 1223 1977 1267 audire,

209 1280 245 1312 et
280 1277 414 1311 eisdem
450 1275 721 1318 aegrotantibus
759 1275 868 1309 etiam
905 1276 1127 1310 Sacramenti
1155 1276 1402 1311 Paenitentiae
1438 1277 1647 1311 beneficium
1686 1277 1891 1321 impendere
1931 1276 1977 1320 (si

208 1342 297 1376 opus
324 1330 406 1372 erit)
429 1329 587 1363 adhibito
606 1329 702 1362 socio
728 1328 870 1362 licebit‘
895 1328 956 1371 (ex
979 1329 1205 1363 decretorum
1226 1330 1378 1373 Borgiae
1403 1330 1571 1371 indiculo,
1598 1341 1692 1364 saec.
1710 1329 1806 1363 XVI.
1825 1330 1978 1374 scripto;

210 1384 293 1418 Cod.
318 1383 376 1426 ,C.
398 1384 436 1416 1“
460 1395 492 1427 p.
513 1383 562 1425 7).

328 1437 521 1470 Praeterea
548 1436 731 1470 Canisium
765 1435 878 1469 Roma
915 1436 957 1469 ad
986 1436 1106 1470 Socios
1134 1435 1348 1470 Germaniae
1384 1436 1579 1481 superioris
1614 1437 1692 1471 sive
1727 1436 1863 1481 scripto
1899 1436 1978 1470 sive

209 1490 330 1525 verbis
356 1490 540 1524 rettulisse
567 1492 652 1533 puto
679 1489 721 1522 de
756 1489 995 1530 concessione,
1032 1490 1133 1523 cuius
1169 1492 1291 1523 exstat
1325 1489 1440 1523 adhuc
1475 1489 1542 1524 hoc
1568 1489 1839 1524 *testimonium
1869 1500 1977 1523 manu
2010 1500 2019 1506 ⁸

209 1544 250 1578 P.
279 1544 450 1589 „Ioannis
475 1544 516 1576 de
542 1541 720 1576 Polam-0“
753 1554 817 1584 „ex
843 1542 1092 1576 commissione
1118 1542 1239 1576 Patris
1264 1543 1377 1576 nostri
1409 1543 1623 1587 praepositi“
1658 1543 1722 1585 „12
1749 1542 1836 1576 Maii
1864 1543 1973 1577 1568*

209 1598 382 1642 scriptum
409 1598 446 1630 et
470 1596 732 1640 subscriptum:
764 1596 828 1638 „10
847 1595 933 1629 Maii
952 1595 1108 1629 diximus
1134 1607 1272 1629 summo
1298 1596 1466 1640 pontifici,
1495 1596 1538 1629 ab
1564 1596 1677 1640 ipsius
1703 1596 1979 1640 praedecessore

211 1651 409 1685 obtinuisse
427 1655 513 1684 1103ξι
539 1649 896 1683 communicationem
915 1649 1071 1683 omnium
1090 1649 1290 1692 gratiarum
1309 1649 1366 1683 etb
1392 1649 1661 1694 priuilegiorum
1681 1661 1772 1693 quae
1795 1649 1978 1683 ordinibus

211 1703 493 1737 Mendicantium
530 1704 651 1736 essent-
685 1713 865 1744 concessa,
901 1703 993 1746 quod
1030 1705 1065 1736 et
1102 1703 1179 1747 ipse
1217 1702 1372 1745 (scilicet
1404 1702 1485 1746 pius
1511 1702 1596 1745 V.)⁰
1622 1703 1906 1745 confirmauerat,
1943 1705 1978 1736 et

213 1757 378 1801 quamuis
404 1757 497 1790 inter
515 1756 664 1799 gratias,
691 1755 944 1800 comprehendi
970 1756 1224 1799 indulgentias,
1250 1755 1286 1789 in
1312 1757 1472 1789 fauorem
1498 1756 1760 1799 relligiosorum
1787 1756 1978 1790 eorundem

213 1821 402 1844 concessas
438 1809 740 1850 existimaremus,
772 1809 817 1842 ad
844 1809 1014 1842 maiorem
1049 1809 1327 1843 consolationem
1362 1811 1521 1843 nostram
1558 1810 1642 1851 fore,
1678 1809 1709 1843 si
1735 1809 1769 1843 S.
1797 1809 1979 1843 Sanctitas

212 1863 422 1905 declararet,
450 1863 542 1897 hanc
569 1874 648 1896 esse
673 1874 776 1896 suam
795 1864 962 1904 mentem,
990 1865 1030 1896 vt
1055 1863 1168 1897 nostri
1194 1862 1400 1896 fruerentur
1418 1862 1550 1896 eisdem
1577 1863 1822 1905 indulgentiis,
1850 1863 1978 1907 quibus

212 1917 458 1951 mendicantes
483 1916 553 1950 frui
580 1918 731 1960 possunt
751 1942 757 1949 .
776 1918 861 1949 tunc
887 1927 1049 1950 summus
1076 1916 1239 1960 pontifex
1265 1915 1325 1956 ait,
1352 1927 1432 1948 cum
1451 1916 1590 1958 gratiae
1616 1916 1660 1950 ad
1686 1917 1801 1951 instar
1826 1916 1976 1951 aliorum

212 1970 294 2004 aliis
320 1970 572 2010 conceduntur,
599 1981 669 2002 non
695 1969 946 2013 comprehendi
973 1969 1090 2003 solent
1115 1969 1371 2012 indulgentiae,
1406 1969 1469 2002 sed
1505 1981 1565 2003 eas
1592 1981 1658 2013 ego
1684 1970 1787 2005 vobis
1814 1969 1978 2010 concedo,

213 2026 250 2057 et
275 2023 521 2057 benedictione
556 2023 650 2064 data,
686 2022 721 2055 in
759 2034 889 2066 genere
925 2034 1130 2067 supponens
1166 2022 1520 2056 communicationem
1557 2024 1767 2066 gratiarum,
1804 2034 1865 2057 eas
1900 2035 1979 2057 con-

214 2077 341 2111 cessit⁴⁴
381 2077 443 2119 (ex
478 2075 719 2120 autographo;
757 2076 839 2110 Cod.
872 2076 1008 2117 „lustin
1045 2076 1128 2110 190“
1166 2087 1198 2120 p.
1229 2076 1300 2119 15).
1351 2075 1483 2109 Exstat
1517 2079 1702 2120 praeterea
1736 2076 1980 2122 apographum

215 2130 336 2164 eodem
363 2132 521 2174 tempore
547 2128 721 2173 scriptum
748 2127 975 2162 *litterarum
1002 2129 1235 2172 publicarum,
1263 2129 1393 2172 quibus
1418 2129 1626 2163 Alexander
1651 2130 1748 2163 tituli
1775 2129 1809 2164 S.
1838 2129 1980 2163 Ioannis

215 2185 298 2217 ante
324 2186 463 2228 portam
489 2181 637 2215 latinam
664 2181 855 2226 presbyter
882 2181 1082 2216 Cardinalis
1112 2183 1286 2216 eriballus
1311 2185 1539 2228 nuncupatus
1565 2183 1698 2217 Romae
1725 2185 1757 2217 5.
1776 2183 1869 2217 Iunii
1891 2183 1980 2216 1568

213 2239 380 2277 testatur,
411 2235 603 2279 „qualiter‘
636 2234 723 2268 Pius
749 2235 792 2269 V.
824 2235 948 2277 „uiuae
984 2235 1082 2269 uocis
1118 2235 1262 2269 oraculo
1298 2235 1401 2270 hodie
1437 2236 1538 2270 nobis
1572 2237 1668 2270 facto
1703 2236 1911 2276 declarauit,
1947 2239 1981 2270 et

216 2290 386 2330 decreuit,
412 2289 471 2322 ut“
502 2288 692 2323 Societatis
719 2299 891 2333 personae
909 2288 1187 2322 mendicantium
1215 2289 1449 2333 indulgentiis
1475 2290 1637 2324 omnibus
1668 2293 1761 2331 „tam
1786 2302 1849 2334 pro
1876 2289 1980 2330 uiuis,

215 2354 320 2386 quam
348 2354 411 2387 pro
438 2341 636 2375 defunctis“
659 2342 839 2375 concessis
862 2341 1038 2385 „gaudere
1064 2342 1214 2386 possint,
1241 2354 1283 2376 ac
1309 2345 1487 2387 quatenus
1513 2354 1602 2388 opus
1628 2343 1686 2383 sit,
1713 2343 1756 2376 de
1782 2355 1873 2377 novo
1901 2354 1980 2376 con—

216 2397 344 2430 cessit“
377 2395 413 2438 [l.
434 2407 463 2429 c.
482 2407 515 2440 p.
537 2396 608 2438 15).

220 2499 326 2536 96?
354 2501 432 2535 sive
459 2499 521 2536 it.
541 2499 681 2545 (20).
756 2499 812 2535 22.
831 2498 1045 2536 Novembris
1071 2499 1165 2536 1568.

336 2559 392 2594 Ex
426 2560 589 2605 exemplo
625 2559 838 2604 archetypo,
876 2560 1008 2594 Romae
1037 2560 1083 2603 (a.
1111 2561 1151 2594 P.
1179 2561 1368 2595 Francisco
1395 2561 1592 2595 Petrarcha
1618 2561 1652 2596 S.
1671 2562 1703 2596 J.
1716 2562 1751 2605 ‘?)
1779 2562 1914 2606 scripto
1947 2564 1983 2595 et

218 2613 382 2647 manibus
409 2612 543 2647 Canisii
569 2614 606 2647 et
631 2612 778 2647 Polanci
804 2613 1016 2658 subscripto,
1044 2614 1135 2657 quod
1162 2617 1284 2648 exstat
1312 2614 1349 2648 in
1376 2614 1459 2649 Cod.
1491 2614 1628 2656 „Instit.
1659 2615 1745 2649 190“
1775 2626 1808 2659 p.
1839 2615 1890 2649 17.
1942 2614 1983 2647 In

220 2666 341 2700 eodem
369 2666 498 2700 Codice
525 2668 670 2700 exstant
696 2666 765 2700 duo
792 2666 1000 2711 apographa
1025 2666 1169 2701 saeculo
1187 2667 1282 2701 XVI.
1302 2667 1436 2701 Romae
1461 2668 1607 2712 scripta,
1635 2679 1784 2711 quorum
1811 2668 1910 2712 prius
1937 2679 1984 2701 ex

219 2719 296 2763 ipso
333 2719 528 2764 archetypo
561 2720 756 2762 eademque
786 2731 904 2760 manu,
940 2732 1011 2764 qua
1045 2720 1161 2765 ipsum
1191 2721 1365 2765 scriptum
1392 2723 1447 2755 est
1481 2721 1726 2765 archetypum,
1763 2721 1983 2765 exscriptum

222 2774 277 2805 est
318 2772 461 2814 („Liber
498 2773 669 2816 antiquus
704 2772 920 2807 Viuaeuocis
959 2773 1202 2807 oraculorum“
1240 2774 1264 2808 f.
1302 2774 1482 2808 13b—l4b.
1535 2773 1588 2816 „S.
1616 2774 1657 2808 R.
1685 2774 1722 2808 E.
1752 2774 1978 2808 Cardinales“

222 2824 245 2856 f.
268 2825 466 2868 12b-13b).
509 2825 642 2869 Aliqua
668 2837 713 2859 ex
740 2826 904 2870 exemplo
923 2825 984 2859 illo
1002 2827 1198 2872 archetypo
1216 2827 1423 2861 summatim
1441 2827 1581 2871 prolata
1599 2828 1683 2860 sunt
1701 2827 1744 2860 ab
1767 2828 1803 2860 Ο.
1822 2828 1983 2860 Brauns-

223 2877 343 2920 berger
369 2878 402 2911 S.
423 2879 465 2919 J„
493 2878 580 2912 Pius
606 2878 648 2913 V.
675 2879 747 2914 und
774 2879 830 2912 die
856 2879 1053 2913 deutschen
1072 2880 1301 2920 Katholiken,
1329 2880 1502 2924 Freiburg
1527 2880 1548 2914 i.
1568 2880 1626 2914 ΒΓ.
1649 2880 1748 2921 1912,
1775 2881 1819 2914 47
1838 2881 1883 2915 49
1904 2880 1981 2914 101.

346 2938 510 2970 szisius
536 2943 566 2971 et
591 2939 766 2972 Polancus
791 2940 924 2972 adeunt
948 2940 1055 2973 Pium
1072 2941 1109 2972 V.
1156 2941 1226 2981 Qui
1245 2940 1390 2973 Cam'sz‘o
1409 2942 1595 2984 permittit,
1620 2945 1660 2973 ut
1685 2942 1723 2973 in
1753 2941 1985 2973 Germaniam

221 2990 338 3021 redeat
349 3001 362 3030 ,·
389 2990 503 3023 Sociis
527 2992 730 3032 facultatem
757 2993 988 3035 dispensandi
1021 2994 1057 3026 Ιἰη
1094 2993 1425 3035 irreqularitatibzcs
1460 2994 1669 3036 quibusdam
1703 2998 1732 3026 et
1767 2993 1877 3026 libros
1896 3004 1983 3036 pro-

342 3052 370 3082 a)
391 3054 528 3083 Sequitur
547 3053 748 3085 Facultatum,
766 3056 856 3080 oblitt.
956 3054 987 3087 b)
1008 3056 1146 3087 Sequitur
1166 3055 1405 3087 concessionum,
1425 3056 1513 3081 oblitt.
1615 3056 1640 3087 c)
1662 3057 1804 3081 Polancus
1824 3057 1875 3081 hos
1896 3064 1982 3081 uncos

223 3101 286 3118 cum
305 3094 368 3117 suis
388 3094 482 3118 rev-bis
501 3102 592 3125 supra
616 3103 728 3120 versum
744 3096 854 3127 pos-nie.
