2044 3335
139 75 224 116 600
545 72 640 105 Mon.
668 71 737 106 970
762 71 841 105 sive
866 82 1002 104 monac.
1025 70 1090 113 (l).
1133 71 1191 105 22.
1211 70 1378 105 Octobris
1405 71 1507 105 1567.

138 188 207 224 228
232 188 330 231 948).
373 188 476 221 Anno
501 188 622 220 autem
650 187 750 227 1565,
778 198 859 221 cum
877 187 1009 221 Ioanna
1035 186 1226 221 Francisco
1243 187 1395 221 Tusciae
1422 187 1511 228 duci,
1538 187 1698 222 Barbara
1715 187 1899 232 Alphonso

137 241 320 276 Ferrariae
355 241 435 274 duci
469 240 663 281 nuberent,
700 239 866 274 Canisius
900 240 1126 284 praepositus
1162 240 1395 285 provincialis
1432 240 1584 284 Borgiae
1619 241 1719 275 iussu
1756 241 1899 285 utrique

137 295 281 337 reginae
299 292 557 327 confessarium
575 304 784 336 germanum
804 292 911 334 dedit,
930 293 1012 327 huic
1026 293 1064 327 P.
1082 293 1313 327 Laurentium
1327 293 1611 335 Hermanntium,
1630 293 1682 327 illi
1698 294 1736 328 P.
1753 293 1900 328 Guiliel-

138 358 235 380 mum
269 346 477 380 Eldrensem
514 345 564 389 (v,
594 346 680 380 Gan.
700 346 733 381 V
761 346 856 390 118).
900 346 1016 388 Quare
1052 346 1158 380 facile
1193 346 1288 380 credi
1314 348 1442 391 potest,
1479 359 1559 381 eum
1594 359 1657 392 per
1683 346 1899 381 Florentiam

139 402 174 434 et
199 399 399 433 Ferrariam
424 399 599 433 transisse
634 398 850 443 reginasque
883 399 963 433 illas
989 399 1117 434 adisse.
1169 399 1359 434 Caeterum
1385 412 1430 434 ex
1464 400 1578 445 ipsius
1605 399 1739 434 Canisii
1770 399 1902 434 litteris

137 452 368 496 intellegitur,
404 463 484 486 eum
511 451 712 486 Florentiae
743 453 775 486 9.
803 455 837 486 et
867 452 919 487 10.
947 452 1154 486 Decembris
1190 464 1231 487 ac
1266 453 1421 487 fortasse
1456 454 1565 487 etiam
1599 453 1771 497 proximis
1808 453 1897 488 1—3

137 505 263 540 diebus
281 507 465 540 versatum
482 516 570 546 esse,
598 505 724 540 deinde
742 506 927 540 Ferrariae
953 505 1075 546 fuisse,
1103 505 1184 540 inde
1210 506 1409 550 profectum
1433 507 1576 551 „paucis
1595 506 1719 540 diebus
1737 506 1900 541 Venetiis

138 561 174 593 et
190 558 335 592 Patavii
360 558 601 600 substitisse“‚
630 559 683 593 18.
703 558 858 593 Ianuarii
885 559 973 593 1569
993 558 1229 604 Oenipontem
1253 559 1444 593 advenisse
1465 559 1514 600 (v.
1534 571 1642 604 supra
1660 571 1694 604 p.
1714 559 1782 594 235
1801 559 1900 603 244).

137 612 190 646 Ac
215 613 392 646 Polancus
417 612 530 646 Roma
550 612 603 646 12.
622 611 807 646 Februarii
828 613 916 646 1569
937 611 1084 646 Hoffaeo
1110 612 1405 657 viceprovinciali
1431 612 1623 657 *scripsitz
1655 612 1741 654 „Del
1760 613 1799 647 P.
1818 613 1904 647 Pro-

137 665 290 700 uinciale
318 665 459 699 Canisio
484 677 555 699 non
581 664 613 699 ci
639 665 683 699 da
709 666 809 700 auiso
835 665 962 699 alcuno
980 665 1023 699 V.
1042 665 1082 699 R.
1107 677 1151 700 ne
1176 665 1365 700 habbiamo
1383 677 1477 700 noua
1503 666 1545 700 de
1571 665 1621 700 lui
1648 666 1737 710 dopo
1764 665 1798 700 la
1824 678 1905 711 par—

137 718 205 753 tita
229 730 295 753 sua
321 718 356 753 di
382 718 535 753 Venetia
566 718 659 752 fatta
693 718 728 752 la
754 718 940 763 Epifania“
973 718 1033 761 (ex
1068 730 1190 763 apogr.
1217 719 1327 753 eiusd.
1354 721 1481 763 temp.;
1518 718 1637 754 Germ.
1664 720 1708 753 67
1735 719 1758 754 f.
1787 720 1904 763 21712).

138 771 255 814 Quare
280 772 332 807 sic
365 772 518 807 conicio:
555 771 737 806 Cauisium
772 772 838 806 sub
873 772 1029 806 medium
1065 784 1110 806 m.
1139 772 1372 807 Decembrem
1398 772 1596 807 Bononiam
1632 772 1766 817 petisse
1795 773 1904 816 (hanc

138 826 231 860 enim
265 827 390 870 petere
424 827 620 866 statuerat;
658 838 691 860 v.
718 837 827 870 supra
852 838 886 870 p.
913 826 997 868 235)
1028 827 1063 859 in
1090 826 1239 870 eiusque
1265 826 1364 860 urbis
1391 825 1538 869 collegio
1565 825 1746 871 paulisper
1771 826 1905 860 substi-

137 879 236 920 tisse,
263 879 389 913 deinde
414 879 573 913 natalem
599 878 733 913 Christi
761 879 833 923 (25.
860 879 1082 922 Decembris)
1112 880 1149 913 in
1175 879 1325 923 collegio
1352 879 1541 914 Societatis
1567 879 1783 921 ferrariensi,
1811 879 1903 913 diem

139 932 359 977 Epiphaniae
387 932 434 975 (6.
455 932 624 976 Ianuarii)
654 933 690 966 in
716 932 866 976 collegio
886 935 1014 966 veneto
1041 932 1253 974 celebrasse,
1280 934 1405 977 postea
1431 944 1564 977 paucos
1588 933 1664 967 dies
1689 933 1725 967 in
1751 932 1905 975 collegio

137 985 307 1031 patavino
334 985 395 1027 (cf.
423 997 532 1030 supra
557 998 590 1030 p.
618 986 702 1027 244)
730 987 917 1026 mansisse,
944 986 1024 1020 inde
1050 988 1171 1020 autem
1198 985 1436 1031 Oenipontem
1463 986 1596 1020 abisse.

258 1038 350 1080 Quid
367 1038 527 1072 Barbara
551 1039 677 1083 regina
694 1039 878 1073 Ferrariae
905 1050 986 1073 cum
1006 1038 1149 1074 Canisio
1167 1039 1369 1081 contulerit,
1397 1039 1626 1083 aliquatenus
1645 1039 1756 1073 conici
1783 1041 1906 1084 potest

139 1102 185 1125 ex
211 1091 348 1126 duabus
374 1091 547 1136 epistulis,
575 1103 726 1136 quarum
752 1104 859 1126 unam
883 1092 921 1126 P.
942 1091 1118 1136 Georgius
1144 1092 1373 1127 Schorichius
1401 1093 1433 1127 S.
1454 1093 1497 1133 J„
1524 1092 1675 1126 alteram
1695 1093 1734 1127 P.
1754 1093 1904 1127 [oannes

139 1144 182 1178 de
200 1145 355 1179 Polanco
375 1145 564 1179 Societatis
586 1146 801 1180 secretarius
820 1146 959 1180 dedere.
995 1145 1052 1180 Sic
1078 1145 1189 1189 igitur
1207 1146 1438 1180 Scheria-hius
1455 1146 1499 1179 ad
1519 1145 1715 1180 Polancum
1733 1146 1906 1190 ÷÷scripsit

138 1198 303 1232 Ferraria
335 1199 390 1233 26.
418 1198 638 1243 Septembris
667 1199 775 1234 1568:
810 1199 996 1234 Ferrariae
1027 1199 1303 1242 „Jllustrissima
1337 1199 1511 1233 Ducissa“
1542 1200 1573 1233 d.
1601 1199 1657 1233 26.
1685 1199 1906 1244 Septembris

143 1251 259 1294 „vltra
285 1252 374 1285 duas
400 1252 560 1295 integras
586 1252 692 1287 horas
718 1253 813 1286 circa
839 1264 897 1286 res
922 1264 1008 1287 suas
1034 1253 1196 1297 proprias
1214 1264 1353 1287 mecum
1379 1253 1480 1287 uaria
1499 1252 1690 1287 contullit.
1709 1253 1752 1286 de
1778 1252 1908 1296 quibus

139 1305 323 1339 omnibusa
349 1317 412 1339 suo
438 1308 598 1350 tempore
624 1306 686 1340 vbi
711 1306 755 1340 ad
782 1317 845 1340 nos
871 1305 912 1339 R.
938 1306 978 1341 P.
1006 1305 1171 1340 Canisius
1197 1318 1365 1340 reversus
1391 1306 1501 1340 fuerit
1527 1306 1644 1340 fusius
1671 1317 1777 1349 agam
1805 1333 1812 1340 .
1839 1317 1906 1340 sua

139 1359 233 1392 enim
259 1358 475 1392 Reuerentia
499 1359 615 1393 multa
649 1361 769 1404 potest
802 1360 838 1393 in
863 1360 1026 1394 omnibus
1062 1359 1149 1394 mihi
1179 1359 1388 1394 declaratis“
1421 1359 1483 1402 (ex
1509 1362 1664 1403 autogr.;
1693 1358 1734 1393 G.
1763 1359 1825 1404 Ep.
1852 1358 1903 1393 IX

139 1413 163 1446 f.
184 1412 295 1455 133³).
334 1413 512 1447 Polam-us
537 1414 658 1446 autem
685 1412 889 1447 Schorichio
915 1413 959 1446 ad
986 1413 1088 1447 binas
1114 1413 1263 1454 litteras,
1290 1413 1425 1447 alteras
1452 1413 1643 1455 Florentia,
1670 1412 1803 1447 alteras
1822 1412 1907 1446 Fer-

140 1466 235 1500 raria
253 1466 366 1506 datas,
393 1466 612 1510 respondens
630 1466 742 1500 Roma
761 1466 816 1500 30.
837 1466 1001 1501 Octobris
1022 1467 1112 1501 1568
1130 1467 1172 1501 de
1191 1467 1406 1510 Magdalena
1424 1468 1459 1500 et
1476 1466 1613 1500 Helena
1639 1466 1774 1508 reginis
1792 1477 1834 1499 ac
1861 1466 1903 1500 de

139 1519 210 1554 ΡΡ.
236 1519 368 1553 Ioanne
394 1519 524 1564 DyTsio
551 1522 587 1554 et
612 1519 725 1554 Paulo
752 1519 979 1554 Hetzcovaeo
998 1519 1031 1554 S.
1053 1521 1086 1555 J.
1114 1531 1235 1554 earum
1262 1520 1493 1554 confessariis
1520 1519 1713 1564 *scripsitz
1745 1519 1904 1562 ,Quanto

139 1572 211 1606 alle
228 1573 365 1616 Regine
384 1572 640 1617 Oenipontane,
667 1575 704 1607 et
728 1573 752 1606 il
772 1573 875 1607 modo
902 1574 937 1607 di
955 1574 1077 1607 uiuere
1104 1574 1139 1607 di
1158 1573 1275 1618 quelle
1294 1573 1349 1608 .V.
1369 1573 1575 1609 Reuerenza
1601 1575 1704 1618 potra
1722 1573 1908 1607 intendere

141 1637 179 1660 se
205 1637 291 1660 sono
318 1637 401 1660 uere
427 1626 460 1660 le
487 1637 568 1660 cose
595 1626 660 1660 che
687 1626 757 1660 han
784 1627 856 1660 dite
882 1627 918 1660 in
937 1627 1088 1661 Ferrara
1115 1627 1156 1661 de
1182 1627 1284 1661 lauar
1311 1627 1336 1660 li
1362 1627 1480 1672 panni,
1509 1627 1636 1668 cusire,
1664 1626 1813 1669 cuginar
1839 1629 1908 1661 etc.

140 1679 271 1724 perche
298 1681 368 1723 qua
393 1691 462 1714 non
480 1679 679 1714 haueuamo
705 1680 821 1714 inteso
839 1680 959 1714 niente
986 1681 1020 1715 di
1039 1683 1175 1725 questo,
1203 1683 1239 1714 et
1264 1692 1303 1714 se
1329 1680 1421 1715 fussi
1445 1680 1519 1714 cosi
1537 1680 1778 1714 conuerrebbe
1796 1679 1909 1713 anche

139 1733 325 1767 intendere
350 1744 389 1767 se
414 1732 440 1766 li
467 1733 662 1767 confessori
688 1733 759 1777 glie
785 1733 818 1767 lo
845 1734 962 1768 hanno
989 1734 1220 1777 consegliato,
1248 1737 1284 1768 et
1310 1733 1368 1768 all'
1383 1734 1471 1768 hora
1497 1733 1528 1767 si
1554 1733 1685 1767 uedera
1710 1745 1749 1767 se
1776 1733 1810 1766 di
1839 1734 1909 1776 qua

141 1785 172 1820 si
205 1797 275 1830 puo
310 1797 394 1820 usar
428 1786 534 1820 alcun
568 1787 735 1820 rimedio“
769 1786 829 1830 (ex
864 1798 986 1831 apogr.
1014 1787 1124 1821 eiusd.
1151 1789 1277 1832 te1np.;
1314 1787 1433 1821 Germ.
1461 1787 1504 1820 67
1533 1787 1556 1821 f.
1585 1786 1694 1829 188³).
1746 1786 1907 1828 Reginae

142 1851 188 1873 m.
208 1839 354 1873 Octobri
375 1839 464 1873 1568
483 1839 601 1873 aulam
629 1840 878 1880 dissolverant,
905 1841 1056 1875 retentis
1081 1843 1222 1875 tantum
1249 1853 1295 1874 ex
1317 1840 1528 1884 virginibus,
1555 1851 1646 1884 quae
1672 1840 1831 1884 ipsarum
1857 1840 1910 1873 in-

141 1893 308 1926 stitutum
333 1893 435 1936 sequi
461 1895 685 1933 statuerant;
721 1905 767 1927 ex
802 1905 841 1927 eo
875 1895 1036 1939 tempore
1070 1894 1217 1936 reginae
1252 1893 1351 1938 ipsae
1387 1893 1563 1927 curabant
1598 1904 1655 1927 res
1692 1892 1909 1927 domesticas

141 1948 284 1990 praeter
309 1957 415 1990 opera
450 1946 606 1980 maxime
640 1958 799 1991 operosa,
835 1947 964 1991 quibus
998 1947 1164 1981 curandis
1200 1947 1288 1981 duas
1323 1946 1478 1981 famulas
1510 1947 1755 1980 conduxerant
1785 1946 1906 1989 (Rapl)

142 1999 164 2033 l.
191 2010 221 2033 c,
249 1999 313 2039 71;
341 1999 386 2033 cf.
414 2000 522 2033 etiam
547 2000 665 2044 Dechr,
692 2000 764 2034 Jes.
792 2012 837 2034 an
864 2000 1126 2034 Fiirsteuhofen
1154 2000 1228 2043 81).

260 2061 315 2098 Ad
344 2061 475 2098 italica
500 2062 635 2099 Ganisii
662 2065 895 2100 monumenta
921 2065 1091 2109 spectant
1117 2063 1228 2100 etiam
1254 2073 1347 2100 mon.
1373 2063 1460 2099 1006
1486 2062 1567 2100 1010
1594 2053 1793 2099 1015—1017
1820 2061 1905 2098 1020

141 2114 220 2152 1021
243 2115 331 2152 1024
355 2115 441 2151 1028
467 2115 555 2152 1052
581 2115 663 2152 1055
690 2116 776 2153 1060
801 2116 881 2153 1071
906 2117 996 2153 1074
1023 2117 1120 2153 1075.

379 2317 834 2360 ΜθΝΠΜΕΝΤΑ
866 2246 1339 2361 ΜΟΝἏΟΕΝΞΙΑ
1372 2317 1674 2360 CANISII.

143 2393 249 2430 970
277 2394 355 2428 sive
381 2403 524 2429 mon.
545 2393 637 2438 (1).
713 2393 768 2428 22.
789 2392 960 2429 Octobris
987 2393 1084 2429 1567.

264 2453 319 2487 Ex
344 2453 578 2498 autographo.
630 2454 671 2488 G.
692 2454 755 2498 Ep.
774 2453 860 2488 VIII
886 2453 911 2488 f.
931 2454 1026 2488 233³.

263 2513 302 2547 P.
322 2514 495 2556 Hoffaeus
519 2518 687 2547 rectorem
705 2525 945 2547 monacensem
966 2525 1032 2556 per
1053 2514 1239 2547 Canise'am
1265 2514 1446 2555 colleytum
1468 2514 1662 2546 visitantem
1689 2512 1909 2545 emendatum

144 2568 195 2599 iri
218 2571 347 2609 sperat.
399 2567 493 2600 Eum
519 2568 560 2599 de
590 2567 733 2600 Canisz'o
758 2567 858 2599 haud
881 2568 969 2599 satis
994 2572 1192 2600 reverenter
1219 2567 1333 2609 loqui.

264 2620 454 2653 Monaelzto
496 2622 552 2653 22.
595 2621 752 2654 Octobris
791 2623 882 2654 1567
925 2622 1012 2664 (quo
1053 2625 1205 2663 tempore
1247 2620 1414 2652 Canz'szssccs
1449 2619 1687 2662 provincialis
1730 2619 1909 2660 colleyimn

145 2673 235 2705 illud
269 2673 455 2715 visitabat;
488 2685 517 2707 v.
543 2684 655 2716 supra
676 2685 714 2716 p.
743 2674 807 2713 91)
838 2673 874 2707 P.
900 2674 1038 2707 Paulus
1064 2674 1246 2715 Hoffamcs,
1283 2674 1344 2716 qui
1378 2677 1461 2705 tune
1487 2673 1761 2705 contionatorem
1791 2671 1912 2712 templi

145 2726 387 2759 Eremitarmn
415 2727 450 2759 S.
470 2728 674 2769 Act-(Justini,
702 2728 957 2768 confessarium
975 2727 1127 2760 eiusdem
1145 2726 1278 2769 templi,
1304 2727 1453 2759 rectoris
1472 2726 1749 2769 „admonitorem
1778 2728 1807 2756 et
1833 2734 1913 2756 con-

147 2777 347 2811 siliarium“
368 2780 489 2822 aqebat
508 2782 578 2820 (ita
596 2780 815 2823 ᾖΟαιέαἶοριιε
839 2782 1057 2813 monacensis
1080 2780 1196 2813 eodem
1213 2783 1364 2821 tempore
1381 2780 1556 2821 scriptus;
1581 2789 1609 2811 v.
1629 2788 1739 2821 supra
1754 2788 1793 2819 2).
1813 2775 1912 2822 91⁵),

149 2835 341 2873 „tanquam
375 2833 533 2866 Rectorz's
572 2832 780 2866 Consafflffl
817 2834 863 2866 ad
899 2834 934 2866 S.
962 2834 1195 2866 Franciscecm
1233 2832 1403 2874 Bormam
1436 2833 1680 2874 praepos-stum
1712 2830 1912 2874 ymen-alem

147 2883 282 2916 litteras
300 2885 404 2927 dedit,
424 2888 459 2917 in
479 2887 605 2929 quibus
622 2887 663 2918 de
676 2887 715 2918 P.
732 2887 917 2920 Dominico
934 2887 1099 2928 Menytno
1119 2886 1253 2928 colleytz·
1270 2886 1490 2918 monacensis
1508 2890 1641 2918 rectore
1658 2884 1753 2926 haec,
1766 2887 1914 2925 praeter

148 2937 231 2977 alia,
260 2937 430 2979 Bormam
455 2939 634 2972 monebat:
659 2940 839 2972 Rectorem
866 2941 927 2984 „in
949 2940 1182 2982 gubernando
1208 2949 1280 2972 non
1300 2949 1438 2981 param
1466 2936 1614 2981 valere“,
1639 2938 1698 2971 sed
1721 2937 1828 2969 nimis
1844 2936 1913 2969 sibi

148 2989 262 3032 ipsum
279 2990 396 3032 fidere,
413 3002 498 3023 suae
515 2993 738 3025 auctoritatis
756 2994 1014 3026 conservandae
1031 2993 1136 3025 rze'mis
1152 2992 1348 3025 studiosum
1364 3002 1443 3035 esse,
1463 3003 1541 3024 cum
1556 2993 1640 3025 aliis
1654 2991 1784 3023 darius
1798 2999 1913 3031 ayere,

268 3058 296 3088 a)
319 3058 419 3083 omnia
439 3060 536 3084 Sohar.
