2044 3335
742 101 887 145 Dilinga
913 102 970 136 23.
989 101 1081 136 Iunii
1109 101 1211 136 1569.
1776 103 1860 143 335

90 221 218 275 plane
250 221 331 262 hoc
362 234 500 273 genus
532 220 846 263 reuelationum
880 221 1186 275 improbamus,
1221 222 1265 262 et
1297 233 1455 262 nouum
1479 218 1862 273 Pythagorismum

90 285 308 340 reijcimus
323 287 350 329 1.

211 351 275 391 De
307 349 562 403 sumptibus,
598 363 705 402 quos
736 350 780 391 in
812 350 968 392 itinere
1001 350 1139 392 nostri
1171 350 1254 391 huc
1287 363 1342 391 ex
1375 349 1492 391 Vrbe
1525 348 1862 403 proficiscentes,

92 417 465 468 consumpserunt,
499 414 653 456 reddet
685 415 899 456 rationem
927 415 973 457 P.
998 414 1290 457 Prouintialis.

210 479 256 529 P.
273 479 546 521 Scherichius
569 494 713 522 coram
737 482 782 522 et
804 494 881 534 per
902 480 1053 523 literas
1076 494 1102 522 a
1124 493 1193 521 me
1215 479 1300 521 fuit
1322 479 1582 529 admonitus,
1617 481 1665 521 vt
1688 491 1864 520 causam

90 544 313 586 Ecclesiae
346 545 569 587 Romanae
609 545 837 596 iuuandae,
881 545 994 598 quod
1037 545 1092 587 ad
1130 546 1394 586 structuram
1430 544 1602 594 attinet,
1646 542 1865 597 Principi2

91 609 427 652 commendaret.
472 610 693 664 Expectat
716 610 998 661 occasionem,
1033 612 1081 652 ut
1104 608 1221 659 dicit,
1257 609 1606 658 commodiorem,
1642 610 1686 650 et
1707 607 1865 650 metuit

90 687 182 716 rem
204 688 290 715 non
312 674 474 728 optime
504 688 736 725 cessuram,
772 675 838 716 cui
860 678 1006 717 tamen
1041 673 1331 728 auspicandae
1355 687 1530 715 causam
1553 673 1646 726 ipse
1679 672 1863 726 primum

91 738 224 782 dedit.
287 739 415 781 Nunc
447 740 562 781 forte
594 740 829 793 scripserit,
864 740 966 793 quid
998 739 1056 783 sit·
1088 740 1303 781 effectum.

210 804 359 855 Doleo,
393 804 605 859 Principis
635 804 762 845 huius
796 805 1020 846 consilium
1054 804 1168 858 apud
1191 803 1431 858 Episcopos
1463 803 1506 844 in
1539 802 1705 856 synodo
1729 801 1864 843 Salis-

90 868 295 922 burgensi
327 868 432 910 nihil
464 869 691 923 profuisse,
729 883 825 910 cum
859 870 913 911 ab
945 870 1030 911 illis
1062 871 1235 924 peteret
1266 867 1503 910 subsidium
1545 867 1600 909 ad
1633 865 1864 919 collegium

93 933 395 975 Germanicum
438 934 566 976 isthic
607 934 961 988 promouendum.
1036 934 1295 977 Statuerunt
1336 933 1418 987 ipsi
1460 934 1648 986 quatuor
1696 931 1864 984 erigere

90 999 323 1041 seminaria
364 999 456 1041 sine
497 1013 630 1053 opera
663 999 895 1042 Societatis
909 1002 936 1042 3.
1000 1000 1095 1053 Ego
1137 998 1259 1041 nobis
1297 998 1533 1052 g1¹atulor³,
1578 1000 1622 1039 et
1655 999 1771 1052 opto,
1815 998 1864 1038 vt

91 1063 209 1105 sine
250 1064 408 1106 nobis
448 1065 728 1117 regnent&
763 1065 838 1106 sed
872 1064 1077 1118 exiguum
1111 1064 1236 1106 huius
1259 1063 1425 1105 decreti
1448 1063 1639 1105 fructum
1662 1063 1862 1116 expecto.

89 1127 296 1183 Princeps
337 1143 440 1171 uero
481 1130 595 1172 idem
629 1130 827 1171 Bauarus
869 1144 923 1172 ex
955 1130 1097 1172 animo
1131 1130 1253 1171 fauet
1287 1128 1544 1171 Germanico
1579 1127 1775 1181 collegio,
1819 1129 1865 1168 et

89 1193 276 1235 fructum
321 1194 411 1236 eius
452 1194 683 1248 intelligit:
725 1194 907 1248 ideoque
940 1195 1115 1249 scripsit
1147 1195 1202 1236 ad
1235 1194 1508 1237 Cardinaleni
1542 1194 1861 1247 Augustanum,

90 1261 134 1300 et
171 1258 215 1300 ni
246 1259 389 1310 fallar,
431 1260 485 1302 ad
522 1260 643 1302 Pont.
678 1261 795 1302 Max.
830 1263 878 1303 ut
910 1261 1084 1314 aliquod
1122 1260 1297 1302 futurae
1330 1258 1661 1302 contributionis
1692 1257 1863 1300 initium

90 1323 254 1365 Romae
286 1324 553 1376 instituatur,
588 1325 766 1368 fauente
798 1326 998 1367 nimirum
1032 1329 1076 1368 et
1109 1327 1370 1380 cooperante
1400 1323 1681 1367 Sanctissimo
1709 1324 1761 1366 D.
1785 1322 1863 1366 N.5

210 1389 328 1432 Scire
361 1391 569 1445 cupimus,
613 1391 744 1433 liceat
776 1405 830 1433 ne
864 1391 1044 1434 diuitum
1080 1394 1124 1434 et
1155 1390 1361 1433 nobilium
1395 1391 1520 1440 filios,
1564 1389 1635 1442 qui
1669 1389 1723 1431 ad
1757 1389 1864 1430 Ger-

90 1454 307 1496 manicum
349 1456 578 1510 collegium
619 1456 898 1510 recipiantur,
942 1456 1117 1510 suisque
1158 1456 1402 1511 sumptibus
1443 1456 1630 1504 alantur,
1673 1468 1699 1496 a
1740 1453 1864 1495 nobis

90 1519 218 1570 mitti,
262 1534 356 1562 cum
398 1524 557 1574 urgent
598 1521 737 1564 amici.
803 1522 964 1576 Scripsi
1005 1535 1155 1576 nuper,
1198 1522 1255 1564 M.
1282 1520 1562 1563 Godefridum
1604 1519 1700 1562 Zoti
1734 1519 1864 1561 Oeni-

90 1584 270 1638 pontani
296 1585 428 1628 filium
452 1587 515 1629 ita
537 1602 715 1642 prorsus
738 1587 995 1638 decreuisse,
1030 1589 1080 1630 vt
1101 1586 1301 1640 sequenti
1324 1589 1530 1629 autumno
1554 1586 1609 1627 ad
1633 1585 1863 1637 collegium

90 1649 243 1692 redeat
266 1651 582 1695 Germanicum.
627 1652 793 1694 Deinde
816 1655 918 1695 sunt
951 1653 1033 1695 duo
1056 1652 1143 1694 iam
1176 1655 1278 1695 ante
1302 1651 1592 1694 commendati
1615 1665 1641 1693 a
1664 1651 1710 1693 P.
1730 1650 1864 1692 Scho-

90 1714 223 1757 richio
256 1716 330 1770 filij
363 1717 635 1760 Bauarorum
669 1718 951 1768 dominorum,
992 1718 1044 1760 de
1078 1717 1231 1771 quibus
1264 1731 1519 1772 responsum
1551 1716 1686 1758 fuisse
1720 1715 1863 1765 credo,

92 1780 205 1832 quod
248 1781 383 1823 libere
427 1782 470 1824 in
512 1783 627 1826 uiam
673 1797 719 1825 se
765 1783 963 1827 darentss.
1035 1783 1116 1825 Est
1158 1785 1341 1836 quartus
1383 1783 1667 1836 Augustanus
1708 1780 1863 1823 summi

211 1869 239 1899 a)
264 1870 402 1901 Sequitur
422 1868 512 1902 quod,
533 1878 550 1894 (ι
572 1871 600 1895 C.
621 1871 712 1895 oblitt.

215 1978 224 1997 ¹
251 1976 481 2023 Pythagoras
510 1977 546 2020 (†
571 1978 638 2012 sub
665 1989 697 2012 a.
713 1977 782 2012 500
809 1989 840 2012 a.
857 1977 956 2021 Chr.)
986 1980 1022 2012 et
1048 1977 1271 2022 Pythagorei
1303 1977 1520 2011 docuerunt:
1553 1976 1746 2010 Hominum
1773 1987 1863 2009 mor-

91 2033 234 2064 tuorum
261 2031 400 2065 animas
426 2032 462 2064 in
488 2031 638 2065 aliorum
665 2031 848 2065 hominum
876 2034 987 2075 atque
1014 2031 1121 2065 etiam
1149 2031 1185 2064 in
1211 2031 1397 2065 brutorum
1424 2042 1573 2075 corpora
1599 2030 1775 2073 migrare3
1815 2029 1863 2063 ibi

92 2087 213 2118 autem
240 2096 301 2119 eas
327 2095 432 2129 posse
459 2086 521 2118 aut
546 2085 693 2130 purgari
721 2085 931 2130 expiarique
957 2087 1021 2119 aut
1046 2086 1097 2119 ita
1123 2096 1162 2118 se
1189 2096 1325 2129 gerere,
1364 2086 1405 2118 ut
1431 2084 1467 2118 in
1494 2086 1672 2118 tartarum
1699 2083 1863 2117 detrude-

92 2140 216 2172 rentur
241 2138 300 2172 vel
327 2139 361 2171 in
389 2138 460 2172 alia
486 2149 635 2183 corpora
661 2139 948 2172 transferrentur
977 2139 1060 2182 (Ed.
1091 2139 1215 2182 Zeller,
1243 2139 1308 2172 Die
1334 2137 1567 2183 Philosophie
1595 2138 1657 2171 der
1685 2136 1863 2170 Griechen

91 2191 126 2225 in
167 2191 262 2225 ihrer
299 2191 607 2234 geschichtlichen
646 2192 902 2236 Entwicklung
929 2193 976 2234 1⁵,
1017 2193 1165 2237 Leipzig
1205 2193 1307 2233 1892,
1345 2192 1549 2226 449—454.
1608 2192 1637 2224 I.
1665 2191 1862 2234 Dolltnyen,

92 2245 335 2280 Heidenthum
372 2245 444 2279 und
469 2245 702 2287 Judenthum,
739 2245 979 2290 Regensburg
1007 2247 1109 2287 1857,
1147 2246 1215 2281 230
1242 2245 1442 2280 291—292.
1496 2246 1628 2279 Leonlz.
1657 2245 1861 2287 Atzberyer,

92 2298 158 2333 Die
184 2299 394 2333 christliche
420 2298 685 2342 Eschatologie,
712 2299 888 2343 Freiburg
914 2300 936 2334 i.
957 2300 1015 2334 Br.
1036 2300 1139 2341 1890,
1168 2299 1386 2343 132—135).

214 2353 227 2373 ²
253 2352 404 2387 Alberto
423 2352 465 2386 V.
493 2352 593 2392 duci:
621 2364 656 2387 v.
675 2364 784 2397 supra
810 2365 843 2398 p.
864 2353 944 2388 326.

213 2406 226 2426 ³
250 2406 290 2440 In
325 2418 366 2440 ea
400 2406 537 2451 synodo
566 2405 627 2450 (cf.
655 2418 764 2451 supra
790 2419 822 2451 p.
843 2406 928 2449 290)
965 2407 1241 2448 constituerunt,
1278 2410 1318 2440 ut
1353 2406 1546 2440 seminaria
1572 2405 1782 2439 clericorum
1818 2404 1861 2439 ad

93 2460 235 2495 concilii
260 2460 448 2494 tridentini
474 2460 737 2504 praescriptum
765 2460 976 2504 Salisburgi,
998 2460 1195 2504 Frisingae‚
1215 2460 1424 2501 Passaviae,
1444 2459 1673 2499 Ratisbonae,
1693 2458 1863 2492 Brixinae

93 2514 358 2559 quamprimum
385 2514 623 2547 conderentur
651 2513 820 2556 (Constit.
841 2514 896 2554 60,
923 2526 952 2548 c.
975 2514 1076 2553 1*3‚
1104 2514 1197 2558 apud
1226 2514 1449 2557 Hartzheim,
1470 2511 1628 2547 Concilia
1648 2511 1863 2546 Germaniae

92 2568 161 2601 VII
179 2568 248 2603 230
266 2567 467 2608 378-380,
494 2570 530 2601 et
555 2568 657 2602 Flor.
677 2568 835 2600 Dalham
854 2567 895 2602 O.
912 2567 1028 2602 Schol.
1045 2567 1151 2609 Piar.,
1176 2567 1335 2602 Concilia
1354 2566 1655 2610 Salisburgensia,
1674 2566 1863 2609 Augustae

92 2622 198 2656 Vind.
220 2621 323 2663 1788,
351 2621 569 2665 528-530).

212 2677 225 2695 4
255 2677 268 2709 1
299 2675 367 2709 Cor
393 2675 424 2716 4,
452 2674 484 2708 8.

213 2730 226 2749 ⁵
252 2729 424 2763 Albertus
451 2728 535 2769 duX,
571 2727 737 2772 epistulis
767 2728 821 2762 18.
850 2727 973 2761 Martii
999 2729 1036 2761 et
1064 2727 1117 2762 18.
1146 2727 1237 2761 Iunii
1267 2727 1357 2761 1569
1385 2727 1534 2761 Romam
1571 2727 1614 2761 ad
1643 2726 1861 2760 cardinalem

93 2782 292 2817 Truchsess
331 2782 434 2823 datis,
470 2782 534 2816 Pio
560 2781 603 2816 V.
640 2781 968 2821 commendaverat,
1006 2782 1046 2814 ut
1082 2781 1234 2824 collegio
1269 2780 1475 2823 germanico
1513 2780 1668 2814 reditum
1703 2791 1861 2814 annuum

91 2837 267 2870 tribueret
285 2838 321 2870 et
338 2836 574 2878 magistratus
593 2834 790 2870 catholicos
815 2834 859 2868 ad
878 2834 971 2868 idem
990 2834 1194 2868 faciendum
1211 2834 1417 2868 hortaretur
1436 2834 1564 2877 (Goetz
1581 2833 1604 2868 l.
1620 2846 1648 2868 c.
1661 2833 1861 2869 468—469.

95 2890 306 2924 Steivzlmber
330 2889 352 2923 l.
373 2901 402 2924 c.
421 2889 459 2923 Ι2
484 2889 559 2932 90).

213 2944 226 2961 ““’
252 2943 291 2976 In
318 2942 358 2976 P.
378 2943 593 2987 Hieronymi
617 2943 740 2986 Nappi
766 2942 800 2976 S.
819 2942 852 2976 J.
878 2941 1054 2984 ·²‘³·„Annali
1081 2941 1137 2975 del
1164 2940 1382 2976 Seminari0“
1415 2940 1465 2985 (v.
1487 2942 1574 2975 Can.
1601 2941 1651 2976 IV
1669 2941 1753 2984 316)
1783 2952 1862 2974 nar-

94 2999 204 3039 ratur,
226 2997 280 3031 19.
296 2996 462 3030 Octobris
483 2997 573 3031 1569
600 2996 634 3030 in
663 2996 853 3039 collegium
879 2995 1125 3038 germanicum
1152 2995 1216 3029 hos
1236 2995 1379 3030 venisse
1406 2995 1652 3030 convictores:
1683 2994 1861 3037 „Christo-

94 3051 205 3096 phoro
232 3049 416 3084 Viestseki
459 3049 546 3094 [azio
588 3051 661 3084 loco
702 3048 989 3092 „Viestseschi“;
1016 3048 1302 3092 Wildenstein·?]
1342 3049 1537 3090 Todesco“,
1584 3047 1861 3092 „Christophoro

94 3104 298 3148 Guglielmo
318 3103 369 3138 De
388 3103 566 3147 Fonisegh
589 3103 840 3146 [FraunbergP
871 3103 925 3137 Cf.
944 3113 1054 3147 supra
1080 3113 1112 3146 p.
1133 3102 1233 3143 29073
1261 3103 1473 3147 Konigsegg
1483 3102 1515 3146 ‘?]
1535 3102 1731 3143 Todesc0“‚
1762 3101 1861 3144 „Elia
