2044 3335
646 100 688 134 ΙΙ.
716 100 942 135 Prooemium
968 100 1161 135 voluminis
1186 101 1293 136 sexti.
1774 116 1856 139 xvn

88 215 132 250 ab
168 216 319 250 a..1566
347 215 593 249 Ferdinandus
619 215 663 250 ΙΙ.
691 215 821 249 Tirolis
846 215 1013 260 princeps
1040 215 1180 259 imperii
1207 215 1336 257 civilis,
1370 217 1463 260 quod
1490 217 1646 262 episcopi
1672 219 1857 254 tridentini

87 268 276 310 habebant,
312 268 508 302 maximam
536 270 673 312 partem
711 279 887 313 occupare
924 268 1093 302 studebat
1122 268 1244 311 (225);
1281 269 1388 303 simul
1414 270 1585 304 Albertus
1611 270 1654 306 V.
1682 272 1858 306 Bavariae

87 321 159 356 dux
186 333 266 355 cum
292 321 328 354 in
354 321 444 355 alios
478 321 667 363 religiosos
701 323 776 355 tum
812 322 848 355 in
875 320 1066 355 Societatis
1091 320 1254 355 homines
1279 321 1431 356 multum
1468 323 1536 357 sibi
1561 325 1733 359 sumendo
1760 328 1857 370 pote-

87 373 193 408 statis
232 374 332 417 <24s5
359 374 462 417 258),
498 374 673 408 sodalium
709 374 995 408 moderatoribus
1030 373 1211 416 religiosis
1244 374 1479 410 difficultates
1514 377 1664 420 parabat
1700 378 1761 421 (93
1788 379 1857 414 312

87 426 155 460 329
182 427 288 469 568);
316 429 353 461 et
377 427 616 470 magistratus
642 428 768 462 civiles
795 438 912 472 saepe,
940 425 1187 461 ecclesiastica
1204 427 1431 462 immunitate
1450 429 1625 472 neglecta,
1651 432 1858 466 sacerdotes

87 480 296 521 evocabant,
324 480 366 514 de
384 480 428 514 iis
447 480 662 521 iudicabant,
682 492 742 514 eos
761 481 795 514 in
816 479 961 514 vincula
979 479 1224 520 coniciebant3
1251 480 1287 514 id
1305 481 1398 514 enim
1419 484 1454 515 et
1473 494 1517 516 ex
1541 485 1771 527 „patronatu“
1790 486 1857 520 sibi

86 532 194 566 licere
222 534 257 566 et
282 533 539 567 consuetudine
565 534 725 578 permitti
753 533 920 567 dicebant
946 533 1070 575 (195);
1109 532 1146 566 in
1172 533 1411 568 universitate
1438 539 1557 569 autem
1584 536 1859 580 ingolstadiensi

87 586 309 630 professores
335 586 422 620 iuris
449 586 706 631 professionem
742 587 826 620 fidei
852 598 916 631 per
951 585 1054 619 Pium
1082 586 1143 620 IV.
1170 588 1431 632 praescriptam
1459 600 1478 622 a
1506 592 1758 633 promovendis
1783 592 1858 626 exi-

87 650 171 681 gere
197 639 377 679 nolebant,
413 639 592 680 timentes,
628 651 684 680 ne,
720 639 937 674 Lutheranis
972 639 1231 684 professionem
1258 640 1553 684 detrectantibus,
1592 644 1660 688 ipsi
1685 646 1859 689 pecuniae

90 703 134 725 ex
160 693 383 736 promotione
410 692 477 726 sibi
504 693 750 737 provenientis
777 694 953 727 iacturam
980 693 1142 727 facerent
1169 693 1260 736 (46).

206 745 384 779 Molestiis
399 750 507 789 atque
526 745 666 780 iniuriis
682 746 771 779 varii
787 746 929 790 generis
944 745 1140 780 catholicos
1162 746 1370 781 afficiebant
1397 759 1418 792 p
1430 760 1447 782 r
1459 760 1477 782 o
1490 750 1746 792 testantes;
1771 763 1857 796 qua-

88 809 166 831 rum
192 810 307 842 pauca
332 810 460 843 ponam
480 798 657 843 exempla.
708 799 747 832 ln
767 798 887 839 Stiria,
915 798 1111 840 Carinthia,
1140 799 1307 834 Carniola
1325 802 1496 845 permulti
1524 814 1569 836 ex
1595 804 1781 839 nobilitate
1806 805 1857 840 in-

88 851 163 884 vito
183 851 311 885 Carolo
332 851 523 886 archiduce
545 851 859 886 Lutheranismum
882 853 1132 897 propagabant
1149 855 1186 887 et
1206 854 1367 888 e1usdem
1390 855 1507 899 palam
1537 858 1726 891 exercendi
1753 858 1858 893 liber-

88 906 199 938 tatem
228 905 272 938 ab
299 917 339 939 eo
367 907 581 948 extorquere
608 906 830 940 conabantur
859 906 972 949 (367).
1023 905 1224 948 Ulmenses,
1253 918 1378 951 pacem
1405 907 1589 951 religionis
1615 914 1857 954 augustanam

87 960 123 991 et
147 957 374 1003 imperatoris
399 958 570 992 mandata
587 961 808 1002 spernentes,
835 959 1000 1001 religioni
1027 959 1226 994 catholicae
1253 971 1299 994 ex
1326 961 1413 995 urbe
1440 963 1686 998 exturbandae
1713 977 1856 1009 operam

86 1011 270 1045 navabant
310 1012 396 1055 (340
434 1011 532 1055 379).
592 1011 825 1046 Vindobonae
863 1012 1115 1056 ludimagister
1163 1013 1307 1057 quidam
1358 1026 1508 1059 „pueros
1555 1017 1853 1062 symphoniacos“

87 1064 261 1098 ecclesiae
287 1064 505 1099 cathedralis
532 1065 653 1099 Sancti
673 1065 846 1110 Stephani
873 1066 916 1100 ad
944 1066 1202 1100 catechismum
1223 1067 1370 1101 Lutheri
1397 1068 1627 1104 ediscendum
1645 1071 1859 1107 verberibus

87 1118 238 1162 cogebat
253 1118 384 1162 (6832).
411 1118 599 1162 Augustae
613 1118 881 1153 Vindelicorum
900 1120 1055 1153 ministri
1074 1122 1318 1164 protestantes
1332 1133 1378 1155 ex
1391 1123 1606 1167 templorum
1622 1126 1858 1168 suggestibus

86 1174 273 1216 tantopere
307 1172 344 1206 in
370 1172 568 1206 catholicos
603 1172 825 1214 saeviebant,
864 1175 902 1206 ut
937 1184 997 1207 eos
1032 1185 1096 1218 per
1130 1174 1348 1218 reipublicae
1383 1179 1548 1210 senatum
1575 1177 1619 1211 ad
1645 1179 1857 1214 modestiam

86 1226 302 1259 servandam
328 1225 510 1259 admoneri
537 1238 683 1260 necesse
711 1230 808 1261 esset
837 1227 920 1268 (⁵222
947 1227 1046 1269 523).
1088 1228 1126 1260 In
1154 1227 1264 1261 Tiroli
1283 1227 1493 1263 Elisabetha
1520 1241 1540 1264 a
1559 1230 1676 1275 Spaur
1694 1236 1857 1267 matrona

86 1278 215 1313 nobilis
242 1279 400 1312 'rhomae
435 1291 455 1313 a
482 1278 598 1324 Spaur
624 1280 823 1324 propinquo
858 1292 923 1314 suo
959 1283 994 1314 et
1021 1281 1178 1325 episcopi
1206 1281 1425 1316 brixinensis
1453 1284 1663 1325 coadiutori,
1690 1286 1751 1330 qui
1778 1298 1857 1322 eam

86 1333 130 1366 ad
159 1344 298 1366 errores
317 1332 525 1366 lutheranos
545 1333 750 1367 abiciendus
780 1333 947 1368 hortatus
966 1336 1052 1374 erat,
1079 1334 1201 1369 libello
1220 1336 1405 1380 respondit
1423 1338 1629 1379 mendaciis,
1657 1340 1856 1382 calumniis,

85 1385 319 1430 blasphemiis
344 1385 449 1430 pleno
478 1386 591 1429 (348).
642 1387 757 1421 Multo
784 1388 892 1422 etiam
920 1388 1170 1422 vehementius
1205 1389 1400 1424 multorum
1435 1391 1545 1425 animi
1573 1393 1740 1427 commoti
1771 1397 1858 1429 sunt

86 1440 182 1474 facto
210 1440 365 1474 Eduardi
392 1439 569 1474 Thornaei
596 1440 737 1474 iuvenis
773 1441 891 1484 angli:
928 1441 996 1482 hic,
1032 1453 1112 1475 cum
1141 1441 1376 1477 Calvinianus
1403 1448 1499 1478 esset
1534 1445 1585 1487 (id
1611 1447 1705 1490 quod
1731 1450 1857 1492 postea

87 1493 310 1527 intellectum
337 1492 421 1537 est),
450 1494 587 1528 ventris
614 1494 759 1528 fovendi
786 1496 906 1537 gratia
925 1494 1143 1529 Societatem
1170 1496 1250 1529 Iesu
1277 1496 1382 1540 petiit
1409 1499 1444 1530 et
1470 1497 1505 1531 in
1533 1510 1584 1539 ea,
1612 1499 1745 1543 insigni
1772 1512 1860 1536 sane

87 1546 325 1587 simulatione,
352 1559 416 1591 per
442 1547 531 1581 duos
558 1548 701 1582 circiter
735 1560 847 1582 annos
882 1548 965 1582 fidei
991 1548 1191 1583 catholicae
1226 1552 1263 1583 et
1288 1550 1433 1594 pietatis
1460 1562 1562 1585 rarae
1588 1554 1746 1597 speciem
1772 1566 1859 1599 prae

87 1613 126 1635 se
152 1601 254 1641 tulit;
292 1600 354 1644 qui
381 1612 461 1634 cum
487 1601 643 1642 tandem,
679 1601 909 1636 simulatione
946 1602 1118 1646 deposita,
1155 1602 1300 1646 Dilinga
1326 1603 1526 1647 Lauingam
1561 1606 1603 1639 ad
1632 1606 1859 1643 Lutheranos

88 1654 320 1698 confugisset,
357 1653 393 1687 hi
419 1666 489 1688 non
515 1655 631 1689 solum
658 1655 831 1689 sollemne
858 1655 1093 1690 instituerunt
1119 1656 1374 1701 spectaculum,
1402 1669 1471 1702 quo
1502 1658 1711 1694 Thornaeus
1738 1673 1855 1696 coram

88 1709 247 1754 principe
274 1708 440 1742 Palatino
466 1719 669 1753 magnaque
696 1709 877 1743 hominum
914 1709 1145 1744 multitudine
1177 1710 1387 1754 religionem
1424 1712 1635 1747 catholicam
1668 1714 1860 1750 abiurabat

88 1765 124 1797 et
150 1765 244 1796 tetra
270 1762 305 1795 in
333 1773 410 1796 eam
439 1763 601 1796 convicia
619 1763 825 1797 effundebat
855 1763 1017 1806 (58s61);
1044 1764 1108 1797 sed
1127 1764 1235 1798 etiam
1254 1776 1296 1798 ea
1314 1765 1356 1798 de
1383 1777 1421 1799 re
1440 1766 1599 1801 libellum
1631 1767 1857 1809 „Gratiarum

88 1816 258 1851 actionis“
298 1817 334 1850 et
360 1815 470 1850 latine
497 1819 533 1850 et
559 1817 765 1860 germanice
791 1817 968 1852 edendum
1004 1820 1186 1859 curarunt,
1223 1830 1292 1862 quo
1319 1819 1497 1863 primatus
1523 1821 1712 1865 pontificis,
1748 1824 1857 1857 sacri-

87 1870 209 1905 ficium
235 1871 377 1910 missae,
404 1869 475 1903 alia
502 1870 708 1905 foedissime
734 1871 1038 1916 oppugnabantur
1065 1871 1180 1915 (718).
1233 1872 1302 1905 Alii
1330 1883 1471 1916 quoque
1499 1874 1575 1908 eius
1602 1876 1744 1918 generis
1776 1876 1857 1911 libri

87 1924 426 1958 disseminabantur.
471 1924 526 1957 Ita
552 1924 704 1958 Ioannes
723 1924 928 1968 Wigandus
946 1924 1150 1968 theologiae
1169 1925 1381 1960 lutheranae
1401 1926 1436 1960 in
1464 1927 1702 1963 universitate
1721 1929 1858 1965 ienensi

87 1978 269 2023 professor
304 1978 338 2011 et
373 1976 659 2012 Lutheranorum
694 1978 894 2013 ienensium
921 1978 1230 2023 superintendens,
1267 1979 1302 2013 in
1344 1980 1614 2022 „Refutatione¹‘
1646 1983 1859 2018 catechismi

86 2031 259 2066 canisiani
287 2030 416 2064 iterum
443 2042 464 2065 a
489 2042 528 2065 se
565 2032 661 2066 edita
688 2032 822 2066 Beatae
849 2032 986 2067 Mariae
1012 2032 1174 2075 Virginis
1208 2033 1436 2068 invocatione
1470 2035 1745 2071 abominandam
1780 2050 1858 2082 per-

84 2085 219 2131 petrari
237 2083 477 2118 idololatriam
497 2085 646 2120 docebat
673 2090 709 2120 et
727 2087 946 2120 monasteria
965 2086 1083 2120 omnia
1102 2086 1309 2121 affirmabat
1335 2099 1415 2122 esse
1441 2088 1638 2133 lupanaria,
1666 2090 1701 2125 in
1728 2092 1857 2136 quibus

85 2151 130 2173 ex
157 2137 337 2184 pontificis
364 2137 422 2172 vel
442 2139 709 2183 dispensatione
736 2140 795 2174 vel
824 2141 995 2174 mandatu
1014 2141 1142 2185 stupra
1159 2140 1288 2175 fierent
1317 2141 1441 2184 (696);
1470 2144 1506 2177 et
1525 2142 1674 2178 Iacobus
1691 2144 1857 2179 Andreae

85 2193 317 2238 praepositus
343 2191 564 2235 tubinganus
591 2193 626 2226 in
657 2192 951 2235 „Gratulatione“
975 2192 1173 2228 Germanos
1201 2194 1372 2229 certiores
1398 2195 1565 2237 faciebat,
1593 2197 1858 2233 contionatores

85 2245 282 2280 catholicos
318 2245 506 2287 Bavariae,
543 2245 644 2280 velut
677 2246 826 2288 Nasum,
862 2247 1107 2289 Lautherium,
1144 2247 1444 2291 Eisengreinium‚
1479 2250 1634 2284 Iesuitas
1661 2253 1740 2291 etc„
1776 2264 1856 2286 cum

86 2300 269 2335 Christum
306 2311 368 2343 per
404 2300 608 2343 passionem
643 2311 744 2334 suam
782 2313 845 2346 pro
882 2301 1064 2335 hominum
1102 2302 1261 2346 peccatis
1299 2303 1525 2338 satisfecisse
1560 2304 1731 2346 dicerent,
1766 2306 1856 2340 nihil

84 2354 153 2388 nisi
179 2352 397 2399 praestigias
423 2364 541 2396 agere,
577 2365 640 2398 per
666 2365 757 2397 quas
784 2354 1000 2389 Lutheranis
1039 2355 1158 2389 odium
1186 2356 1341 2390 conflare
1368 2356 1522 2397 vellent;
1558 2369 1673 2402 neque
1700 2359 1795 2393 enim
1820 2359 1856 2394 in

83 2407 303 2442 catechismo
323 2406 468 2447 Canisii,
494 2406 555 2440 ubi
582 2407 624 2441 de
648 2410 879 2452 peccatorum
898 2408 1103 2454 expiatione
1122 2415 1367 2453 quaereretur,
1388 2410 1522 2445 Christi
1542 2411 1745 2456 passionem
1764 2424 1856 2447 com-

85 2462 272 2495 memorari
303 2461 425 2503 (673);
452 2461 605 2495 loannes
631 2464 751 2496 autem
771 2463 946 2497 Marbach
973 2462 1176 2507 theologiae
1202 2463 1416 2498 lutheranae
1442 2465 1624 2509 professor
1649 2469 1857 2510 argentora-

83 2515 197 2549 tensis
224 2515 259 2549 in
287 2514 377 2548 libro
404 2514 446 2549 de
472 2514 656 2549 miraculis
682 2517 880 2561 composito
899 2517 1157 2552 asseverabat:
1186 2516 1364 2561 Quidquid
1385 2517 1559 2562 Ottingae
1578 2518 1722 2554 Veteris
1750 2520 1856 2564 (cele-

84 2568 236 2602 berrimo
262 2568 323 2602 illo
352 2568 527 2602 Bavariae
554 2568 647 2612 loco)
684 2569 750 2604 sub
785 2570 905 2615 specie
943 2570 1141 2604 officiorum
1169 2571 1371 2604 divinorum
1398 2574 1578 2614 ageretur,
1615 2573 1750 2607 cultum
1776 2585 1857 2609 esse

84 2621 276 2661 daemonis,
304 2624 340 2655 et
365 2621 562 2657 catholicos
588 2634 629 2656 ea
655 2625 777 2657 tenere
805 2635 847 2657 ac
874 2624 1074 2665 defendere,
1103 2635 1194 2668 quae
1213 2624 1358 2669 ipsimet
1383 2625 1489 2669 plane
1507 2626 1641 2660 scirent
1659 2626 1856 2662 falsissima

84 2678 120 2709 et
145 2687 291 2720 prorsus
317 2676 473 2709 nefanda
499 2687 579 2710 esse
608 2677 761 2720 (652s3).
814 2677 903 2712 Cum
930 2677 1083 2721 denique
1110 2677 1277 2712 catholici
1304 2677 1415 2722 aliqui
1447 2680 1658 2721 „Anatomia
1685 2680 1853 2715 Lutheri“

84 2730 120 2763 in
145 2729 261 2763 lucem
289 2729 420 2763 emissa
447 2731 629 2764 variarum
656 2729 800 2764 illarum
826 2734 1007 2765 sectarum
1035 2733 1230 2774 magistros
1257 2731 1523 2776 expressissent
1549 2745 1679 2778 corpus
1707 2734 1856 2769 Lutheri

85 2783 307 2816 dissecantes
333 2785 369 2816 et
395 2782 489 2817 inter
514 2795 553 2817 se
589 2783 846 2818 distribuentes
875 2784 1005 2827 (35s6),
1041 2785 1154 2819 multo
1181 2785 1299 2828 magis
1324 2785 1498 2830 probrosa
1524 2787 1643 2830 imago
1670 2799 1714 2822 ex
1740 2790 1856 2833 prote·

85 2837 257 2871 stantium
284 2837 503 2880 quorundam
525 2837 669 2871 officina
696 2838 846 2882 prodiit:
875 2838 1043 2872 Pontifex
1061 2839 1220 2884 speciem
1246 2839 1321 2873 suis
1339 2839 1487 2874 indutus
1507 2840 1662 2875 Iesuitas
1688 2842 1855 2886 parturit,

83 2890 186 2924 furiis
212 2889 445 2924 obstetricum
471 2902 618 2924 munere
645 2891 878 2934 fungentibus
907 2891 1021 2935 (376).

204 2942 292 2977 Cum
327 2943 439 2987 igitur
465 2955 544 2978 cum
572 2944 760 2978 catholicis
786 2945 879 2979 male
906 2948 1085 2989 ageretur,
1119 2946 1227 2980 etiam
1263 2946 1401 2991 peius
1436 2948 1771 2991 protestantes
1806 2960 1855 2983 se

84 2995 337 3030 habebant.
388 2997 603 3041 Altenburgi
638 2998 673 3032 in
703 2998 908 3042 „religionis
943 2999 1139 3044 colloquio“
1169 3000 1329 3035 Flaciani
1365 3002 1402 3034 et
1427 3000 1760 3036 Melanchthoniani
1792 3014 1857 3047 per

88 3050 131 3084 14
147 3049 390 3084 hebdomadas
408 3051 451 3085 de
469 3051 721 3086 iustificatione
739 3052 834 3086 inter
851 3064 890 3086 se
909 3053 1143 3098 disputabant
1161 3054 1259 3088 rabie
1285 3065 1428 3098 magna,
1456 3054 1577 3088 fructu
1604 3055 1702 3090 nullo
1724 3056 1853 3099 (342⁵).

89 3102 249 3144 „Litibus
276 3105 312 3137 et
337 3103 426 3138 rixis
453 3104 697 3139 delectantur“
737 3106 893 3141 ministri
927 3106 990 3148 illi,
1026 3107 1142 3151 inquit
1169 3107 1355 3149 Canisius;
1395 3108 1468 3150 „sic
1494 3109 1668 3152 paulatim
1705 3121 1723 3143 e
1750 3109 1855 3144 malis

1521 3167 1570 3201 b*
