<?xml version="1.0" encoding="UTF-8"?>
<!DOCTYPE html PUBLIC "-//W3C//DTD XHTML 1.0 Transitional//EN"
    "http://www.w3.org/TR/xhtml1/DTD/xhtml1-transitional.dtd">
<html xmlns="http://www.w3.org/1999/xhtml" xml:lang="en" lang="en">
 <head>
  <title>
</title>
<meta http-equiv="Content-Type" content="text/html;charset=utf-8" />
  <meta name='ocr-system' content='tesseract 3.04.00' />
  <meta name='ocr-capabilities' content='ocr_page ocr_carea ocr_par ocr_line ocrx_word'/>
</head>
<body>
  <div class='ocr_page' id='page_1' title='image "beatipetricanisi06cani_0607.png"; bbox 0 0 2044 3335; ppageno 0'>
   <div class='ocr_carea' id='block_1_1' title="bbox 284 84 1859 131">
    <p class='ocr_par' dir='ltr' id='par_1_1' title="bbox 284 84 1859 131">
     <span class='ocr_line' id='line_1_1' title="bbox 284 84 1859 131; baseline -0.001 -13"><span class='ocrx_word' id='word_1_1' title='bbox 284 85 378 120; x_wconf 90' lang='lat' dir='ltr'>Mon.</span> <span class='ocrx_word' id='word_1_2' title='bbox 406 85 474 119; x_wconf 80' lang='grc'>928</span> <span class='ocrx_word' id='word_1_3' title='bbox 500 85 579 120; x_wconf 89' lang='lat' dir='ltr'>sive</span> <span class='ocrx_word' id='word_1_4' title='bbox 605 86 664 120; x_wconf 89' lang='lat' dir='ltr'>dil.</span> <span class='ocrx_word' id='word_1_5' title='bbox 687 86 751 129; x_wconf 89' lang='lat' dir='ltr'>(l).</span> <span class='ocrx_word' id='word_1_6' title='bbox 794 86 826 120; x_wconf 95' lang='lat' dir='ltr'>A</span> <span class='ocrx_word' id='word_1_7' title='bbox 852 98 897 121; x_wconf 94' lang='lat' dir='ltr'>m.</span> <span class='ocrx_word' id='word_1_8' title='bbox 918 86 1119 131; x_wconf 71' lang='lat' dir='ltr'>Septembri</span> <span class='ocrx_word' id='word_1_9' title='bbox 1148 86 1238 121; x_wconf 87' lang='lat'>1566</span> <span class='ocrx_word' id='word_1_10' title='bbox 1265 86 1309 120; x_wconf 87' lang='lat' dir='ltr'>ad</span> <span class='ocrx_word' id='word_1_11' title='bbox 1338 84 1530 119; x_wconf 75' lang='lat' dir='ltr'>Octobrem</span> <span class='ocrx_word' id='word_1_12' title='bbox 1560 84 1660 118; x_wconf 81' lang='lat'>1567.</span> <span class='ocrx_word' id='word_1_13' title='bbox 1774 87 1859 127; x_wconf 84' lang='lat'>533</span> 
     </span>
    </p>
   </div>
   <div class='ocr_carea' id='block_1_2' title="bbox 90 199 1863 1044">
    <p class='ocr_par' dir='ltr' id='par_1_2' title="bbox 90 199 1863 1044">
     <span class='ocr_line' id='line_1_2' title="bbox 93 199 1861 247; baseline -0.001 -13"><span class='ocrx_word' id='word_1_14' title='bbox 93 201 338 235; x_wconf 66' lang='lat' dir='ltr'>desiderium?</span> <span class='ocrx_word' id='word_1_15' title='bbox 373 201 505 236; x_wconf 90' lang='lat' dir='ltr'>habere</span> <span class='ocrx_word' id='word_1_16' title='bbox 531 202 751 246; x_wconf 78' lang='lat' dir='ltr'>peccuniam,</span> <span class='ocrx_word' id='word_1_17' title='bbox 787 215 850 247; x_wconf 88' lang='lat' dir='ltr'>per</span> <span class='ocrx_word' id='word_1_18' title='bbox 886 203 941 236; x_wconf 85' lang='lat' dir='ltr'>fas</span> <span class='ocrx_word' id='word_1_19' title='bbox 976 205 1013 237; x_wconf 92' lang='lat' dir='ltr'>et</span> <span class='ocrx_word' id='word_1_20' title='bbox 1046 203 1160 245; x_wconf 84' lang='lat' dir='ltr'>nefas,</span> <span class='ocrx_word' id='word_1_21' title='bbox 1197 203 1233 236; x_wconf 93' lang='lat' dir='ltr'>in</span> <span class='ocrx_word' id='word_1_22' title='bbox 1268 202 1344 237; x_wconf 90' lang='lat' dir='ltr'>ocio</span> <span class='ocrx_word' id='word_1_23' title='bbox 1369 202 1501 243; x_wconf 82' lang='lat' dir='ltr'>uiuere,</span> <span class='ocrx_word' id='word_1_24' title='bbox 1537 202 1677 235; x_wconf 88' lang='lat' dir='ltr'>etcum</span> <span class='ocrx_word' id='word_1_25' title='bbox 1709 199 1861 234; x_wconf 87' lang='lat' dir='ltr'>aliorum</span> 
     </span>
     <span class='ocr_line' id='line_1_3' title="bbox 93 253 1861 300; baseline -0.001 -12"><span class='ocrx_word' id='word_1_26' title='bbox 93 254 223 288; x_wconf 87' lang='lat' dir='ltr'>iniuria</span> <span class='ocrx_word' id='word_1_27' title='bbox 241 254 425 296; x_wconf 81' lang='lat' dir='ltr'>ditescere,</span> <span class='ocrx_word' id='word_1_28' title='bbox 453 255 489 289; x_wconf 80' lang='grc' dir='ltr'>2ο</span> <span class='ocrx_word' id='word_1_29' title='bbox 508 266 599 299; x_wconf 87' lang='lat' dir='ltr'>quae</span> <span class='ocrx_word' id='word_1_30' title='bbox 625 255 766 289; x_wconf 90' lang='lat' dir='ltr'>illorum</span> <span class='ocrx_word' id='word_1_31' title='bbox 786 256 985 300; x_wconf 87' lang='lat' dir='ltr'>prudentia,</span> <span class='ocrx_word' id='word_1_32' title='bbox 1013 267 1155 290; x_wconf 85' lang='lat' dir='ltr'>carnem</span> <span class='ocrx_word' id='word_1_33' title='bbox 1184 258 1219 290; x_wconf 91' lang='lat' dir='ltr'>et</span> <span class='ocrx_word' id='word_1_34' title='bbox 1237 256 1450 298; x_wconf 83' lang='lat' dir='ltr'>sanguinem</span> <span class='ocrx_word' id='word_1_35' title='bbox 1468 254 1623 289; x_wconf 89' lang='lat' dir='ltr'>uendere</span> <span class='ocrx_word' id='word_1_36' title='bbox 1650 253 1713 288; x_wconf 91' lang='lat' dir='ltr'>uili</span> <span class='ocrx_word' id='word_1_37' title='bbox 1731 253 1861 298; x_wconf 87' lang='lat' dir='ltr'>precio,</span> 
     </span>
     <span class='ocr_line' id='line_1_4' title="bbox 96 306 1863 353; baseline -0.001 -12"><span class='ocrx_word' id='word_1_38' title='bbox 96 309 132 341; x_wconf 91' lang='lat' dir='ltr'>et</span> <span class='ocrx_word' id='word_1_39' title='bbox 157 319 196 342; x_wconf 90' lang='lat' dir='ltr'>se</span> <span class='ocrx_word' id='word_1_40' title='bbox 222 308 320 352; x_wconf 89' lang='lat' dir='ltr'>ipsos</span> <span class='ocrx_word' id='word_1_41' title='bbox 346 308 466 342; x_wconf 82' lang='lat' dir='ltr'>facere</span> <span class='ocrx_word' id='word_1_42' title='bbox 492 309 669 353; x_wconf 90' lang='lat' dir='ltr'>peccudes</span> <span class='ocrx_word' id='word_1_43' title='bbox 695 311 731 342; x_wconf 89' lang='lat' dir='ltr'>et</span> <span class='ocrx_word' id='word_1_44' title='bbox 748 309 856 343; x_wconf 90' lang='lat' dir='ltr'>uilius</span> <span class='ocrx_word' id='word_1_45' title='bbox 874 309 988 343; x_wconf 88' lang='lat' dir='ltr'>vitam</span> <span class='ocrx_word' id='word_1_46' title='bbox 1014 309 1179 350; x_wconf 90' lang='lat' dir='ltr'>uendere,</span> <span class='ocrx_word' id='word_1_47' title='bbox 1207 320 1314 352; x_wconf 83' lang='lat' dir='ltr'>quam</span> <span class='ocrx_word' id='word_1_48' title='bbox 1334 309 1403 342; x_wconf 91' lang='lat' dir='ltr'>emi</span> <span class='ocrx_word' id='word_1_49' title='bbox 1422 307 1638 353; x_wconf 73' lang='lat' dir='ltr'>possit²bos</span> <span class='ocrx_word' id='word_1_50' title='bbox 1663 306 1722 341; x_wconf 91' lang='lat' dir='ltr'>uel</span> <span class='ocrx_word' id='word_1_51' title='bbox 1749 317 1863 350; x_wconf 88' lang='lat' dir='ltr'>equus</span> 
     </span>
     <span class='ocr_line' id='line_1_5' title="bbox 94 359 1862 404; baseline -0.001 -10"><span class='ocrx_word' id='word_1_52' title='bbox 94 361 131 394; x_wconf 81' lang='lat'>3⁰</span> <span class='ocrx_word' id='word_1_53' title='bbox 156 371 248 404; x_wconf 83' lang='lat' dir='ltr'>quae</span> <span class='ocrx_word' id='word_1_54' title='bbox 273 360 415 394; x_wconf 91' lang='lat' dir='ltr'>illorum</span> <span class='ocrx_word' id='word_1_55' title='bbox 441 361 564 401; x_wconf 88' lang='lat' dir='ltr'>oratio,</span> <span class='ocrx_word' id='word_1_56' title='bbox 591 361 753 395; x_wconf 88' lang='lat' dir='ltr'>fluechen</span> <span class='ocrx_word' id='word_1_57' title='bbox 779 362 852 395; x_wconf 87' lang='lat' dir='ltr'>vnd</span> <span class='ocrx_word' id='word_1_58' title='bbox 879 361 1051 402; x_wconf 88' lang='lat' dir='ltr'>schelten,</span> <span class='ocrx_word' id='word_1_59' title='bbox 1087 361 1290 395; x_wconf 86' lang='lat' dir='ltr'>aufheben¹</span> <span class='ocrx_word' id='word_1_60' title='bbox 1317 361 1459 397; x_wconf 88' lang='lat' dir='ltr'>Christo</span> <span class='ocrx_word' id='word_1_61' title='bbox 1485 360 1582 395; x_wconf 88' lang='lat' dir='ltr'>seine</span> <span class='ocrx_word' id='word_1_62' title='bbox 1606 359 1738 394; x_wconf 87' lang='lat' dir='ltr'>wundn</span> <span class='ocrx_word' id='word_1_63' title='bbox 1764 359 1862 393; x_wconf 84' lang='lat' dir='ltr'>vndh</span> 
     </span>
     <span class='ocr_line' id='line_1_6' title="bbox 93 413 1861 459; baseline -0.001 -12"><span class='ocrx_word' id='word_1_64' title='bbox 93 413 338 454; x_wconf 82' lang='lat' dir='ltr'>Sacramentn,</span> <span class='ocrx_word' id='word_1_65' title='bbox 367 414 578 457; x_wconf 78' lang='lat' dir='ltr'>meineidigc</span> <span class='ocrx_word' id='word_1_66' title='bbox 604 414 676 448; x_wconf 89' lang='lat' dir='ltr'>vnd</span> <span class='ocrx_word' id='word_1_67' title='bbox 702 414 839 459; x_wconf 84' lang='lat' dir='ltr'>treylos</span> <span class='ocrx_word' id='word_1_68' title='bbox 865 415 952 455; x_wconf 90' lang='lat' dir='ltr'>sein,</span> <span class='ocrx_word' id='word_1_69' title='bbox 979 415 1017 448; x_wconf 86' lang='lat'>40</span> <span class='ocrx_word' id='word_1_70' title='bbox 1043 413 1130 455; x_wconf 84' lang='lat' dir='ltr'>Quis</span> <span class='ocrx_word' id='word_1_71' title='bbox 1156 414 1300 448; x_wconf 88' lang='lat' dir='ltr'>illorum</span> <span class='ocrx_word' id='word_1_72' title='bbox 1325 414 1474 448; x_wconf 83' lang='lat' dir='ltr'>uictus‘?</span> <span class='ocrx_word' id='word_1_73' title='bbox 1502 425 1546 448; x_wconf 86' lang='lat' dir='ltr'>ex</span> <span class='ocrx_word' id='word_1_74' title='bbox 1572 413 1668 447; x_wconf 82' lang='lat' dir='ltr'>furto</span> <span class='ocrx_word' id='word_1_75' title='bbox 1695 415 1730 447; x_wconf 91' lang='lat' dir='ltr'>et</span> <span class='ocrx_word' id='word_1_76' title='bbox 1755 414 1861 457; x_wconf 87' lang='lat' dir='ltr'>raptu</span> 
     </span>
     <span class='ocr_line' id='line_1_7' title="bbox 91 465 1862 512; baseline -0.001 -12"><span class='ocrx_word' id='word_1_77' title='bbox 91 466 224 508; x_wconf 89' lang='lat' dir='ltr'>uiuere,</span> <span class='ocrx_word' id='word_1_78' title='bbox 252 469 288 500; x_wconf 90' lang='lat' dir='ltr'>et</span> <span class='ocrx_word' id='word_1_79' title='bbox 313 466 393 512; x_wconf 88' lang='lat' dir='ltr'>plus</span> <span class='ocrx_word' id='word_1_80' title='bbox 419 478 440 501; x_wconf 87' lang='lat' dir='ltr'>a</span> <span class='ocrx_word' id='word_1_81' title='bbox 466 467 683 512; x_wconf 87' lang='lat' dir='ltr'>pauperibus</span> <span class='ocrx_word' id='word_1_82' title='bbox 710 479 817 511; x_wconf 89' lang='lat' dir='ltr'>quam</span> <span class='ocrx_word' id='word_1_83' title='bbox 844 479 864 501; x_wconf 86' lang='lat' dir='ltr'>a</span> <span class='ocrx_word' id='word_1_84' title='bbox 883 467 1054 501; x_wconf 87' lang='lat' dir='ltr'>diuitibus</span> <span class='ocrx_word' id='word_1_85' title='bbox 1081 467 1254 512; x_wconf 86' lang='lat' dir='ltr'>accipere,</span> <span class='ocrx_word' id='word_1_86' title='bbox 1282 469 1318 501; x_wconf 74' lang='grc' dir='ltr'>5ο</span> <span class='ocrx_word' id='word_1_87' title='bbox 1345 466 1444 508; x_wconf 79' lang='lat' dir='ltr'>Quae</span> <span class='ocrx_word' id='word_1_88' title='bbox 1470 466 1611 500; x_wconf 83' lang='lat' dir='ltr'>illorum</span> <span class='ocrx_word' id='word_1_89' title='bbox 1630 466 1735 500; x_wconf 86' lang='lat' dir='ltr'>vita‘?</span> <span class='ocrx_word' id='word_1_90' title='bbox 1761 465 1862 499; x_wconf 89' lang='lat' dir='ltr'>nulla</span> 
     </span>
     <span class='ocr_line' id='line_1_8' title="bbox 94 517 1860 565; baseline -0.001 -11"><span class='ocrx_word' id='word_1_91' title='bbox 94 519 192 562; x_wconf 88' lang='lat' dir='ltr'>fides,</span> <span class='ocrx_word' id='word_1_92' title='bbox 228 520 416 565; x_wconf 88' lang='lat' dir='ltr'>pietasque</span> <span class='ocrx_word' id='word_1_93' title='bbox 443 521 540 561; x_wconf 91' lang='lat' dir='ltr'>uiris,</span> <span class='ocrx_word' id='word_1_94' title='bbox 575 520 635 564; x_wconf 90' lang='lat' dir='ltr'>qui</span> <span class='ocrx_word' id='word_1_95' title='bbox 671 522 790 554; x_wconf 88' lang='lat' dir='ltr'>castra</span> <span class='ocrx_word' id='word_1_96' title='bbox 825 522 1035 564; x_wconf 88' lang='lat' dir='ltr'>sequuntur.</span> <span class='ocrx_word' id='word_1_97' title='bbox 1086 520 1259 565; x_wconf 86' lang='lat' dir='ltr'>Tempore</span> <span class='ocrx_word' id='word_1_98' title='bbox 1296 520 1554 565; x_wconf 74' lang='lat' dir='ltr'>prosperitatis,</span> <span class='ocrx_word' id='word_1_99' title='bbox 1590 519 1651 553; x_wconf 90' lang='lat' dir='ltr'>vol</span> <span class='ocrx_word' id='word_1_100' title='bbox 1675 519 1748 553; x_wconf 90' lang='lat' dir='ltr'>vnd</span> <span class='ocrx_word' id='word_1_101' title='bbox 1783 517 1860 552; x_wconf 91' lang='lat' dir='ltr'>thol</span> 
     </span>
     <span class='ocr_line' id='line_1_9' title="bbox 91 571 1862 618; baseline -0.001 -12"><span class='ocrx_word' id='word_1_102' title='bbox 91 573 180 613; x_wconf 89' lang='lat' dir='ltr'>sein,</span> <span class='ocrx_word' id='word_1_103' title='bbox 205 572 242 607; x_wconf 91' lang='lat' dir='ltr'>in</span> <span class='ocrx_word' id='word_1_104' title='bbox 268 573 487 607; x_wconf 84' lang='lat' dir='ltr'>aduersitate</span> <span class='ocrx_word' id='word_1_105' title='bbox 514 573 607 607; x_wconf 87' lang='lat' dir='ltr'>male</span> <span class='ocrx_word' id='word_1_106' title='bbox 634 573 751 607; x_wconf 87' lang='lat' dir='ltr'>dicere</span> <span class='ocrx_word' id='word_1_107' title='bbox 778 573 862 614; x_wconf 91' lang='lat' dir='ltr'>Deo,</span> <span class='ocrx_word' id='word_1_108' title='bbox 890 584 1114 607; x_wconf 87' lang='lat' dir='ltr'>murmurare</span> <span class='ocrx_word' id='word_1_109' title='bbox 1140 575 1264 607; x_wconf 86' lang='lat' dir='ltr'>contra</span> <span class='ocrx_word' id='word_1_110' title='bbox 1290 573 1504 618; x_wconf 81' lang='lat' dir='ltr'>superiores,</span> <span class='ocrx_word' id='word_1_111' title='bbox 1538 572 1658 607; x_wconf 81' lang='lat' dir='ltr'>malad</span> <span class='ocrx_word' id='word_1_112' title='bbox 1679 571 1725 615; x_wconf 67' lang='lat'>[2³]</span> <span class='ocrx_word' id='word_1_113' title='bbox 1754 583 1862 615; x_wconf 84' lang='lat' dir='ltr'>agere</span> 
     </span>
     <span class='ocr_line' id='line_1_10' title="bbox 93 626 1861 671; baseline -0.001 -11"><span class='ocrx_word' id='word_1_114' title='bbox 93 628 216 661; x_wconf 89' lang='lat' dir='ltr'>contra</span> <span class='ocrx_word' id='word_1_115' title='bbox 251 627 384 660; x_wconf 88' lang='lat' dir='ltr'>amicos</span> <span class='ocrx_word' id='word_1_116' title='bbox 420 628 455 660; x_wconf 90' lang='lat' dir='ltr'>et</span> <span class='ocrx_word' id='word_1_117' title='bbox 489 626 663 667; x_wconf 85' lang='lat' dir='ltr'>inimicos,</span> <span class='ocrx_word' id='word_1_118' title='bbox 699 629 866 671; x_wconf 88' lang='lat' dir='ltr'>reputare</span> <span class='ocrx_word' id='word_1_119' title='bbox 901 627 1103 671; x_wconf 89' lang='lat' dir='ltr'>proximum</span> <span class='ocrx_word' id='word_1_120' title='bbox 1139 638 1202 671; x_wconf 87' lang='lat' dir='ltr'>pro</span> <span class='ocrx_word' id='word_1_121' title='bbox 1238 627 1407 667; x_wconf 87' lang='lat' dir='ltr'>iumento,</span> <span class='ocrx_word' id='word_1_122' title='bbox 1443 626 1577 660; x_wconf 87' lang='lat' dir='ltr'>nullam</span> <span class='ocrx_word' id='word_1_123' title='bbox 1614 626 1745 660; x_wconf 87' lang='lat' dir='ltr'>habere</span> <span class='ocrx_word' id='word_1_124' title='bbox 1781 637 1861 659; x_wconf 88' lang='lat' dir='ltr'>con-</span> 
     </span>
     <span class='ocr_line' id='line_1_11' title="bbox 91 677 1861 723; baseline -0.001 -10"><span class='ocrx_word' id='word_1_125' title='bbox 91 679 290 721; x_wconf 76' lang='lat' dir='ltr'>scientiam,</span> <span class='ocrx_word' id='word_1_126' title='bbox 325 679 420 713; x_wconf 91' lang='lat' dir='ltr'>laete</span> <span class='ocrx_word' id='word_1_127' title='bbox 455 680 600 722; x_wconf 88' lang='lat' dir='ltr'>gloriari</span> <span class='ocrx_word' id='word_1_128' title='bbox 635 679 671 713; x_wconf 89' lang='lat' dir='ltr'>in</span> <span class='ocrx_word' id='word_1_129' title='bbox 703 679 808 714; x_wconf 88' lang='lat' dir='ltr'>malo.</span> <span class='ocrx_word' id='word_1_130' title='bbox 860 680 898 714; x_wconf 88' lang='grc'>60</span> <span class='ocrx_word' id='word_1_131' title='bbox 925 679 1012 721; x_wconf 82' lang='lat' dir='ltr'>Quis</span> <span class='ocrx_word' id='word_1_132' title='bbox 1050 679 1191 713; x_wconf 89' lang='lat' dir='ltr'>illorum</span> <span class='ocrx_word' id='word_1_133' title='bbox 1227 691 1436 721; x_wconf 85' lang='lat' dir='ltr'>successus,</span> <span class='ocrx_word' id='word_1_134' title='bbox 1472 679 1568 713; x_wconf 87' lang='lat' dir='ltr'>lamb</span> <span class='ocrx_word' id='word_1_135' title='bbox 1604 679 1675 712; x_wconf 92' lang='lat' dir='ltr'>vnd</span> <span class='ocrx_word' id='word_1_136' title='bbox 1710 677 1861 723; x_wconf 74' lang='lat' dir='ltr'>kroppel</span> 
     </span>
     <span class='ocr_line' id='line_1_12' title="bbox 91 731 1863 774; baseline -0.001 -8"><span class='ocrx_word' id='word_1_137' title='bbox 91 744 197 773; x_wconf 85' lang='lat' dir='ltr'>wern,</span> <span class='ocrx_word' id='word_1_138' title='bbox 225 733 281 766; x_wconf 90' lang='lat' dir='ltr'>die</span> <span class='ocrx_word' id='word_1_139' title='bbox 307 733 458 767; x_wconf 89' lang='lat' dir='ltr'>wunden</span> <span class='ocrx_word' id='word_1_140' title='bbox 485 733 638 767; x_wconf 86' lang='lat' dir='ltr'>Zaichen</span> <span class='ocrx_word' id='word_1_141' title='bbox 663 733 819 774; x_wconf 64' lang='lat' dir='ltr'>haume,</span> <span class='ocrx_word' id='word_1_142' title='bbox 847 733 890 766; x_wconf 90' lang='lat' dir='ltr'>ad</span> <span class='ocrx_word' id='word_1_143' title='bbox 918 733 1037 767; x_wconf 88' lang='lat' dir='ltr'>omnia</span> <span class='ocrx_word' id='word_1_144' title='bbox 1071 733 1164 767; x_wconf 88' lang='lat' dir='ltr'>bona</span> <span class='ocrx_word' id='word_1_145' title='bbox 1200 732 1395 767; x_wconf 88' lang='lat' dir='ltr'>inhabilem</span> <span class='ocrx_word' id='word_1_146' title='bbox 1427 743 1526 774; x_wconf 88' lang='lat' dir='ltr'>esse,</span> <span class='ocrx_word' id='word_1_147' title='bbox 1562 732 1760 766; x_wconf 88' lang='lat' dir='ltr'>verderben</span> <span class='ocrx_word' id='word_1_148' title='bbox 1786 731 1863 765; x_wconf 88' lang='lat' dir='ltr'>leut</span> 
     </span>
     <span class='ocr_line' id='line_1_13' title="bbox 90 785 1861 830; baseline -0.001 -11"><span class='ocrx_word' id='word_1_149' title='bbox 90 786 162 819; x_wconf 88' lang='lat' dir='ltr'>vnd</span> <span class='ocrx_word' id='word_1_150' title='bbox 189 786 299 827; x_wconf 79' lang='lat' dir='ltr'>landt,</span> <span class='ocrx_word' id='word_1_151' title='bbox 326 787 526 830; x_wconf 89' lang='lat' dir='ltr'>opprimere</span> <span class='ocrx_word' id='word_1_152' title='bbox 552 797 738 830; x_wconf 80' lang='lat' dir='ltr'>pauperes,</span> <span class='ocrx_word' id='word_1_153' title='bbox 765 786 877 820; x_wconf 89' lang='lat' dir='ltr'>occidi</span> <span class='ocrx_word' id='word_1_154' title='bbox 904 798 924 820; x_wconf 88' lang='lat' dir='ltr'>a</span> <span class='ocrx_word' id='word_1_155' title='bbox 951 786 1089 827; x_wconf 89' lang='lat' dir='ltr'>Turcis,</span> <span class='ocrx_word' id='word_1_156' title='bbox 1115 785 1252 820; x_wconf 85' lang='lat' dir='ltr'>nullam</span> <span class='ocrx_word' id='word_1_157' title='bbox 1278 786 1414 820; x_wconf 86' lang='lat' dir='ltr'>referre</span> <span class='ocrx_word' id='word_1_158' title='bbox 1439 785 1638 819; x_wconf 88' lang='lat' dir='ltr'>uictoriam.</span> <span class='ocrx_word' id='word_1_159' title='bbox 1680 785 1746 818; x_wconf 77' lang='lat' dir='ltr'>Etf</span> <span class='ocrx_word' id='word_1_160' title='bbox 1771 796 1861 818; x_wconf 89' lang='lat' dir='ltr'>mer-</span> 
     </span>
     <span class='ocr_line' id='line_1_14' title="bbox 92 837 1862 884; baseline -0.001 -12"><span class='ocrx_word' id='word_1_161' title='bbox 92 839 213 872; x_wconf 87' lang='lat' dir='ltr'>cedem</span> <span class='ocrx_word' id='word_1_162' title='bbox 240 839 446 883; x_wconf 79' lang='lat' dir='ltr'>accipiuntg</span> <span class='ocrx_word' id='word_1_163' title='bbox 471 850 492 873; x_wconf 87' lang='lat' dir='ltr'>a</span> <span class='ocrx_word' id='word_1_164' title='bbox 518 839 678 873; x_wconf 89' lang='lat' dir='ltr'>demone.</span> <span class='ocrx_word' id='word_1_165' title='bbox 728 841 774 873; x_wconf 73' lang='lat' dir='ltr'>In</span> <span class='ocrx_word' id='word_1_166' title='bbox 802 842 966 884; x_wconf 70' lang='lat' dir='ltr'>marye&#39;ne</span> <span class='ocrx_word' id='word_1_167' title='bbox 1000 844 1115 873; x_wconf 79' lang='lat' dir='ltr'>autem</span> <span class='ocrx_word' id='word_1_168' title='bbox 1145 840 1313 873; x_wconf 68' lang='lat' dir='ltr'>canisius</span> <span class='ocrx_word' id='word_1_169' title='bbox 1346 851 1414 873; x_wconf 80' lang='lat' dir='ltr'>sua</span> <span class='ocrx_word' id='word_1_170' title='bbox 1448 850 1560 872; x_wconf 72' lang='lat' dir='ltr'>manu</span> <span class='ocrx_word' id='word_1_171' title='bbox 1595 840 1748 872; x_wconf 74' lang='lat' dir='ltr'>notavit.-</span> <span class='ocrx_word' id='word_1_172' title='bbox 1781 837 1862 871; x_wconf 90' lang='lat' dir='ltr'>Non</span> 
     </span>
     <span class='ocr_line' id='line_1_15' title="bbox 91 890 1862 935; baseline -0.001 -10"><span class='ocrx_word' id='word_1_173' title='bbox 91 891 168 926; x_wconf 87' lang='lat' dir='ltr'>dieo</span> <span class='ocrx_word' id='word_1_174' title='bbox 201 892 243 926; x_wconf 90' lang='lat' dir='ltr'>de</span> <span class='ocrx_word' id='word_1_175' title='bbox 278 892 452 926; x_wconf 86' lang='lat' dir='ltr'>omnibus.</span> <span class='ocrx_word' id='word_1_176' title='bbox 505 891 538 926; x_wconf 83' lang='lat' dir='ltr'>S.</span> <span class='ocrx_word' id='word_1_177' title='bbox 566 892 781 927; x_wconf 83' lang='lat' dir='ltr'>Martinus2.</span> <span class='ocrx_word' id='word_1_178' title='bbox 833 892 1001 927; x_wconf 72' lang='lat' dir='ltr'>Centurio</span> <span class='ocrx_word' id='word_1_179' title='bbox 1029 892 1214 927; x_wconf 84' lang='lat' dir='ltr'>Cornelius</span> <span class='ocrx_word' id='word_1_180' title='bbox 1228 893 1250 934; x_wconf 79' lang='lat'>³,</span> <span class='ocrx_word' id='word_1_181' title='bbox 1286 892 1449 926; x_wconf 82' lang='lat' dir='ltr'>Naaman</span> <span class='ocrx_word' id='word_1_182' title='bbox 1462 893 1486 927; x_wconf 74' lang='lat'>4.</span> <span class='ocrx_word' id='word_1_183' title='bbox 1537 891 1676 925; x_wconf 86' lang='lat' dir='ltr'>Felices</span> <span class='ocrx_word' id='word_1_184' title='bbox 1703 890 1862 935; x_wconf 84' lang='lat' dir='ltr'>Heluetij</span> 
     </span>
     <span class='ocr_line' id='line_1_16' title="bbox 90 944 1862 991; baseline -0.001 -12"><span class='ocrx_word' id='word_1_185' title='bbox 90 945 133 979; x_wconf 88' lang='lat' dir='ltr'>ob</span> <span class='ocrx_word' id='word_1_186' title='bbox 158 945 301 979; x_wconf 87' lang='lat' dir='ltr'>laudem</span> <span class='ocrx_word' id='word_1_187' title='bbox 327 945 571 990; x_wconf 77' lang='lat' dir='ltr'>simplicitatis</span> <span class='ocrx_word' id='word_1_188' title='bbox 597 946 754 990; x_wconf 82' lang='lat' dir='ltr'>antique.</span> <span class='ocrx_word' id='word_1_189' title='bbox 798 947 818 980; x_wconf 88' lang='grc'>2</span> <span class='ocrx_word' id='word_1_190' title='bbox 845 946 1024 980; x_wconf 72' lang='lat' dir='ltr'>libertatis</span> <span class='ocrx_word' id='word_1_191' title='bbox 1051 946 1071 980; x_wconf 88' lang='lat'><strong>3</strong></span> <span class='ocrx_word' id='word_1_192' title='bbox 1090 946 1230 991; x_wconf 87' lang='lat' dir='ltr'>operosi</span> <span class='ocrx_word' id='word_1_193' title='bbox 1256 946 1279 979; x_wconf 99' lang='lat'>4</span> <span class='ocrx_word' id='word_1_194' title='bbox 1296 957 1366 979; x_wconf 93' lang='lat' dir='ltr'>non</span> <span class='ocrx_word' id='word_1_195' title='bbox 1384 946 1481 980; x_wconf 91' lang='lat' dir='ltr'>serui</span> <span class='ocrx_word' id='word_1_196' title='bbox 1504 944 1714 990; x_wconf 86' lang='lat' dir='ltr'>principum,</span> <span class='ocrx_word' id='word_1_197' title='bbox 1742 946 1762 978; x_wconf 83' lang='lat'>5</span> <span class='ocrx_word' id='word_1_198' title='bbox 1782 955 1862 978; x_wconf 89' lang='lat' dir='ltr'>con-</span> 
     </span>
     <span class='ocr_line' id='line_1_17' title="bbox 90 998 1241 1044; baseline 0.001 -12"><span class='ocrx_word' id='word_1_199' title='bbox 90 999 215 1033; x_wconf 87' lang='lat' dir='ltr'>cordes</span> <span class='ocrx_word' id='word_1_200' title='bbox 241 998 277 1032; x_wconf 94' lang='lat' dir='ltr'>in</span> <span class='ocrx_word' id='word_1_201' title='bbox 302 998 475 1040; x_wconf 84' lang='lat' dir='ltr'>religione</span> <span class='ocrx_word' id='word_1_202' title='bbox 502 999 522 1033; x_wconf 88' lang='grc'>6</span> <span class='ocrx_word' id='word_1_203' title='bbox 549 999 659 1032; x_wconf 89' lang='lat' dir='ltr'>amati</span> <span class='ocrx_word' id='word_1_204' title='bbox 687 1002 722 1033; x_wconf 89' lang='lat' dir='ltr'>et</span> <span class='ocrx_word' id='word_1_205' title='bbox 748 999 911 1033; x_wconf 86' lang='lat' dir='ltr'>honorati</span> <span class='ocrx_word' id='word_1_206' title='bbox 938 1011 958 1033; x_wconf 89' lang='lat' dir='ltr'>a</span> <span class='ocrx_word' id='word_1_207' title='bbox 984 999 1206 1044; x_wconf 89' lang='lat' dir='ltr'>principibus</span> <span class='ocrx_word' id='word_1_208' title='bbox 1218 1000 1241 1033; x_wconf 83' lang='lat'>⁵.</span> 
     </span>
    </p>
   </div>
   <div class='ocr_carea' id='block_1_3' title="bbox 206 1061 1658 1109">
    <p class='ocr_par' dir='ltr' id='par_1_3' title="bbox 206 1061 1658 1109">
     <span class='ocr_line' id='line_1_18' title="bbox 206 1061 1658 1109; baseline 0 -12"><span class='ocrx_word' id='word_1_209' title='bbox 206 1061 260 1097; x_wconf 86' lang='lat' dir='ltr'>Ad</span> <span class='ocrx_word' id='word_1_210' title='bbox 287 1061 377 1098; x_wconf 84' lang='lat' dir='ltr'>hacc</span> <span class='ocrx_word' id='word_1_211' title='bbox 402 1063 636 1098; x_wconf 80' lang='lat' dir='ltr'>monumenta</span> <span class='ocrx_word' id='word_1_212' title='bbox 662 1061 851 1109; x_wconf 84' lang='lat' dir='ltr'>pertinent</span> <span class='ocrx_word' id='word_1_213' title='bbox 877 1062 991 1099; x_wconf 83' lang='lat' dir='ltr'>etiam</span> <span class='ocrx_word' id='word_1_214' title='bbox 1018 1062 1144 1109; x_wconf 83' lang='lat' dir='ltr'>aliqua</span> <span class='ocrx_word' id='word_1_215' title='bbox 1169 1061 1317 1098; x_wconf 83' lang='lat' dir='ltr'>ratione</span> <span class='ocrx_word' id='word_1_216' title='bbox 1342 1072 1437 1098; x_wconf 88' lang='lat' dir='ltr'>mon.</span> <span class='ocrx_word' id='word_1_217' title='bbox 1466 1062 1534 1098; x_wconf 79' lang='lat'>988</span> <span class='ocrx_word' id='word_1_218' title='bbox 1560 1061 1658 1097; x_wconf 84' lang='lat'>1038.</span> 
     </span>
    </p>
   </div>
   <div class='ocr_carea' id='block_1_4' title="bbox 956 1198 986 1239">
    <p class='ocr_par' dir='ltr' id='par_1_4' title="bbox 956 1198 986 1239">
     <span class='ocr_line' id='line_1_19' title="bbox 956 1198 986 1239; baseline 0 0"><span class='ocrx_word' id='word_1_219' title='bbox 956 1198 986 1239; x_wconf 87' lang='lat' dir='ltr'>B</span> 
     </span>
    </p>
   </div>
   <div class='ocr_carea' id='block_1_5' title="bbox 359 1279 1596 1323">
    <p class='ocr_par' dir='ltr' id='par_1_5' title="bbox 359 1279 1596 1323">
     <span class='ocr_line' id='line_1_20' title="bbox 359 1279 1596 1323; baseline 0.001 -1"><span class='ocrx_word' id='word_1_220' title='bbox 359 1279 815 1323; x_wconf 76' lang='lat' dir='ltr'><strong>MONUMENTA</strong></span> <span class='ocrx_word' id='word_1_221' title='bbox 848 1280 1265 1323; x_wconf 71' lang='lat' dir='ltr'><strong>DILINGANA</strong></span> <span class='ocrx_word' id='word_1_222' title='bbox 1299 1279 1596 1323; x_wconf 77' lang='lat' dir='ltr'><strong>CANISII.</strong></span> 
     </span>
    </p>
   </div>
   <div class='ocr_carea' id='block_1_6' title="bbox 88 1359 1863 1988">
    <p class='ocr_par' dir='ltr' id='par_1_6' title="bbox 95 1359 1467 1407">
     <span class='ocr_line' id='line_1_21' title="bbox 95 1359 1467 1407; baseline 0 -10"><span class='ocrx_word' id='word_1_223' title='bbox 95 1359 203 1397; x_wconf 74' lang='lat'>928</span> <span class='ocrx_word' id='word_1_224' title='bbox 231 1361 308 1396; x_wconf 79' lang='lat' dir='ltr'>sive</span> <span class='ocrx_word' id='word_1_225' title='bbox 335 1359 430 1396; x_wconf 78' lang='lat' dir='ltr'>dil.</span> <span class='ocrx_word' id='word_1_226' title='bbox 451 1360 543 1406; x_wconf 87' lang='lat' dir='ltr'>(l).</span> <span class='ocrx_word' id='word_1_227' title='bbox 618 1360 647 1396; x_wconf 94' lang='lat' dir='ltr'>A</span> <span class='ocrx_word' id='word_1_228' title='bbox 673 1371 719 1396; x_wconf 89' lang='lat' dir='ltr'>m.</span> <span class='ocrx_word' id='word_1_229' title='bbox 739 1360 945 1407; x_wconf 84' lang='lat' dir='ltr'>Septembri</span> <span class='ocrx_word' id='word_1_230' title='bbox 971 1360 1054 1397; x_wconf 83' lang='lat'>1566</span> <span class='ocrx_word' id='word_1_231' title='bbox 1081 1360 1127 1397; x_wconf 85' lang='lat' dir='ltr'>ad</span> <span class='ocrx_word' id='word_1_232' title='bbox 1155 1360 1348 1397; x_wconf 81' lang='lat' dir='ltr'>Octobrem</span> <span class='ocrx_word' id='word_1_233' title='bbox 1374 1360 1467 1397; x_wconf 79' lang='lat'><strong>1567.</strong></span> 
     </span>
    </p>

    <p class='ocr_par' dir='ltr' id='par_1_7' title="bbox 209 1420 1277 1466">
     <span class='ocr_line' id='line_1_22' title="bbox 209 1420 1277 1466; baseline 0.001 -11"><span class='ocrx_word' id='word_1_234' title='bbox 209 1421 264 1455; x_wconf 78' lang='lat' dir='ltr'>Ex</span> <span class='ocrx_word' id='word_1_235' title='bbox 292 1421 457 1465; x_wconf 82' lang='lat' dir='ltr'>exemplo</span> <span class='ocrx_word' id='word_1_236' title='bbox 483 1421 691 1466; x_wconf 88' lang='lat' dir='ltr'>archetypo.</span> <span class='ocrx_word' id='word_1_237' title='bbox 729 1420 770 1456; x_wconf 80' lang='lat' dir='ltr'>G.</span> <span class='ocrx_word' id='word_1_238' title='bbox 798 1421 861 1465; x_wconf 88' lang='lat' dir='ltr'>Ep.</span> <span class='ocrx_word' id='word_1_239' title='bbox 889 1420 975 1455; x_wconf 79' lang='lat' dir='ltr'>VIII</span> <span class='ocrx_word' id='word_1_240' title='bbox 1002 1421 1025 1455; x_wconf 90' lang='lat' dir='ltr'>f.</span> <span class='ocrx_word' id='word_1_241' title='bbox 1046 1421 1277 1456; x_wconf 65' lang='lat'>2452—2482.</span> 
     </span>
    </p>

    <p class='ocr_par' dir='ltr' id='par_1_8' title="bbox 211 1481 1603 1524">
     <span class='ocr_line' id='line_1_23' title="bbox 211 1481 1603 1524; baseline -0.001 -10"><span class='ocrx_word' id='word_1_242' title='bbox 211 1481 378 1514; x_wconf 73' lang='lat' dir='ltr'>Cam&#39;sius</span> <span class='ocrx_word' id='word_1_243' title='bbox 405 1481 452 1514; x_wconf 84' lang='lat' dir='ltr'>ad</span> <span class='ocrx_word' id='word_1_244' title='bbox 478 1482 599 1515; x_wconf 72' lang='lat' dir='ltr'>Socios</span> <span class='ocrx_word' id='word_1_245' title='bbox 625 1481 830 1524; x_wconf 70' lang='lat' dir='ltr'>dilinyanos</span> <span class='ocrx_word' id='word_1_246' title='bbox 855 1481 941 1513; x_wconf 71' lang='lat' dir='ltr'>dicit</span> <span class='ocrx_word' id='word_1_247' title='bbox 967 1491 1089 1524; x_wconf 74' lang='lat' dir='ltr'>eosque</span> <span class='ocrx_word' id='word_1_248' title='bbox 1116 1482 1277 1514; x_wconf 70' lang='lat' dir='ltr'>omnibus</span> <span class='ocrx_word' id='word_1_249' title='bbox 1301 1482 1340 1514; x_wconf 77' lang='lat' dir='ltr'>in</span> <span class='ocrx_word' id='word_1_250' title='bbox 1366 1481 1471 1513; x_wconf 69' lang='lat' dir='ltr'>rebus</span> <span class='ocrx_word' id='word_1_251' title='bbox 1495 1482 1603 1514; x_wconf 73' lang='lat' dir='ltr'>iuvat.</span> 
     </span>
    </p>

    <p class='ocr_par' dir='ltr' id='par_1_9' title="bbox 88 1540 1863 1988">
     <span class='ocr_line' id='line_1_24' title="bbox 208 1540 1862 1595; baseline -0.002 -12"><span class='ocrx_word' id='word_1_252' title='bbox 208 1541 282 1584; x_wconf 77' lang='lat' dir='ltr'>Fr.</span> <span class='ocrx_word' id='word_1_253' title='bbox 321 1543 558 1595; x_wconf 74' lang='lat' dir='ltr'>„Antonius</span> <span class='ocrx_word' id='word_1_254' title='bbox 603 1540 820 1583; x_wconf 78' lang='lat' dir='ltr'>Flancler“</span> <span class='ocrx_word' id='word_1_255' title='bbox 870 1541 1044 1593; x_wconf 67' lang='lat' dir='ltr'>(Gnise)</span> <span class='ocrx_word' id='word_1_256' title='bbox 1083 1543 1128 1583; x_wconf 74' lang='lat' dir='ltr'>in</span> <span class='ocrx_word' id='word_1_257' title='bbox 1172 1542 1346 1583; x_wconf 69' lang='lat' dir='ltr'>Litteris</span> <span class='ocrx_word' id='word_1_258' title='bbox 1388 1542 1546 1582; x_wconf 73' lang='lat' dir='ltr'>cmnuis</span> <span class='ocrx_word' id='word_1_259' title='bbox 1591 1541 1749 1594; x_wconf 72' lang='lat' dir='ltr'>colleqic&#39;</span> <span class='ocrx_word' id='word_1_260' title='bbox 1794 1540 1862 1580; x_wconf 78' lang='lat' dir='ltr'>di-</span> 
     </span>
     <span class='ocr_line' id='line_1_25' title="bbox 90 1605 1862 1662; baseline -0.002 -14"><span class='ocrx_word' id='word_1_261' title='bbox 90 1608 256 1662; x_wconf 72' lang='lat' dir='ltr'>Zinyani</span> <span class='ocrx_word' id='word_1_262' title='bbox 305 1607 486 1662; x_wconf 63' lang='lat' dir='ltr'>Dilmqa</span> <span class='ocrx_word' id='word_1_263' title='bbox 528 1608 567 1649; x_wconf 81' lang='lat'>1.</span> <span class='ocrx_word' id='word_1_264' title='bbox 606 1606 793 1648; x_wconf 74' lang='lat' dir='ltr'>Octobris</span> <span class='ocrx_word' id='word_1_265' title='bbox 836 1607 951 1648; x_wconf 80' lang='lat'><em>1567</em></span> <span class='ocrx_word' id='word_1_266' title='bbox 994 1608 1107 1648; x_wconf 76' lang='lat' dir='ltr'>(latis</span> <span class='ocrx_word' id='word_1_267' title='bbox 1152 1607 1253 1648; x_wconf 74' lang='lat' dir='ltr'>haec</span> <span class='ocrx_word' id='word_1_268' title='bbox 1295 1606 1448 1660; x_wconf 71' lang='lat' dir='ltr'>refert:</span> <span class='ocrx_word' id='word_1_269' title='bbox 1490 1606 1606 1648; x_wconf 88' lang='lat' dir='ltr'>Vota</span> <span class='ocrx_word' id='word_1_270' title='bbox 1646 1605 1699 1647; x_wconf 87' lang='lat' dir='ltr'>de</span> <span class='ocrx_word' id='word_1_271' title='bbox 1743 1618 1862 1646; x_wconf 87' lang='lat' dir='ltr'>more</span> 
     </span>
     <span class='ocr_line' id='line_1_26' title="bbox 90 1669 1863 1726; baseline -0.001 -14"><span class='ocrx_word' id='word_1_272' title='bbox 90 1672 154 1712; x_wconf 85' lang='lat' dir='ltr'>bis</span> <span class='ocrx_word' id='word_1_273' title='bbox 186 1675 410 1722; x_wconf 86' lang='lat' dir='ltr'>renouata,</span> <span class='ocrx_word' id='word_1_274' title='bbox 445 1672 716 1722; x_wconf 74' lang='lat' dir='ltr'>collationes,</span> <span class='ocrx_word' id='word_1_275' title='bbox 750 1671 1165 1725; x_wconf 82' lang='lat' dir='ltr'>exhortationesque</span> <span class='ocrx_word' id='word_1_276' title='bbox 1188 1671 1449 1726; x_wconf 85' lang='lat' dir='ltr'>spirituales,</span> <span class='ocrx_word' id='word_1_277' title='bbox 1483 1671 1607 1714; x_wconf 78' lang='lat' dir='ltr'>iuxta</span> <span class='ocrx_word' id='word_1_278' title='bbox 1631 1669 1863 1713; x_wconf 83' lang='lat' dir='ltr'>Societatis</span> 
     </span>
     <span class='ocr_line' id='line_1_27' title="bbox 90 1735 1862 1791; baseline -0.001 -13"><span class='ocrx_word' id='word_1_279' title='bbox 90 1737 464 1787; x_wconf 86' lang='lat' dir='ltr'>consuetudinem,</span> <span class='ocrx_word' id='word_1_280' title='bbox 508 1751 603 1778; x_wconf 90' lang='lat' dir='ltr'>cum</span> <span class='ocrx_word' id='word_1_281' title='bbox 637 1751 664 1779; x_wconf 89' lang='lat' dir='ltr'>a</span> <span class='ocrx_word' id='word_1_282' title='bbox 695 1737 860 1779; x_wconf 87' lang='lat' dir='ltr'>duobus</span> <span class='ocrx_word' id='word_1_283' title='bbox 893 1737 1072 1791; x_wconf 79' lang='lat' dir='ltr'>Collegij</span> <span class='ocrx_word' id='word_1_284' title='bbox 1114 1737 1252 1780; x_wconf 88' lang='lat' dir='ltr'>nostri</span> <span class='ocrx_word' id='word_1_285' title='bbox 1285 1737 1517 1790; x_wconf 79' lang='lat' dir='ltr'>Theologis</span> <span class='ocrx_word' id='word_1_286' title='bbox 1531 1737 1559 1787; x_wconf 77' lang='grc'>6,</span> <span class='ocrx_word' id='word_1_287' title='bbox 1593 1740 1685 1779; x_wconf 90' lang='lat' dir='ltr'>tum</span> <span class='ocrx_word' id='word_1_288' title='bbox 1718 1750 1744 1778; x_wconf 87' lang='lat' dir='ltr'>a</span> <span class='ocrx_word' id='word_1_289' title='bbox 1775 1735 1862 1777; x_wconf 81' lang='lat' dir='ltr'>Re-</span> 
     </span>
     <span class='ocr_line' id='line_1_28' title="bbox 88 1800 1861 1855; baseline -0.001 -11"><span class='ocrx_word' id='word_1_290' title='bbox 88 1802 290 1844; x_wconf 86' lang='lat' dir='ltr'>uerendis</span> <span class='ocrx_word' id='word_1_291' title='bbox 322 1802 538 1853; x_wconf 87' lang='lat' dir='ltr'>Patribus,</span> <span class='ocrx_word' id='word_1_292' title='bbox 572 1802 835 1844; x_wconf 85' lang='lat' dir='ltr'>Prouinciali</span> <span class='ocrx_word' id='word_1_293' title='bbox 869 1804 1000 1855; x_wconf 86' lang='lat' dir='ltr'>atque</span> <span class='ocrx_word' id='word_1_294' title='bbox 1032 1802 1247 1845; x_wconf 83' lang='lat' dir='ltr'>Rectore⁷</span> <span class='ocrx_word' id='word_1_295' title='bbox 1280 1817 1365 1844; x_wconf 90' lang='lat' dir='ltr'>non</span> <span class='ocrx_word' id='word_1_296' title='bbox 1397 1802 1686 1845; x_wconf 85' lang='lat' dir='ltr'>intermissae.</span> <span class='ocrx_word' id='word_1_297' title='bbox 1745 1800 1861 1843; x_wconf 89' lang='lat' dir='ltr'>Nam</span> 
     </span>
     <span class='ocr_line' id='line_1_29' title="bbox 90 1866 1860 1922; baseline -0.001 -13"><span class='ocrx_word' id='word_1_298' title='bbox 90 1870 134 1910; x_wconf 89' lang='lat' dir='ltr'>et</span> <span class='ocrx_word' id='word_1_299' title='bbox 165 1867 216 1911; x_wconf 80' lang='lat' dir='ltr'>R.</span> <span class='ocrx_word' id='word_1_300' title='bbox 250 1867 535 1910; x_wconf 85' lang='lat' dir='ltr'>Prouincialis</span> <span class='ocrx_word' id='word_1_301' title='bbox 568 1868 623 1910; x_wconf 88' lang='lat' dir='ltr'>ad</span> <span class='ocrx_word' id='word_1_302' title='bbox 656 1882 805 1910; x_wconf 88' lang='lat' dir='ltr'>omnes</span> <span class='ocrx_word' id='word_1_303' title='bbox 837 1867 1016 1922; x_wconf 82' lang='lat' dir='ltr'>Collegij</span> <span class='ocrx_word' id='word_1_304' title='bbox 1050 1868 1337 1911; x_wconf 86' lang='lat' dir='ltr'>necessitates</span> <span class='ocrx_word' id='word_1_305' title='bbox 1369 1881 1537 1910; x_wconf 88' lang='lat' dir='ltr'>summa</span> <span class='ocrx_word' id='word_1_306' title='bbox 1570 1866 1860 1909; x_wconf 86' lang='lat' dir='ltr'>sollicitudine</span> 
     </span>
     <span class='ocr_line' id='line_1_30' title="bbox 90 1936 581 1988; baseline 0.002 -13"><span class='ocrx_word' id='word_1_307' title='bbox 90 1947 261 1988; x_wconf 89' lang='lat' dir='ltr'>semper</span> <span class='ocrx_word' id='word_1_308' title='bbox 292 1936 468 1988; x_wconf 90' lang='lat' dir='ltr'>praesto</span> <span class='ocrx_word' id='word_1_309' title='bbox 502 1936 581 1976; x_wconf 86' lang='lat' dir='ltr'>est.</span> 
     </span>
    </p>
   </div>
   <div class='ocr_carea' id='block_1_7' title="bbox 87 2008 1863 2214">
    <p class='ocr_par' dir='ltr' id='par_1_10' title="bbox 87 2008 1863 2214">
     <span class='ocr_line' id='line_1_31' title="bbox 207 2008 1862 2054; baseline -0.001 -12"><span class='ocrx_word' id='word_1_310' title='bbox 207 2009 371 2043; x_wconf 76' lang='lat' dir='ltr'>Flander</span> <span class='ocrx_word' id='word_1_311' title='bbox 405 2009 441 2043; x_wconf 93' lang='lat' dir='ltr'>in</span> <span class='ocrx_word' id='word_1_312' title='bbox 476 2009 534 2044; x_wconf 84' lang='lat' dir='ltr'>his</span> <span class='ocrx_word' id='word_1_313' title='bbox 567 2009 700 2044; x_wconf 88' lang='lat' dir='ltr'>litteris</span> <span class='ocrx_word' id='word_1_314' title='bbox 734 2009 824 2044; x_wconf 86' lang='lat' dir='ltr'>haec</span> <span class='ocrx_word' id='word_1_315' title='bbox 860 2021 1002 2054; x_wconf 88' lang='lat' dir='ltr'>quoque</span> <span class='ocrx_word' id='word_1_316' title='bbox 1036 2009 1192 2044; x_wconf 79' lang='lat' dir='ltr'>*refertz</span> <span class='ocrx_word' id='word_1_317' title='bbox 1228 2008 1395 2053; x_wconf 85' lang='lat' dir='ltr'>Dilingae</span> <span class='ocrx_word' id='word_1_318' title='bbox 1430 2009 1475 2043; x_wconf 82' lang='lat'>25</span> <span class='ocrx_word' id='word_1_319' title='bbox 1502 2008 1597 2043; x_wconf 79' lang='lat' dir='ltr'>Socii</span> <span class='ocrx_word' id='word_1_320' title='bbox 1631 2008 1777 2051; x_wconf 86' lang='lat' dir='ltr'>degunt,</span> <span class='ocrx_word' id='word_1_321' title='bbox 1816 2019 1862 2041; x_wconf 85' lang='lat' dir='ltr'>ex</span> 
     </span>
     <span class='ocr_line' id='line_1_32' title="bbox 88 2061 1862 2106; baseline -0.001 -10"><span class='ocrx_word' id='word_1_322' title='bbox 88 2062 218 2106; x_wconf 90' lang='lat' dir='ltr'>quibus</span> <span class='ocrx_word' id='word_1_323' title='bbox 244 2065 329 2096; x_wconf 86' lang='lat' dir='ltr'>sunt</span> <span class='ocrx_word' id='word_1_324' title='bbox 357 2063 400 2097; x_wconf 90' lang='lat'>10</span> <span class='ocrx_word' id='word_1_325' title='bbox 426 2063 642 2104; x_wconf 88' lang='lat' dir='ltr'>sacerdotes,</span> <span class='ocrx_word' id='word_1_326' title='bbox 668 2064 691 2097; x_wconf 91' lang='lat'>4</span> <span class='ocrx_word' id='word_1_327' title='bbox 716 2063 849 2097; x_wconf 78' lang='lat' dir='ltr'>fratres</span> <span class='ocrx_word' id='word_1_328' title='bbox 875 2063 976 2104; x_wconf 89' lang='lat' dir='ltr'>laici;</span> <span class='ocrx_word' id='word_1_329' title='bbox 1012 2066 1236 2097; x_wconf 89' lang='lat' dir='ltr'>caeterorum</span> <span class='ocrx_word' id='word_1_330' title='bbox 1263 2062 1324 2097; x_wconf 89' lang='lat' dir='ltr'>alii</span> <span class='ocrx_word' id='word_1_331' title='bbox 1350 2062 1555 2106; x_wconf 85' lang='lat' dir='ltr'>magistros,</span> <span class='ocrx_word' id='word_1_332' title='bbox 1591 2061 1652 2096; x_wconf 87' lang='lat' dir='ltr'>alii</span> <span class='ocrx_word' id='word_1_333' title='bbox 1678 2061 1862 2096; x_wconf 85' lang='lat' dir='ltr'>scholares</span> 
     </span>
     <span class='ocr_line' id='line_1_33' title="bbox 87 2115 1863 2161; baseline -0.001 -12"><span class='ocrx_word' id='word_1_334' title='bbox 87 2118 210 2159; x_wconf 85' lang='lat' dir='ltr'>agunt.</span> <span class='ocrx_word' id='word_1_335' title='bbox 245 2116 286 2149; x_wconf 87' lang='lat' dir='ltr'>In</span> <span class='ocrx_word' id='word_1_336' title='bbox 311 2116 550 2151; x_wconf 87' lang='lat' dir='ltr'>universitate</span> <span class='ocrx_word' id='word_1_337' title='bbox 575 2118 651 2151; x_wconf 89' lang='lat' dir='ltr'>tres</span> <span class='ocrx_word' id='word_1_338' title='bbox 677 2117 720 2150; x_wconf 88' lang='lat' dir='ltr'>de</span> <span class='ocrx_word' id='word_1_339' title='bbox 740 2116 918 2151; x_wconf 86' lang='lat' dir='ltr'>Societate</span> <span class='ocrx_word' id='word_1_340' title='bbox 941 2117 1183 2161; x_wconf 87' lang='lat' dir='ltr'>„professores</span> <span class='ocrx_word' id='word_1_341' title='bbox 1201 2116 1379 2159; x_wconf 82' lang='lat' dir='ltr'>theologi“</span> <span class='ocrx_word' id='word_1_342' title='bbox 1403 2116 1541 2157; x_wconf 87' lang='lat' dir='ltr'>docent,</span> <span class='ocrx_word' id='word_1_343' title='bbox 1569 2127 1719 2159; x_wconf 89' lang='lat' dir='ltr'>quorum</span> <span class='ocrx_word' id='word_1_344' title='bbox 1738 2115 1758 2148; x_wconf 87' lang='grc'>2</span> <span class='ocrx_word' id='word_1_345' title='bbox 1777 2116 1863 2148; x_wconf 90' lang='lat' dir='ltr'>sunt</span> 
     </span>
     <span class='ocr_line' id='line_1_34' title="bbox 88 2169 1862 2214; baseline -0.001 -12"><span class='ocrx_word' id='word_1_346' title='bbox 88 2169 264 2210; x_wconf 89' lang='lat' dir='ltr'>doctores,</span> <span class='ocrx_word' id='word_1_347' title='bbox 298 2180 392 2203; x_wconf 89' lang='lat' dir='ltr'>unus</span> <span class='ocrx_word' id='word_1_348' title='bbox 417 2169 643 2210; x_wconf 87' lang='lat' dir='ltr'>licentiatus;</span> <span class='ocrx_word' id='word_1_349' title='bbox 680 2172 788 2214; x_wconf 91' lang='lat' dir='ltr'>atque</span> <span class='ocrx_word' id='word_1_350' title='bbox 815 2170 873 2204; x_wconf 89' lang='lat' dir='ltr'>hic</span> <span class='ocrx_word' id='word_1_351' title='bbox 901 2170 1121 2214; x_wconf 76' lang='lat' dir='ltr'>(Haivodus)</span> <span class='ocrx_word' id='word_1_352' title='bbox 1162 2181 1289 2213; x_wconf 82' lang='lat' dir='ltr'>„casus</span> <span class='ocrx_word' id='word_1_353' title='bbox 1315 2169 1576 2204; x_wconf 87' lang='lat' dir='ltr'>conscientiae“</span> <span class='ocrx_word' id='word_1_354' title='bbox 1611 2169 1786 2213; x_wconf 77' lang='lat' dir='ltr'>explicat:</span> <span class='ocrx_word' id='word_1_355' title='bbox 1816 2179 1862 2201; x_wconf 80' lang='lat' dir='ltr'>ex</span> 
     </span>
    </p>
   </div>
   <div class='ocr_carea' id='block_1_8' title="bbox 86 2232 1863 2350">
    <p class='ocr_par' dir='ltr' id='par_1_11' title="bbox 86 2232 1863 2350">
     <span class='ocr_line' id='line_1_35' title="bbox 207 2232 1863 2266; baseline -0.001 -8"><span class='ocrx_word' id='word_1_356' title='bbox 207 2233 234 2265; x_wconf 87' lang='lat' dir='ltr'>a)</span> <span class='ocrx_word' id='word_1_357' title='bbox 256 2234 394 2265; x_wconf 76' lang='lat' dir='ltr'>Sequitur</span> <span class='ocrx_word' id='word_1_358' title='bbox 412 2233 538 2265; x_wconf 73' lang='lat' dir='ltr'>vitulus,</span> <span class='ocrx_word' id='word_1_359' title='bbox 557 2234 647 2258; x_wconf 79' lang='lat' dir='ltr'>oblitt.</span> <span class='ocrx_word' id='word_1_360' title='bbox 738 2232 769 2265; x_wconf 89' lang='lat' dir='ltr'>b)</span> <span class='ocrx_word' id='word_1_361' title='bbox 790 2235 851 2259; x_wconf 82' lang='lat' dir='ltr'>Hoc</span> <span class='ocrx_word' id='word_1_362' title='bbox 870 2242 895 2259; x_wconf 85' lang='lat' dir='ltr'>v.</span> <span class='ocrx_word' id='word_1_363' title='bbox 916 2235 982 2259; x_wconf 78' lang='lat' dir='ltr'>libr.</span> <span class='ocrx_word' id='word_1_364' title='bbox 1001 2242 1094 2266; x_wconf 73' lang='lat' dir='ltr'>supra</span> <span class='ocrx_word' id='word_1_365' title='bbox 1120 2242 1237 2259; x_wconf 83' lang='lat' dir='ltr'>versum</span> <span class='ocrx_word' id='word_1_366' title='bbox 1263 2235 1390 2265; x_wconf 70' lang='lat' dir='ltr'>scripsit.</span> <span class='ocrx_word' id='word_1_367' title='bbox 1483 2234 1508 2265; x_wconf 88' lang='lat' dir='ltr'>c)</span> <span class='ocrx_word' id='word_1_368' title='bbox 1530 2234 1577 2259; x_wconf 70' lang='lat' dir='ltr'>Iia</span> <span class='ocrx_word' id='word_1_369' title='bbox 1598 2234 1626 2258; x_wconf 85' lang='lat' dir='ltr'>C.</span> <span class='ocrx_word' id='word_1_370' title='bbox 1646 2233 1708 2264; x_wconf 72' lang='lat' dir='ltr'>ipse</span> <span class='ocrx_word' id='word_1_371' title='bbox 1733 2232 1863 2257; x_wconf 76' lang='lat' dir='ltr'>correxit</span> 
     </span>
     <span class='ocr_line' id='line_1_36' title="bbox 88 2273 1862 2308; baseline -0.002 -8"><span class='ocrx_word' id='word_1_372' title='bbox 88 2283 125 2300; x_wconf 55' lang='grc' dir='ltr'>ει·</span> <span class='ocrx_word' id='word_1_373' title='bbox 144 2274 193 2300; x_wconf 85' lang='lat' dir='ltr'>ein</span> <span class='ocrx_word' id='word_1_374' title='bbox 213 2275 303 2307; x_wconf 85' lang='lat' dir='ltr'>eidig,</span> <span class='ocrx_word' id='word_1_375' title='bbox 325 2276 399 2307; x_wconf 76' lang='lat' dir='ltr'>quod</span> <span class='ocrx_word' id='word_1_376' title='bbox 420 2276 486 2301; x_wconf 77' lang='lat' dir='ltr'>libr.</span> <span class='ocrx_word' id='word_1_377' title='bbox 506 2277 676 2307; x_wconf 75' lang='lat' dir='ltr'>scripserat.</span> <span class='ocrx_word' id='word_1_378' title='bbox 762 2275 793 2308; x_wconf 86' lang='lat' dir='ltr'>d)</span> <span class='ocrx_word' id='word_1_379' title='bbox 814 2277 937 2301; x_wconf 81' lang='lat' dir='ltr'>Verbum</span> <span class='ocrx_word' id='word_1_380' title='bbox 957 2277 1008 2301; x_wconf 79' lang='lat' dir='ltr'>hoc</span> <span class='ocrx_word' id='word_1_381' title='bbox 1028 2277 1178 2301; x_wconf 74' lang='lat' dir='ltr'>obscurius</span> <span class='ocrx_word' id='word_1_382' title='bbox 1197 2276 1340 2307; x_wconf 77' lang='lat' dir='ltr'>scriptum</span> <span class='ocrx_word' id='word_1_383' title='bbox 1360 2279 1409 2301; x_wconf 81' lang='lat' dir='ltr'>est.</span> <span class='ocrx_word' id='word_1_384' title='bbox 1502 2276 1530 2307; x_wconf 87' lang='lat' dir='ltr'>e)</span> <span class='ocrx_word' id='word_1_385' title='bbox 1551 2275 1690 2307; x_wconf 72' lang='lat' dir='ltr'>Sequitur</span> <span class='ocrx_word' id='word_1_386' title='bbox 1709 2273 1749 2305; x_wconf 80' lang='lat' dir='ltr'>in,</span> <span class='ocrx_word' id='word_1_387' title='bbox 1769 2273 1862 2298; x_wconf 74' lang='lat' dir='ltr'>omitt.</span> 
     </span>
     <span class='ocr_line' id='line_1_37' title="bbox 86 2316 1343 2350; baseline 0.001 -9"><span class='ocrx_word' id='word_1_388' title='bbox 86 2316 111 2349; x_wconf 88' lang='lat' dir='ltr'>f)</span> <span class='ocrx_word' id='word_1_389' title='bbox 133 2318 302 2349; x_wconf 73' lang='lat' dir='ltr'>Sequuntur</span> <span class='ocrx_word' id='word_1_390' title='bbox 321 2325 363 2342; x_wconf 79' lang='lat' dir='ltr'>vv.</span> <span class='ocrx_word' id='word_1_391' title='bbox 385 2316 532 2350; x_wconf 85' lang='lat' dir='ltr'>accipitur</span> <span class='ocrx_word' id='word_1_392' title='bbox 551 2324 568 2342; x_wconf 82' lang='lat' dir='ltr'>a</span> <span class='ocrx_word' id='word_1_393' title='bbox 588 2319 631 2342; x_wconf 83' lang='lat' dir='ltr'>vel</span> <span class='ocrx_word' id='word_1_394' title='bbox 651 2318 773 2349; x_wconf 80' lang='lat' dir='ltr'>similia,</span> <span class='ocrx_word' id='word_1_395' title='bbox 793 2318 882 2343; x_wconf 77' lang='lat' dir='ltr'>oblitt.</span> <span class='ocrx_word' id='word_1_396' title='bbox 975 2319 1005 2350; x_wconf 87' lang='lat' dir='ltr'>g)</span> <span class='ocrx_word' id='word_1_397' title='bbox 1027 2318 1166 2349; x_wconf 71' lang='lat' dir='ltr'>Sequitur</span> <span class='ocrx_word' id='word_1_398' title='bbox 1186 2317 1233 2349; x_wconf 80' lang='lat' dir='ltr'>ad,</span> <span class='ocrx_word' id='word_1_399' title='bbox 1254 2318 1343 2343; x_wconf 77' lang='lat' dir='ltr'>oblitt.</span> 
     </span>
    </p>
   </div>
   <div class='ocr_carea' id='block_1_9' title="bbox 84 2435 1862 3111">
    <p class='ocr_par' dir='ltr' id='par_1_12' title="bbox 209 2435 1609 2481">
     <span class='ocr_line' id='line_1_38' title="bbox 209 2435 1609 2481; baseline -0.001 -11"><span class='ocrx_word' id='word_1_400' title='bbox 209 2438 217 2456; x_wconf 87' lang='lat'>¹</span> <span class='ocrx_word' id='word_1_401' title='bbox 246 2436 398 2478; x_wconf 87' lang='lat' dir='ltr'>Tollere,</span> <span class='ocrx_word' id='word_1_402' title='bbox 425 2437 577 2478; x_wconf 87' lang='lat' dir='ltr'>abolere,</span> <span class='ocrx_word' id='word_1_403' title='bbox 604 2436 708 2471; x_wconf 85' lang='lat' dir='ltr'>irrita</span> <span class='ocrx_word' id='word_1_404' title='bbox 733 2437 853 2471; x_wconf 87' lang='lat' dir='ltr'>facere</span> <span class='ocrx_word' id='word_1_405' title='bbox 882 2436 1053 2481; x_wconf 76' lang='lat' dir='ltr'>(Grimm,</span> <span class='ocrx_word' id='word_1_406' title='bbox 1079 2436 1323 2471; x_wconf 72' lang='lat' dir='ltr'>Worterbuch</span> <span class='ocrx_word' id='word_1_407' title='bbox 1349 2437 1365 2470; x_wconf 88' lang='grc' dir='ltr'><strong>Ι</strong></span> <span class='ocrx_word' id='word_1_408' title='bbox 1392 2435 1609 2478; x_wconf 82' lang='grc'>665-666).</span> 
     </span>
    </p>

    <p class='ocr_par' dir='ltr' id='par_1_13' title="bbox 86 2487 1860 2578">
     <span class='ocr_line' id='line_1_39' title="bbox 206 2487 1860 2535; baseline -0.002 -11"><span class='ocrx_word' id='word_1_409' title='bbox 206 2490 219 2510; x_wconf 78' lang='grc'>’-’</span> <span class='ocrx_word' id='word_1_410' title='bbox 246 2489 280 2524; x_wconf 83' lang='lat' dir='ltr'>S.</span> <span class='ocrx_word' id='word_1_411' title='bbox 299 2490 479 2524; x_wconf 89' lang='lat' dir='ltr'>Martinus</span> <span class='ocrx_word' id='word_1_412' title='bbox 506 2490 695 2535; x_wconf 89' lang='lat' dir='ltr'>episcopus</span> <span class='ocrx_word' id='word_1_413' title='bbox 720 2491 925 2525; x_wconf 87' lang='lat' dir='ltr'>turonensis</span> <span class='ocrx_word' id='word_1_414' title='bbox 953 2490 989 2534; x_wconf 91' lang='lat'>(†</span> <span class='ocrx_word' id='word_1_415' title='bbox 1008 2490 1103 2525; x_wconf 85' lang='lat' dir='ltr'>eirea</span> <span class='ocrx_word' id='word_1_416' title='bbox 1121 2502 1151 2524; x_wconf 91' lang='lat' dir='ltr'>a.</span> <span class='ocrx_word' id='word_1_417' title='bbox 1171 2490 1256 2534; x_wconf 89' lang='lat'>400)</span> <span class='ocrx_word' id='word_1_418' title='bbox 1285 2489 1488 2535; x_wconf 88' lang='lat' dir='ltr'>complures</span> <span class='ocrx_word' id='word_1_419' title='bbox 1506 2500 1618 2523; x_wconf 89' lang='lat' dir='ltr'>annos</span> <span class='ocrx_word' id='word_1_420' title='bbox 1643 2488 1680 2522; x_wconf 92' lang='lat' dir='ltr'>in</span> <span class='ocrx_word' id='word_1_421' title='bbox 1698 2487 1860 2522; x_wconf 87' lang='lat' dir='ltr'>exercitu</span> 
     </span>
     <span class='ocr_line' id='line_1_40' title="bbox 86 2543 489 2578; baseline 0 -1"><span class='ocrx_word' id='word_1_422' title='bbox 86 2554 232 2577; x_wconf 86' lang='lat' dir='ltr'>romano</span> <span class='ocrx_word' id='word_1_423' title='bbox 257 2543 489 2578; x_wconf 86' lang='lat' dir='ltr'>militaverat.</span> 
     </span>
    </p>

    <p class='ocr_par' dir='ltr' id='par_1_14' title="bbox 84 2594 1862 3068">
     <span class='ocr_line' id='line_1_41' title="bbox 207 2594 1860 2642; baseline -0.001 -12"><span class='ocrx_word' id='word_1_424' title='bbox 207 2597 220 2616; x_wconf 78' lang='grc'>3</span> <span class='ocrx_word' id='word_1_425' title='bbox 246 2596 432 2631; x_wconf 88' lang='lat' dir='ltr'>Cornelius</span> <span class='ocrx_word' id='word_1_426' title='bbox 459 2596 615 2631; x_wconf 84' lang='lat' dir='ltr'>cohortis</span> <span class='ocrx_word' id='word_1_427' title='bbox 650 2596 804 2639; x_wconf 88' lang='lat' dir='ltr'>italicae,</span> <span class='ocrx_word' id='word_1_428' title='bbox 840 2609 932 2642; x_wconf 88' lang='lat' dir='ltr'>quae</span> <span class='ocrx_word' id='word_1_429' title='bbox 959 2596 1158 2631; x_wconf 85' lang='lat' dir='ltr'>Caesareae</span> <span class='ocrx_word' id='word_1_430' title='bbox 1193 2598 1280 2637; x_wconf 88' lang='lat' dir='ltr'>erat,</span> <span class='ocrx_word' id='word_1_431' title='bbox 1317 2595 1498 2637; x_wconf 90' lang='lat' dir='ltr'>centuri0;</span> <span class='ocrx_word' id='word_1_432' title='bbox 1535 2595 1595 2640; x_wconf 88' lang='lat' dir='ltr'>qui</span> <span class='ocrx_word' id='word_1_433' title='bbox 1629 2594 1798 2629; x_wconf 82' lang='lat' dir='ltr'>laudatur</span> <span class='ocrx_word' id='word_1_434' title='bbox 1824 2595 1860 2628; x_wconf 91' lang='lat' dir='ltr'>in</span> 
     </span>
     <span class='ocr_line' id='line_1_42' title="bbox 87 2650 1858 2749; baseline -0.001 -12"><span class='ocrx_word' id='word_1_435' title='bbox 87 2651 158 2685; x_wconf 59' lang='lat' dir='ltr'>Aet</span> <span class='ocrx_word' id='word_1_436' title='bbox 187 2650 406 2738; x_wconf 48' lang='lat' dir='ltr'>17P&#39;Nlaangizgin</span> <span class='ocrx_word' id='word_1_437' title='bbox 444 2703 611 2749; x_wconf 88' lang='lat' dir='ltr'>princeps</span> <span class='ocrx_word' id='word_1_438' title='bbox 644 2703 795 2737; x_wconf 87' lang='lat' dir='ltr'>militiae</span> <span class='ocrx_word' id='word_1_439' title='bbox 830 2703 1000 2738; x_wconf 84' lang='lat' dir='ltr'>Hazaelis</span> <span class='ocrx_word' id='word_1_440' title='bbox 1034 2703 1131 2747; x_wconf 84' lang='lat' dir='ltr'>regis</span> <span class='ocrx_word' id='word_1_441' title='bbox 1170 2702 1315 2748; x_wconf 84' lang='lat' dir='ltr'>Syriae;</span> <span class='ocrx_word' id='word_1_442' title='bbox 1352 2702 1395 2736; x_wconf 89' lang='lat' dir='ltr'>de</span> <span class='ocrx_word' id='word_1_443' title='bbox 1427 2714 1497 2747; x_wconf 91' lang='lat' dir='ltr'>quo</span> <span class='ocrx_word' id='word_1_444' title='bbox 1531 2704 1554 2736; x_wconf 92' lang='lat'>4</span> <span class='ocrx_word' id='word_1_445' title='bbox 1580 2701 1637 2745; x_wconf 79' lang='lat' dir='ltr'>Rg</span> <span class='ocrx_word' id='word_1_446' title='bbox 1663 2702 1694 2743; x_wconf 87' lang='lat'>5,</span> <span class='ocrx_word' id='word_1_447' title='bbox 1723 2701 1858 2742; x_wconf 79' lang='lat'>1—27;</span> 
     </span>
     <span class='ocr_line' id='line_1_43' title="bbox 87 2757 1860 2855; baseline -0.001 -11"><span class='ocrx_word' id='word_1_448' title='bbox 87 2757 136 2791; x_wconf 65' lang='lat' dir='ltr'>Lo</span> <span class='ocrx_word' id='word_1_449' title='bbox 161 2759 194 2798; x_wconf 70' lang='lat'>4,</span> <span class='ocrx_word' id='word_1_450' title='bbox 205 2757 433 2844; x_wconf 64' lang='grc'><strong>5217-1011101103</strong></span> <span class='ocrx_word' id='word_1_451' title='bbox 480 2809 705 2844; x_wconf 86' lang='lat' dir='ltr'>saeculorum</span> <span class='ocrx_word' id='word_1_452' title='bbox 754 2810 978 2855; x_wconf 86' lang='lat' dir='ltr'>superiorum</span> <span class='ocrx_word' id='word_1_453' title='bbox 1022 2809 1189 2844; x_wconf 87' lang='lat' dir='ltr'>Canisius</span> <span class='ocrx_word' id='word_1_454' title='bbox 1236 2809 1465 2855; x_wconf 85' lang='lat' dir='ltr'>potissimum</span> <span class='ocrx_word' id='word_1_455' title='bbox 1512 2808 1718 2852; x_wconf 82' lang='lat' dir='ltr'>significare</span> <span class='ocrx_word' id='word_1_456' title='bbox 1765 2807 1860 2843; x_wconf 89' lang='lat' dir='ltr'>velle</span> 
     </span>
     <span class='ocr_line' id='line_1_44' title="bbox 84 2863 1862 2962; baseline 0 -12"><span class='ocrx_word' id='word_1_457' title='bbox 84 2863 460 2960; x_wconf 55' lang='lat' dir='ltr'>Vldetug·TheO]0giae</span> <span class='ocrx_word' id='word_1_458' title='bbox 486 2916 710 2962; x_wconf 85' lang='lat' dir='ltr'>professores</span> <span class='ocrx_word' id='word_1_459' title='bbox 736 2918 773 2950; x_wconf 89' lang='lat' dir='ltr'>et</span> <span class='ocrx_word' id='word_1_460' title='bbox 798 2916 963 2950; x_wconf 86' lang='lat' dir='ltr'>doctores</span> <span class='ocrx_word' id='word_1_461' title='bbox 989 2918 1093 2950; x_wconf 88' lang='lat' dir='ltr'>erant</span> <span class='ocrx_word' id='word_1_462' title='bbox 1118 2916 1273 2961; x_wconf 90' lang='lat' dir='ltr'>primum</span> <span class='ocrx_word' id='word_1_463' title='bbox 1291 2915 1363 2950; x_wconf 88' lang='lat' dir='ltr'>PP.</span> <span class='ocrx_word' id='word_1_464' title='bbox 1383 2915 1568 2950; x_wconf 86' lang='lat' dir='ltr'>Gonradus</span> <span class='ocrx_word' id='word_1_465' title='bbox 1594 2914 1798 2959; x_wconf 84' lang='lat' dir='ltr'>Swagerius</span> <span class='ocrx_word' id='word_1_466' title='bbox 1824 2916 1862 2949; x_wconf 72' lang='lat' dir='ltr'>et</span> 
     </span>
     <span class='ocr_line' id='line_1_45' title="bbox 85 2968 1861 3015; baseline -0.001 -11"><span class='ocrx_word' id='word_1_467' title='bbox 85 2969 328 3015; x_wconf 87' lang='lat' dir='ltr'>Hieronymus</span> <span class='ocrx_word' id='word_1_468' title='bbox 362 2969 562 3011; x_wconf 88' lang='lat' dir='ltr'>Torrensis,</span> <span class='ocrx_word' id='word_1_469' title='bbox 598 2970 725 3004; x_wconf 89' lang='lat' dir='ltr'>deinde</span> <span class='ocrx_word' id='word_1_470' title='bbox 761 2970 832 3004; x_wconf 85' lang='lat' dir='ltr'>PP.</span> <span class='ocrx_word' id='word_1_471' title='bbox 860 2969 1017 3004; x_wconf 87' lang='lat' dir='ltr'>Thomas</span> <span class='ocrx_word' id='word_1_472' title='bbox 1053 2969 1180 3004; x_wconf 83' lang='lat' dir='ltr'>Gallus</span> <span class='ocrx_word' id='word_1_473' title='bbox 1216 2972 1252 3004; x_wconf 86' lang='lat' dir='ltr'>et</span> <span class='ocrx_word' id='word_1_474' title='bbox 1286 2969 1494 3015; x_wconf 90' lang='lat' dir='ltr'>Alphonsus</span> <span class='ocrx_word' id='word_1_475' title='bbox 1520 2969 1674 3004; x_wconf 87' lang='lat' dir='ltr'>Pisanus</span> <span class='ocrx_word' id='word_1_476' title='bbox 1685 2982 1693 3011; x_wconf 91' lang='lat'>;</span> <span class='ocrx_word' id='word_1_477' title='bbox 1730 2968 1861 3013; x_wconf 87' lang='lat' dir='ltr'>quibus</span> 
     </span>
     <span class='ocr_line' id='line_1_46' title="bbox 85 3023 1195 3068; baseline 0 -11"><span class='ocrx_word' id='word_1_478' title='bbox 85 3023 279 3058; x_wconf 86' lang='lat' dir='ltr'>accedebat</span> <span class='ocrx_word' id='word_1_479' title='bbox 303 3023 343 3057; x_wconf 91' lang='lat' dir='ltr'>P.</span> <span class='ocrx_word' id='word_1_480' title='bbox 371 3023 509 3068; x_wconf 79' lang='lat' dir='ltr'>Caspai·</span> <span class='ocrx_word' id='word_1_481' title='bbox 534 3023 722 3058; x_wconf 88' lang='lat' dir='ltr'>Haivodus</span> <span class='ocrx_word' id='word_1_482' title='bbox 748 3023 951 3066; x_wconf 83' lang='lat' dir='ltr'>theologiae</span> <span class='ocrx_word' id='word_1_483' title='bbox 976 3023 1195 3058; x_wconf 87' lang='lat' dir='ltr'>licentiatus.</span> 
     </span>
    </p>

    <p class='ocr_par' dir='ltr' id='par_1_15' title="bbox 208 3076 835 3111">
     <span class='ocr_line' id='line_1_47' title="bbox 208 3076 835 3111; baseline 0 -1"><span class='ocrx_word' id='word_1_484' title='bbox 208 3078 220 3097; x_wconf 79' lang='lat'><em>⁷</em></span> <span class='ocrx_word' id='word_1_485' title='bbox 247 3077 355 3110; x_wconf 91' lang='lat' dir='ltr'>Petro</span> <span class='ocrx_word' id='word_1_486' title='bbox 383 3078 419 3110; x_wconf 93' lang='lat' dir='ltr'>et</span> <span class='ocrx_word' id='word_1_487' title='bbox 445 3076 642 3111; x_wconf 89' lang='lat' dir='ltr'>Thedorico</span> <span class='ocrx_word' id='word_1_488' title='bbox 669 3076 835 3111; x_wconf 85' lang='lat' dir='ltr'>Canisiis.</span> 
     </span>
    </p>
   </div>
  </div>
 </body>
</html>
