2044 3335
610 89 777 132 Augusta
795 89 901 124 Vind.
919 90 952 124 4.
974 87 1194 134 Septembris
1215 86 1317 121 1568.
1766 86 1851 126 215

81 208 307 261 Augustae
324 207 349 258 ¹,
395 206 586 259 alioquin
631 209 733 249 ante
775 206 945 249 Pascha
991 206 1065 248 vix
1109 218 1257 247 eorum
1301 203 1416 245 vllus
1462 202 1517 244 ad
1560 201 1852 244 sacerdotium

80 271 327 327 perueniet:
362 271 495 325 probe
526 271 812 314 instituentur
823 277 849 314 Β.

199 336 250 378 R.
284 335 337 378 V.
382 350 543 389 quaeso
587 336 749 378 habeat
791 350 940 378 curam
983 348 1178 377 mearum
1220 333 1448 376 literarum
1490 345 1544 373 ne
1585 331 1629 373 in
1663 330 1855 385 Scyllam

80 401 294 444 incidant:
337 400 459 443 nouit
501 401 613 442 enim
656 401 743 443 iam
786 401 915 454 longo
957 415 1039 442 vsu
1077 399 1297 441 hominum
1333 397 1603 451 quorundam
1635 395 1854 449 ingenia‘2.

201 466 303 508 Cum
346 466 489 508 isthuc
531 466 733 509 venerint
770 466 966 508 Canones
998 464 1185 507 Nicaeni
1216 464 1269 506 D.
1303 462 1463 512 Pisani,
1506 476 1655 504 eorum
1695 461 1857 503 habeat

82 532 134 574 R.
158 532 211 574 V.
235 532 391 573 bonam
425 545 587 582 curam,
621 545 707 573 non
740 532 878 573 solum
912 535 961 574 vt
994 530 1079 573 cito
1112 529 1398 584 perlegantur
1430 529 1475 570 et
1506 526 1752 569 iudicentur
1774 528 1857 568 etc.

82 597 158 638 sed
191 596 322 638 etiam
355 598 404 638 vt
435 596 545 638 illisb
578 596 896 639 commendatio
929 596 1077 649 aliqua
1108 595 1179 636 vel
1212 593 1382 648 papalis
1413 593 1486 634 vel
1509 590 1793 634 Cardinalitia
1814 590 1858 632 in

82 662 227 704 fronte
258 662 539 715 praefigatur,
573 665 778 715 putamus
811 661 925 703 enim
956 661 1052 703 fore
1085 674 1192 714 opus
1224 657 1504 702 Vtilissimum
1535 657 1580 698 in
1610 655 1857 705 Germania,

83 727 278 781 cupimus
310 729 458 769 autem
490 727 576 769 cito
609 740 779 780 quoque
811 726 1042 780 remittj03.

203 791 364 846 Accepi
386 806 413 834 a
444 791 577 834 Patre
609 794 759 834 nostro
792 791 916 834 binas
950 793 974 833 6
998 790 1102 844 Julij
1137 793 1182 832 et
1217 791 1270 831 10
1294 787 1484 842 Augusti
1517 787 1667 829 datas:
1702 785 1772 827 hic
1805 785 1861 827 ad

82 860 293 910 vtrasque
325 857 580 911 respondeo,
623 857 818 899 Joannes
840 857 1011 910 Anglus
1043 857 1159 898 laeto
1193 854 1336 896 animo
1361 852 1532 908 accepit
1554 851 1700 895 Patris
1722 850 1859 903 nostrj

83 923 258 966 literas:
300 922 410 964 bene
452 922 561 964 satis
593 923 739 973 habet,
784 924 957 964 creatus
1000 924 1068 964 est
1107 920 1268 963 artium
1300 918 1515 972 Magister
1553 918 1606 959 de
1648 929 1861 958 consensu

84 988 228 1031 Patris
249 987 402 1041 nostrj,
437 990 482 1030 et
503 987 695 1041 praeerit
723 987 806 1029 hoc
828 1001 941 1029 anno
965 1001 1070 1029 suae
1093 985 1223 1028 classi
1246 984 1521 1035 Rhetoricae,
1546 996 1666 1024 more
1689 981 1817 1023 solito
1831 981 1861 1021 4.

201 1054 328 1096 Jstae
350 1054 508 1095 beatae
531 1052 860 1107 Oenipontanae
882 1053 1175 1107 impetrarunt
1197 1064 1274 1105 per
1297 1048 1724 1091 Reuerendissimum
1748 1045 1862 1100 apud

84 1119 249 1173 Papam
282 1118 395 1172 quod
428 1118 499 1160 diu
533 1120 754 1172 optarunt,
788 1117 989 1160 nimirum
1022 1120 1073 1160 vt
1104 1118 1284 1171 possent
1316 1114 1440 1157 nobis
1472 1115 1516 1156 in
1541 1112 1733 1166 Collegio
1767 1124 1863 1153 esse

84 1184 296 1226 molestae
328 1183 499 1237 quoties
531 1183 700 1234 volunt,
738 1184 894 1226 volunt
926 1184 1072 1225 autem
1107 1195 1260 1235 saepe:
1304 1180 1528 1222 meliorem
1561 1183 1710 1222 tamen
1741 1190 1863 1231 spem

84 1248 208 1291 nobis
240 1249 409 1292 fecerat
440 1248 575 1291 Pater
606 1251 768 1299 noster,
803 1249 893 1291 sed.
957 1249 1080 1290 Haec
1113 1247 1168 1289 ad
1200 1246 1352 1289 literas
1386 1247 1425 1288 6.
1460 1244 1635 1299 Julijdf‘.

205 1314 467 1368 Exemplum
489 1313 772 1368 Zipherarum
805 1313 874 1355 hic
906 1313 1034 1356 mitto
1058 1326 1170 1366 quae
1192 1326 1330 1366 nuper
1352 1310 1481 1353 isthic
1503 1309 1757 1352 intellectae
1778 1320 1865 1349 non

86 1382 200 1423 sunt.
264 1379 509 1433 Aliquando
549 1393 677 1421 casus
719 1379 930 1432 exigeret,
973 1381 1022 1421 vt
1065 1379 1117 1420 de
1156 1377 1338 1431 singulis
1371 1390 1543 1430 quoque
1574 1373 1864 1427 Collegiorum

207 1461 235 1492 a)
255 1459 479 1486 instituuentur
492 1461 573 1492 Hoff.
629 1460 660 1492 b)
681 1461 724 1485 Ab
740 1461 776 1485 H.
792 1468 867 1485 corr.
882 1468 918 1485 ex
931 1466 1047 1486 eorum.
1099 1459 1126 1490 c)
1146 1459 1218 1483 Vide
1232 1459 1327 1489 infra,
1341 1458 1409 1483 αιῖη.
1424 1459 1449 1482 3.
1500 1455 1531 1488 d)
1552 1455 1622 1481 Vide
1642 1455 1738 1486 infra,
1756 1454 1827 1479 adn.
1840 1454 1866 1478 4.

212 1545 223 1566 ¹
249 1543 302 1579 De
328 1545 483 1579 fratrum
509 1543 809 1579 scholasticorum
837 1543 882 1578 ad
908 1555 1031 1578 sacros
1050 1542 1194 1577 ordines
1221 1544 1325 1576 extra
1351 1543 1515 1586 tempora
1541 1538 1867 1585 promovendorum

88 1598 263 1633 facultate
299 1598 471 1633 Societati
507 1609 680 1632 concessa
711 1609 747 1632 v.
777 1598 865 1632 Can.
893 1598 926 1631 11
953 1596 1039 1631 2612
1067 1596 1147 1631 300.
1198 1595 1288 1629 Post
1321 1595 1441 1638 legem
1476 1593 1577 1628 illam
1613 1604 1634 1627 a
1669 1591 1704 1626 S.
1731 1590 1796 1625 Pio
1823 1589 1866 1624 V.

89 1664 119 1687 a.
137 1652 228 1687 1566
254 1652 367 1686 latam
393 1663 542 1686 necesse
561 1653 641 1686 erat
666 1651 749 1685 illos
775 1651 930 1696 primum
958 1652 1021 1684 aut
1039 1649 1084 1684 ad
1102 1649 1365 1694 professionem
1384 1648 1596 1683 sollemnem
1624 1658 1645 1680 a
1663 1643 1867 1690 praeposito

89 1705 249 1751 generali
274 1705 427 1748 admitti,
454 1708 519 1740 aut
543 1704 721 1749 singulari
747 1705 1018 1750 dispensatione
1044 1715 1065 1738 a
1091 1703 1262 1748 pontifice
1288 1702 1433 1743 donarig
1461 1713 1497 1735 v.
1525 1711 1635 1745 supra
1660 1711 1694 1744 p.
1714 1698 1785 1733 93⁷.

209 1759 222 1779 2
248 1758 420 1793 Hoffaeus
445 1759 632 1793 metuebat
658 1759 826 1799 fortasse,
860 1770 905 1792 ne
941 1758 1085 1792 litterae
1121 1757 1157 1791 in
1184 1768 1314 1791 manus
1349 1756 1389 1790 P.
1418 1754 1565 1798 Georgii
1592 1751 1792 1788 Schorichii
1818 1751 1867 1785 in-

89 1813 267 1853 ciderent;
296 1825 329 1847 v.
357 1824 467 1857 supra
494 1825 528 1858 p.
548 1812 702 1847 95-96,

211 1867 224 1886 ³
250 1865 509 1910 Significantur
535 1865 580 1901 70
606 1865 659 1899 illi
685 1876 842 1900 canones
873 1864 1048 1907 „arabici“
1076 1863 1327 1899 oecumenicae
1353 1861 1483 1908 synodi
1508 1862 1698 1899 nicaenae;
1726 1858 1766 1892 de
1792 1857 1870 1901 qui-

89 1920 157 1955 bus
183 1919 287 1965 plura
314 1919 380 1954 sub
407 1920 522 1964 ipsam
549 1919 643 1953 hanc
670 1918 862 1964 epistulam
890 1918 1066 1953 dicentur.
1101 1918 1141 1952 P.
1166 1919 1321 1952 Ioannes
1339 1917 1518 1951 Polam-us
1536 1913 1729 1949 Societatis
1754 1922 1869 1946 secre-

89 1974 205 2009 tarius
231 1974 267 2007 in
293 1972 401 2007 huius
427 1973 557 2018 capitis
583 1972 747 2016 margine
773 1972 968 2017 *scripsitz
1001 1971 1215 2015 „venghin0,
1243 1973 1279 2004 et
1305 1971 1335 2004 si
1363 1968 1609 2014 giudiche1·a“.

211 2028 223 2047 4
250 2028 429 2062 Ροῑαηοιιε)ἱ
466 2026 503 2060 111
538 2025 702 2061 *litteris
741 2025 915 2060 mandatu
952 2025 1108 2069 Borgiae
1146 2025 1260 2059 Roma
1296 2025 1328 2059 6.
1357 2022 1559 2057 1111111568
1598 2019 1782 2062 Dilingam
1826 2017 1871 2051 ad

91 2081 148 2116 Fr.
167 2081 336 2115 Ioannem
356 2079 515 2124 Anglum
541 2080 619 2114 sive
638 2079 768 2114 Vicum
798 2079 850 2124 (v.
874 2090 984 2124 supra
1010 2091 1043 2124 p.
1066 2077 1149 2120 146)
1178 2077 1319 2112 missis:
1353 2076 1561 2121 „Accepit“,
1588 2073 1717 2118 inquit,
1749 2072 1808 2113 ,‚P.
1827 2070 1870 2105 N.

91 2134 326 2179 Praepositus
352 2134 478 2168 literas
504 2133 586 2168 illas
613 2145 704 2177 quas
734 2134 788 2167 14.
816 2132 900 2178 maij
928 2132 1070 2175 dedisti,
1098 2131 1228 2176 quibus
1255 2131 1375 2175 aliquo
1404 2130 1503 2164 modo
1530 2126 1700 2172 conqueri
1727 2124 1872 2165 uideris,

92 2187 187 2233 quod
213 2199 254 2222 ea
281 2199 373 2232 quae
399 2186 543 2232 sepulta
571 2186 665 2231 [α])..·
690 2185 859 2231 sequuta]
887 2186 959 2220 iam
986 2186 1133 2220 fuerant
1167 2187 1230 2219 aut
1266 2196 1345 2219 esse
1373 2183 1572 2218 debuerant
1597 2181 1712 2215 denuo
1738 2179 1774 2213 in
1800 2189 1871 2211 me-

93 2241 242 2276 moriam
268 2243 440 2275 reuocata
457 2240 532 2282 tibi,
560 2242 596 2274 et
614 2239 755 2275 obiecta
774 2240 920 2281 fuerint,
945 2239 1137 2283 Significas
1164 2239 1273 2273 etiam
1300 2240 1336 2272 te
1360 2238 1488 2271 timere
1514 2247 1558 2269 ne
1584 2234 1621 2268 in
1640 2232 1871 2268 offensionem

93 2295 134 2330 P.
152 2294 386 2340 prouincialis
411 2294 519 2328 huius
545 2294 640 2328 modi
667 2293 790 2328 uerbis
816 2293 975 2334 incidas;
1004 2293 1118 2327 frater
1144 2291 1357 2327 charissime
1383 2291 1474 2325 bono
1501 2300 1612 2334 queso
1638 2287 1757 2322 animo
1784 2287 1872 2324 esto,

94 2352 130 2383 et
164 2349 283 2394 potius
317 2347 495 2383 sollicitus
526 2348 577 2382 sis
602 2359 647 2382 ne
674 2359 745 2391 qua
770 2348 807 2381 in
833 2349 936 2392 parte
963 2346 1081 2381 officio
1109 2345 1300 2381 charitatis
1334 2345 1371 2378 in
1398 2344 1616 2378 Societatem
1641 2342 1804 2375 nostram
1837 2341 1874 2372 et

94 2402 317 2437 obedientiae
335 2402 371 2436 in
389 2401 594 2446 superiores
612 2401 728 2435 desis“
751 2403 819 2435 etc.
841 2401 903 2443 (ex
929 2412 1052 2445 apogr.
1073 2400 1186 2434 eiusd.
1204 2402 1334 2444 temp.;
1362 2397 1423 2432 ubi
1445 2394 1715 2442 „prouincialis“
1746 2405 1767 2427 a
1793 2392 1873 2426 libr.

96 2458 297 2491 correctum
324 2458 380 2490 est
406 2468 452 2489 ex
482 2454 862 2500 „Viceprouincialis“.
914 2454 1035 2489 Germ.
1062 2454 1106 2488 67
1133 2454 1158 2488 f.
1188 2452 1300 2496 1602).

215 2511 229 2530 ⁵
259 2510 432 2552 „Beatae“
454 2509 516 2543 illo
534 2511 706 2553 tempore,
730 2508 888 2542 maxime
912 2508 948 2542 in
967 2507 1154 2552 Hispania,
1173 2505 1398 2541 vocabantur
1416 2503 1595 2544 mulieres,
1622 2512 1714 2546 quae
1732 2502 1872 2545 praete1

95 2565 258 2598 caeteras
284 2562 456 2608 pietatem
485 2562 652 2596 colebant
681 2563 757 2603 (Du
780 2563 895 2605 Canye
920 2561 944 2596 l.
964 2573 993 2595 c.
1014 2562 1028 2595 I
1055 2559 1155 2604 613).
1189 2559 1381 2594 Caeterum
1408 2555 1584 2591 vocabulo
1606 2554 1783 2598 „Beatus“
1805 2553 1874 2587 iam

96 2619 239 2651 veteres
265 2616 462 2661 scriptores
490 2615 594 2650 latini
630 2627 694 2661 pro
721 2614 962 2660 appellatione
999 2614 1079 2648 sive
1104 2613 1346 2653 substantivo,
1383 2613 1424 2645 ut
1450 2611 1569 2645 dicere
1595 2608 1765 2648 solemus,
1799 2608 1875 2640 ute-

96 2670 228 2704 bantur
255 2669 484 2713 (Thesaurus
516 2669 663 2713 linguae
690 2669 835 2710 latinae,
873 2668 927 2702 ed.
955 2667 1172 2702 auctoritate
1199 2665 1476 2700 Academiarum
1504 2662 1625 2698 Germ.
1652 2662 1696 2702 ΙΙ,
1733 2660 1876 2705 Lipsiae

99 2724 344 2765 1900-1906,
374 2723 493 2767 1919).
544 2724 700 2767 Βονρίαε
734 2722 848 2756 Roma
884 2722 916 2756 6.
944 2721 1026 2755 Iulii
1054 2720 1146 2754 1568
1181 2719 1331 2753 Hoffaeo
1368 2717 1612 2762 *scripserat:
1652 2714 1710 2758 „Si
1744 2713 1877 2748 uedera

98 2777 132 2811 di
159 2777 223 2811 dar
248 2777 387 2811 ricordo
414 2776 473 2811 all'
490 2776 743 2810 Illustrissimo
772 2774 964 2809 Gardinale
991 2774 1022 2808 d’
1036 2774 1215 2817 Augusta,
1252 2772 1318 2807 che
1343 2783 1414 2806 non
1441 2769 1600 2805 dimandi
1634 2780 1698 2812 per
1723 2767 1757 2802 le
1783 2778 1877 2801 sere-

97 2831 246 2865 nissime
272 2831 411 2874 Regine
438 2829 560 2874 quella
594 2829 741 2863 licentia
768 2828 799 2863 d’
816 2831 940 2863 entrar
974 2827 1060 2862 nelli
1090 2825 1241 2871 Collegij
1279 2826 1362 2868 ogni
1389 2824 1488 2859 uolta
1523 2823 1589 2857 che
1615 2833 1805 2862 uorranno,
1843 2822 1878 2854 et

97 2884 129 2918 si
153 2884 223 2918 ben
248 2884 282 2918 lo
310 2883 551 2923 domandassi,
578 2883 677 2917 forsa
703 2894 773 2916 non
800 2881 825 2915 11
852 2881 1003 2916 sarebbe
1031 2891 1202 2915 concesso
1229 2891 1293 2924 per
1318 2878 1344 2913 il
1371 2879 1490 2923 Papa“
1522 2876 1585 2920 (ex
1612 2886 1736 2921 apogr.
1764 2874 1878 2909 eiusd.

98 2937 173 2971 fere
199 2940 330 2982 temp.;
370 2936 491 2972 Germ.
519 2937 562 2971 67
591 2937 616 2971 f.
646 2935 897 2978 16012—1612).
940 2934 1096 2969 Videtur
1122 2933 1235 2977 igitur
1261 2932 1430 2973 facultas,
1464 2942 1571 2975 quam
1598 2928 1816 2972 Magdalena
1843 2929 1879 2961 et

99 2990 239 3025 Helena
264 2990 412 3034 reginae
446 3002 478 3025 a.
508 2991 597 3025 1567
634 3001 698 3035 per
734 2988 954 3023 cardinalem
983 2987 1288 3022 Commendonum
1325 2998 1345 3020 a
1378 2985 1413 3020 S.
1441 2985 1505 3019 Pio
1523 2983 1567 3018 V.
1594 2982 1880 3028 impetraverant

99 3044 226 3089 (supra
251 3056 285 3089 p.
304 3044 378 3085 44),
406 3055 475 3078 non
501 3046 577 3077 tam
605 3043 725 3088 ampla
752 3043 878 3083 fuisse,
906 3043 947 3076 ut
973 3052 1096 3076 earum
1115 3040 1306 3075 desideriis
1332 3039 1436 3085 plene
1454 3037 1664 3073 satisfieret.
1702 3036 1881 3070 Polancus

100 3099 136 3132 in
162 3098 324 3141 margine
350 3096 540 3132 *notavit:
572 3097 813 3140 „curabitur“.
