2044 3335
182 127 238 168 20
453 123 555 158 1485.
583 122 616 157 S.
635 122 850 157 Franciscus
876 120 1026 164 Borgias
1053 119 1208 155 Canisio.
1257 120 1370 154 Roma
1397 119 1452 154 23.
1472 119 1564 163 Aug.
1586 120 1687 154 1567.

178 243 386 296 Reginae,
420 248 555 295 quae³
586 243 733 283 tamen
765 240 1016 293 probarent,
1050 241 1099 281 ut
1131 238 1280 280 diebus
1303 239 1460 281 saltem
1483 238 1608 280 festis
1629 238 1718 280 illic
1739 252 1765 280 a
1787 238 1948 281 nostris

178 308 314 350 Missa
327 309 569 356 caneretur,
582 306 694 347 sicut
703 304 897 347 Viennae
911 303 1005 344 fieri
1022 304 1134 345 solet
1151 316 1311 357 magna
1329 317 1424 345 curn
1442 303 1589 357 populi
1606 303 1907 346 aedificatione
1919 306 1946 346 1.

177 372 399 427 Respondi
440 370 678 413 consultius
719 369 823 411 mihi
864 368 1015 417 uideri,
1058 371 1108 410 ut
1148 382 1271 409 suum
1303 368 1405 410 illae
1437 368 1704 410 sacellanum
1734 368 1948 410 haberent

177 437 399 492 proprium
440 436 483 477 in
516 439 646 477 cantu
679 434 935 483 exercendo,
999 432 1093 482 Qua
1124 432 1167 474 in
1199 446 1247 474 re
1279 433 1404 475 uideo
1437 433 1534 474 illas
1567 434 1698 475 etiam
1732 433 1868 483 nobis,
1910 432 1948 474 si

177 515 269 544 rem
302 515 548 555 urgeamuS,
582 514 667 541 non
700 501 1022 553 repugnaturas
1056 511 1166 540 esse.
1211 497 1305 539 Dici
1337 497 1410 539 uix
1434 500 1592 551 potest,
1627 511 1738 550 quae
1761 500 1947 551 quanta—

179 581 262 620 que
285 569 542 608 ornamenta
563 564 661 606 huic
682 564 845 617 templo
869 563 1044 613 donare,
1079 565 1124 605 et
1146 562 1269 604 nobis
1292 563 1447 604 deinde
1469 562 1689 616 applicare
1712 562 1908 615 cogitent
1918 560 1945 612 ¹¹,

179 631 281 684 quia
303 631 432 673 nullis
459 631 611 672 uolunt
632 629 875 682 sumptibus
898 641 1076 682 parcere
1102 627 1146 668 in
1168 628 1249 669 hoc
1272 641 1348 669 suo
1363 627 1543 681 Templo
1566 627 1790 681 splendide
1812 627 1948 669 fabri-

180 696 318 738 cando
352 698 396 737 et
428 694 692 737 exornando.
749 693 869 743 Quod
903 693 957 734 ad
989 694 1184 734 nostram
1216 692 1408 735 futuram
1443 692 1602 734 Halae⁰
1633 692 1947 735 habitationem

180 761 353 811 attinet,
396 763 501 814 puto
542 759 648 801 nihil
680 760 783 800 ante
814 772 956 799 meum
990 757 1175 799 reditum
1210 757 1557 800 constituendum
1599 771 1708 807 esse,
1752 759 1797 798 et
1841 756 1949 799 satis

179 826 262 869 erit
294 839 442 867 mense
463 824 622 867 Martio
645 824 714 865 uel
738 823 876 877 Aprili
900 823 952 864 de
973 822 1225 864 fabricando
1259 823 1507 865 consultare
1539 822 1581 863 in
1615 836 1741 875 quem
1773 821 1947 863 modum

180 892 331 933 domus
362 891 438 932 illa
470 890 505 931 si
538 888 808 938 admittetur,
845 888 888 929 N
892 887 1063 941 ouitijsd
1095 889 1140 929 et
1171 888 1469 930 sacerdotibus
1501 887 1662 929 nostris
1694 886 1948 928 fabricanda

179 957 237 998 sit
247 962 270 999 ⁰.
317 956 403 998 Oro
428 954 642 997 Christum
670 953 901 1003 dominum,
936 956 984 995 ut
1006 953 1049 995 in
1072 967 1195 994 suam
1218 953 1402 1006 gloriam
1425 954 1506 995 hoc
1528 952 1750 1005 negotium
1774 951 1947 1005 dirigat,

179 1024 225 1064 et
248 1021 419 1063 domum
437 1020 478 1062 N
483 1019 712 1061 ouitiorum
731 1018 985 1060 Prouinciae
1007 1020 1184 1060 nostrae
1207 1018 1419 1060 concedat
1441 1032 1518 1072 per
1534 1018 1645 1059 hanc
1663 1016 1946 1066 commodam,

180 1099 291 1140 quae
324 1100 436 1127 nunc
468 1086 661 1135 offertur,
696 1087 741 1126 et
773 1097 905 1136 aegre
937 1086 1092 1137 postea
1124 1084 1343 1133 offeretur,
1378 1083 1661 1125 occasionem.

299 1152 393 1204 Ego
427 1164 522 1192 cras
554 1150 638 1192 iter
668 1148 902 1202 ingrediar,
937 1148 1107 1191 Christo
1141 1149 1260 1198 duce,
1285 1148 1573 1190 Monachium.
1618 1147 1731 1190 Jnde
1753 1147 1948 1189 scribunt

180 1217 236 1259 ad
268 1231 335 1258 me
370 1214 477 1270 [etc.‚
510 1220 555 1257 ut
587 1229 720 1270 supra
747 1212 904 1269 2213}

301 1282 596 1335 Expectamus
629 1279 737 1321 certi
769 1279 932 1332 aliquid
964 1278 1017 1320 de
1043 1279 1229 1321 fratrum
1263 1279 1317 1320 ad
1344 1292 1423 1320 nos
1446 1292 1501 1320 ex
1526 1278 1641 1320 Vrbe
1663 1277 1946 1332 profectione,

180 1349 225 1389 et
257 1347 472 1388 Christum
506 1358 723 1398 rogamus,
756 1348 805 1387 ut
836 1344 1007 1386 illorum
1042 1343 1157 1386 uiam
1188 1357 1395 1398 prospere
1417 1343 1591 1396 dirigat,
1624 1356 1788 1396 nosque
1821 1342 1947 1384 simul

180 1411 351 1453 Christo
392 1409 685 1453 commendari
717 1409 912 1463 cupimus
944 1409 1168 1463 sacrificijs
1200 1411 1245 1450 et
1277 1409 1476 1463 precibus
1510 1407 1795 1450 paternitatis
1827 1408 1947 1449 Tuae
1995 1461 1998 1466 Ι

181 1480 225 1518 et
256 1477 393 1519 totius
425 1475 669 1519 SocietatiS.
734 1474 966 1528 Oeniponti
1003 1476 1054 1516 18
1088 1474 1278 1527 Augusti
1314 1475 1440 1516 1567.

1066 1556 1227 1599 Seruus
1258 1556 1301 1597 in
1334 1555 1503 1598 Christo
1537 1556 1583 1597 P.
1618 1554 1826 1597 Canisius.

300 1640 328 1692 ἢ·
360 1639 603 1682 Admodum
627 1639 881 1681 Reuerendo
914 1638 958 1680 in
981 1638 1150 1681 Christo
1173 1638 1293 1680 Patri
1316 1638 1547 1680 Francisco
1580 1652 1606 1680 a
1629 1637 1790 1691 Borgia
1813 1637 1947 1679 Prae·
2010 1637 2012 1640 ’

180 1705 321 1759 posito
356 1705 559 1747 Generali
590 1704 822 1747 Societatis
853 1705 880 1746 J
887 1704 1008 1747 ESV.
1134 1704 1312 1746 Romae.

302 1798 452 1841 Borgias
480 1797 621 1832 Canisio
647 1797 833 1842 respondit
859 1798 913 1832 20.
942 1799 977 1831 et
1003 1797 1060 1832 23.
1087 1797 1308 1842 Septembris
1336 1797 1438 1831 1567.

184 1930 337 1967 1485.
402 1928 707 1966 SANCTUS
735 1927 1164 1965 FRANCISCUS
1191 1927 1503 1964 BORGIAS
1522 1929 1748 1974 praepositus
1767 1928 1948 1973 generalis

373 1984 563 2019 societatis
590 1984 671 2017 Iesu
699 1982 899 2018 CANlSIO.
1398 1982 1511 2016 Roma
1537 1983 1593 2017 23.
1612 1982 1770 2025 Augusti
1799 1983 1899 2017 1567.

304 2060 359 2094 Ex
400 2059 673 2099 commentari03
726 2059 762 2092 in
803 2060 985 2102 margine,
1037 2059 1161 2093 eadem
1203 2070 1330 2093 manu:
1386 2059 1572 2102 „Augusta
1611 2058 1727 2092 Padre
1770 2058 1947 2094 Gamisio‘.

185 2113 306 2148 Germ.
334 2114 376 2147 67
405 2114 428 2147 f.
456 2113 528 2147 58³.

304 2196 454 2229 Iacobus
479 2197 520 2228 de
546 2196 704 2228 Levanto
729 2196 879 2228 Romam
905 2196 1135 2238 remittatur,·
1167 2197 1226 2228 cui
1251 2195 1319 2228 alii
1343 2196 1495 2238 adiunyi
1516 2199 1684 2238 poterunt
1693 2207 1707 2236 ;
1736 2196 1793 2228 sin
1819 2196 1947 2238 minus,

184 2250 314 2293 absque
337 2250 565 2292 festinatione
589 2249 715 2282 veniat.

400 2332 494 2373 Pax
526 2331 699 2374 Christi.
763 2332 899 2374 Molto
931 2332 1187 2374 Reuerendo
1219 2332 1263 2373 in
1296 2331 1456 2373 christo
1489 2330 1660 2374 Padref.

304 2407 469 2449 Perche
491 2407 630 2460 (come
651 2408 847 2461 intendo)
870 2409 899 2450 il
922 2408 1097 2450 fratello
1121 2410 1300 2451 Jacomo
1324 2408 1366 2450 di
1387 2408 1635 2450 Leuantog2
1661 2421 1744 2448 non
1769 2407 1792 2448 e'
1814 2406 1947 2449 molto

185 2472 431 2514 necessario
464 2473 506 2514 in
531 2473 774 2523 Germania,
809 2487 914 2514 sono
947 2473 1045 2527 piuh
1077 2488 1206 2515 cause
1239 2474 1395 2528 perche
1427 2472 1580 2515 ritorni
1611 2472 1653 2513 in
1676 2470 1842 2514 Jtaliai.
1886 2472 1949 2513 La

188 2537 437 2579 Reuerenza
460 2538 511 2581 V.
545 2541 672 2592 potra
702 2538 886 2580 inuiarlo
919 2541 1003 2592 qua
1025 2541 1187 2591 quanto
1211 2538 1349 2592 prima
1372 2541 1416 2580 et
1438 2552 1484 2579 se
1507 2538 1669 2579 hauera
1691 2537 1745 2578 da
1767 2536 1950 2578 mandar

187 2604 213 2643 a
248 2602 383 2644 Roma
424 2603 566 2644 alcuni
605 2603 756 2658 nouitij
792 2605 815 2645 ό
850 2603 962 2646 altro
1003 2604 1081 2645 che
1123 2603 1259 2645 debbe
1298 2603 1447 2645 uenirk
1485 2616 1531 2644 se
1563 2602 1592 2643 li
1624 2605 1837 2656 potranno
1871 2601 1950 2643 dar

307 2695 334 2726 a)
355 2695 494 2725 Sequitur
513 2693 580 2725 hoc,
600 2695 689 2719 oblitt.
769 2693 800 2725 b)
822 2696 855 2719 In
877 2695 956 2719 arch.
977 2702 1052 2719 corr.
1073 2702 1109 2719 ex
1129 2694 1273 2726 cogitant.
1352 2694 1378 2725 c)
1400 2695 1460 2719 Hoc
1479 2701 1503 2718 v.
1524 2701 1542 2718 a
1562 2694 1590 2718 C.
1610 2693 1641 2717 in
1662 2693 1795 2724 margine
1814 2692 1949 2717 additum

186 2738 237 2760 est.
295 2734 324 2764 d)
347 2736 485 2767 Sequitur
506 2735 565 2766 fab,
584 2737 673 2761 omitt.
730 2736 757 2766 e)
779 2737 825 2760 Ita
847 2737 877 2760 in
892 2737 971 2761 arch.
986 2739 1145 2761 correctum
1159 2739 1201 2761 est
1220 2744 1256 2761 ex
1275 2736 1334 2761 alio
1354 2744 1389 2766 ιη,
1409 2735 1557 2767 quodiam
1570 2742 1627 2759 non
1636 2737 1731 2766 potest
1746 2735 1810 2765 leyi.
1861 2734 1891 2764 f)
1914 2735 1948 2759 In

183 2779 336 2808 posterum
352 2785 479 2808 ponam:
499 2776 563 2801 Pax
582 2781 651 2809 etc.;
671 2779 706 2808 cf.
729 2779 798 2802 Can.
820 2779 845 2802 V
861 2780 901 2802 1⁰¹.
973 2778 1003 2808 g)
1025 2779 1060 2803 In
1079 2785 1176 2802 comm.
1196 2780 1359 2809 sequuntur
1378 2785 1421 2802 vv.
1442 2776 1480 2801 ha
1498 2782 1574 2808 poca
1594 2775 1800 2808 occupatione,
1819 2774 1852 2800 eb
1870 2774 1950 2800 oltra

188 2816 228 2848 di,
243 2818 333 2842 oblite.
390 2817 419 2847 h)
440 2819 485 2842 Ita
506 2819 537 2842 in
557 2826 654 2843 comm.
668 2822 828 2843 correctum
842 2822 883 2843 est
897 2826 933 2843 ex
946 2818 1055 2850 giuste.
1104 2817 1126 2850 i)
1147 2820 1316 2850 Sequuntur
1336 2826 1377 2843 vv.
1399 2816 1477 2843 douo
1497 2814 1512 2841 ὁ
1533 2817 1698 2849 aspettato,
1712 2818 1801 2842 oblitt.
1849 2816 1880 2848 k)
1901 2817 1949 2842 Ita

187 2859 219 2882 in
240 2866 336 2883 comm.
357 2862 515 2883 correctum
535 2862 577 2883 est
596 2867 632 2884 ea:
651 2859 759 2891 nouitij
780 2858 816 2884 de
837 2859 919 2892 quali
938 2859 977 2884 ha
996 2859 1118 2885 licenza.

310 2953 321 2973 ¹
348 2952 578 2986 Vindobonae
603 2953 639 2986 in
666 2953 817 2987 ecclesia
845 2954 985 2997 collegii
1011 2954 1123 2988 missa
1140 2966 1161 2988 a
1179 2953 1291 2988 Sociis
1309 2953 1532 2993 cantabatur,
1559 2953 1770 2987 sonantibus
1796 2952 1951 2995 organis,

187 3016 258 3038 non
284 3005 398 3039 solum
426 3008 533 3039 cantu
560 3007 781 3049 gregoriano,
808 3007 871 3040 sed
898 3008 1006 3041 etiam
1033 3008 1187 3051 figurato
1216 3007 1321 3051 (Epp.
1348 3007 1471 3040 Nadal
1496 3007 1529 3039 ΙΙ
1555 3007 1644 3047 496;
1681 3006 1731 3040 IV
1757 3005 1825 3040 285
1852 3004 1951 3048 621).

188 3058 299 3092 Plura
325 3071 359 3092 v.
387 3058 479 3102 apud
507 3060 623 3101 Dzdzr,
652 3060 726 3093 Jes.
752 3060 767 3093 I
793 3060 874 3093 443.

310 3111 322 3131 ²
348 3111 401 3145 De
428 3111 554 3145 Iacobo
582 3112 624 3145 de
650 3111 811 3146 Levanto
837 3112 915 3146 sive
942 3112 1123 3147 Genuensi
1152 3125 1184 3147 v.
1211 3124 1320 3157 supra
1345 3124 1378 3157 p.
1401 3112 1454 3147 11.
