<?xml version="1.0" encoding="UTF-8"?>
<!DOCTYPE html PUBLIC "-//W3C//DTD XHTML 1.0 Transitional//EN"
    "http://www.w3.org/TR/xhtml1/DTD/xhtml1-transitional.dtd">
<html xmlns="http://www.w3.org/1999/xhtml" xml:lang="en" lang="en">
 <head>
  <title>
</title>
<meta http-equiv="Content-Type" content="text/html;charset=utf-8" />
  <meta name='ocr-system' content='tesseract 3.04.00' />
  <meta name='ocr-capabilities' content='ocr_page ocr_carea ocr_par ocr_line ocrx_word'/>
</head>
<body>
  <div class='ocr_page' id='page_1' title='image "beatipetricanisi06cani_0349.png"; bbox 0 0 2044 3335; ppageno 0'>
   <div class='ocr_carea' id='block_1_1' title="bbox 253 83 1872 129">
    <p class='ocr_par' dir='ltr' id='par_1_1' title="bbox 253 83 1872 129">
     <span class='ocr_line' id='line_1_1' title="bbox 253 83 1872 129; baseline -0.001 -10"><span class='ocrx_word' id='word_1_1' title='bbox 253 85 355 120; x_wconf 99' lang='grc'><strong>1625.</strong></span> <span class='ocrx_word' id='word_1_2' title='bbox 383 84 469 119; x_wconf 84' lang='lat' dir='ltr'>Can.</span> <span class='ocrx_word' id='word_1_3' title='bbox 495 84 609 119; x_wconf 85' lang='lat' dir='ltr'>Sociis</span> <span class='ocrx_word' id='word_1_4' title='bbox 634 84 930 119; x_wconf 85' lang='lat' dir='ltr'>Lovaniensibus.</span> <span class='ocrx_word' id='word_1_5' title='bbox 984 85 1085 121; x_wconf 90' lang='grc'><strong>1626.</strong></span> <span class='ocrx_word' id='word_1_6' title='bbox 1112 85 1306 129; x_wconf 85' lang='lat' dir='ltr'>Menginus</span> <span class='ocrx_word' id='word_1_7' title='bbox 1325 84 1410 119; x_wconf 86' lang='lat' dir='ltr'>Can.</span> <span class='ocrx_word' id='word_1_8' title='bbox 1453 84 1562 119; x_wconf 85' lang='lat' dir='ltr'>Mart.</span> <span class='ocrx_word' id='word_1_9' title='bbox 1583 83 1685 119; x_wconf 84' lang='lat'>1569.</span> <span class='ocrx_word' id='word_1_10' title='bbox 1788 88 1872 128; x_wconf 81' lang='lat'>275</span> 
     </span>
    </p>
   </div>
   <div class='ocr_carea' id='block_1_2' title="bbox 108 199 1881 937">
    <p class='ocr_par' dir='ltr' id='par_1_2' title="bbox 108 199 1881 937">
     <span class='ocr_line' id='line_1_2' title="bbox 227 199 1876 244; baseline 0.001 -11"><span class='ocrx_word' id='word_1_11' title='bbox 227 199 340 233; x_wconf 80' lang='lat' dir='ltr'>Index</span> <span class='ocrx_word' id='word_1_12' title='bbox 365 199 536 233; x_wconf 87' lang='lat' dir='ltr'>librorum</span> <span class='ocrx_word' id='word_1_13' title='bbox 562 199 822 244; x_wconf 88' lang='lat' dir='ltr'>prohibitorum</span> <span class='ocrx_word' id='word_1_14' title='bbox 850 212 870 234; x_wconf 91' lang='lat' dir='ltr'>a</span> <span class='ocrx_word' id='word_1_15' title='bbox 897 200 960 234; x_wconf 87' lang='lat' dir='ltr'>Pio</span> <span class='ocrx_word' id='word_1_16' title='bbox 987 200 1048 235; x_wconf 90' lang='lat' dir='ltr'>IV.</span> <span class='ocrx_word' id='word_1_17' title='bbox 1076 200 1194 234; x_wconf 87' lang='lat' dir='ltr'>editus</span> <span class='ocrx_word' id='word_1_18' title='bbox 1221 201 1320 234; x_wconf 88' lang='lat' dir='ltr'>iussu</span> <span class='ocrx_word' id='word_1_19' title='bbox 1347 201 1487 234; x_wconf 73' lang='lat' dir='ltr'>Alberti</span> <span class='ocrx_word' id='word_1_20' title='bbox 1503 202 1542 234; x_wconf 91' lang='lat' dir='ltr'>V.</span> <span class='ocrx_word' id='word_1_21' title='bbox 1569 199 1747 234; x_wconf 87' lang='lat' dir='ltr'>Bavariae</span> <span class='ocrx_word' id='word_1_22' title='bbox 1775 200 1876 234; x_wconf 87' lang='lat' dir='ltr'>ducis</span> 
     </span>
     <span class='ocr_line' id='line_1_3' title="bbox 109 252 1875 293; baseline 0.001 -6"><span class='ocrx_word' id='word_1_23' title='bbox 109 254 247 287; x_wconf 75' lang='lat' dir='ltr'>aestate</span> <span class='ocrx_word' id='word_1_24' title='bbox 273 252 334 287; x_wconf 88' lang='lat' dir='ltr'>vel</span> <span class='ocrx_word' id='word_1_25' title='bbox 358 254 531 286; x_wconf 89' lang='lat' dir='ltr'>autumno</span> <span class='ocrx_word' id='word_1_26' title='bbox 557 264 589 287; x_wconf 88' lang='lat' dir='ltr'>a.</span> <span class='ocrx_word' id='word_1_27' title='bbox 606 252 709 293; x_wconf 83' lang='lat'><strong>1569,</strong></span> <span class='ocrx_word' id='word_1_28' title='bbox 734 254 776 286; x_wconf 88' lang='lat' dir='ltr'>ut</span> <span class='ocrx_word' id='word_1_29' title='bbox 801 265 846 286; x_wconf 85' lang='lat' dir='ltr'>ex</span> <span class='ocrx_word' id='word_1_30' title='bbox 873 254 974 287; x_wconf 90' lang='lat' dir='ltr'>ducis</span> <span class='ocrx_word' id='word_1_31' title='bbox 993 254 1136 288; x_wconf 85' lang='lat' dir='ltr'>decreto</span> <span class='ocrx_word' id='word_1_32' title='bbox 1153 253 1343 287; x_wconf 88' lang='lat' dir='ltr'>Monachio</span> <span class='ocrx_word' id='word_1_33' title='bbox 1362 253 1534 287; x_wconf 82' lang='lat' dir='ltr'>Kalendis</span> <span class='ocrx_word' id='word_1_34' title='bbox 1553 252 1768 288; x_wconf 72' lang='lat' dir='ltr'><strong>Octobribus</strong></span> <span class='ocrx_word' id='word_1_35' title='bbox 1785 254 1875 288; x_wconf 83' lang='lat'>1569</span> 
     </span>
     <span class='ocr_line' id='line_1_4' title="bbox 110 305 1877 350; baseline 0.001 -10"><span class='ocrx_word' id='word_1_36' title='bbox 110 306 192 341; x_wconf 90' lang='lat' dir='ltr'>dato</span> <span class='ocrx_word' id='word_1_37' title='bbox 228 307 264 339; x_wconf 90' lang='lat' dir='ltr'>et</span> <span class='ocrx_word' id='word_1_38' title='bbox 298 305 411 340; x_wconf 86' lang='lat' dir='ltr'>Indici</span> <span class='ocrx_word' id='word_1_39' title='bbox 445 306 651 350; x_wconf 86' lang='lat' dir='ltr'>praeposito</span> <span class='ocrx_word' id='word_1_40' title='bbox 677 306 916 350; x_wconf 73' lang='lat' dir='ltr'>cognoscitur,</span> <span class='ocrx_word' id='word_1_41' title='bbox 953 307 987 340; x_wconf 93' lang='lat' dir='ltr'>in</span> <span class='ocrx_word' id='word_1_42' title='bbox 1025 319 1129 341; x_wconf 90' lang='lat' dir='ltr'>usum</span> <span class='ocrx_word' id='word_1_43' title='bbox 1165 307 1463 341; x_wconf 74' lang='lat' dir='ltr'>monasteriorum</span> <span class='ocrx_word' id='word_1_44' title='bbox 1492 307 1670 341; x_wconf 85' lang='lat' dir='ltr'>Bavariae</span> <span class='ocrx_word' id='word_1_45' title='bbox 1696 307 1877 341; x_wconf 83' lang='lat' dir='ltr'>Monachii</span> 
     </span>
     <span class='ocr_line' id='line_1_5' title="bbox 109 359 1876 404; baseline 0.001 -11"><span class='ocrx_word' id='word_1_46' title='bbox 109 370 265 394; x_wconf 87' lang='lat' dir='ltr'>excusus</span> <span class='ocrx_word' id='word_1_47' title='bbox 291 361 347 393; x_wconf 89' lang='lat' dir='ltr'>est</span> <span class='ocrx_word' id='word_1_48' title='bbox 372 370 443 393; x_wconf 87' lang='lat' dir='ltr'>una</span> <span class='ocrx_word' id='word_1_49' title='bbox 470 370 549 393; x_wconf 86' lang='lat' dir='ltr'>cum</span> <span class='ocrx_word' id='word_1_50' title='bbox 580 359 721 401; x_wconf 86' lang='lat' dir='ltr'>„Indice</span> <span class='ocrx_word' id='word_1_51' title='bbox 747 359 1067 394; x_wconf 87' lang='lat' dir='ltr'>selectissimorum</span> <span class='ocrx_word' id='word_1_52' title='bbox 1093 360 1306 399; x_wconf 82' lang='lat' dir='ltr'>Authorum,</span> <span class='ocrx_word' id='word_1_53' title='bbox 1343 372 1387 394; x_wconf 82' lang='lat' dir='ltr'>ex</span> <span class='ocrx_word' id='word_1_54' title='bbox 1414 360 1544 404; x_wconf 89' lang='lat' dir='ltr'>quibus</span> <span class='ocrx_word' id='word_1_55' title='bbox 1577 361 1720 403; x_wconf 77' lang='lat' dir='ltr'>integra</span> <span class='ocrx_word' id='word_1_56' title='bbox 1745 360 1876 394; x_wconf 90' lang='lat' dir='ltr'>Biblio-</span> 
     </span>
     <span class='ocr_line' id='line_1_6' title="bbox 108 411 1875 457; baseline 0.001 -11"><span class='ocrx_word' id='word_1_57' title='bbox 108 412 214 447; x_wconf 86' lang='lat' dir='ltr'>theca</span> <span class='ocrx_word' id='word_1_58' title='bbox 233 411 419 446; x_wconf 85' lang='lat' dir='ltr'>Catholica</span> <span class='ocrx_word' id='word_1_59' title='bbox 444 412 584 446; x_wconf 87' lang='lat' dir='ltr'>institui</span> <span class='ocrx_word' id='word_1_60' title='bbox 611 414 709 446; x_wconf 85' lang='lat' dir='ltr'>recte</span> <span class='ocrx_word' id='word_1_61' title='bbox 735 413 888 457; x_wconf 76' lang='lat' dir='ltr'>potest“.</span> <span class='ocrx_word' id='word_1_62' title='bbox 922 413 962 446; x_wconf 89' lang='lat' dir='ltr'>In</span> <span class='ocrx_word' id='word_1_63' title='bbox 988 413 1112 447; x_wconf 91' lang='lat' dir='ltr'>horum</span> <span class='ocrx_word' id='word_1_64' title='bbox 1141 414 1261 447; x_wconf 92' lang='lat' dir='ltr'>autem</span> <span class='ocrx_word' id='word_1_65' title='bbox 1285 416 1473 447; x_wconf 88' lang='lat' dir='ltr'>auctorum</span> <span class='ocrx_word' id='word_1_66' title='bbox 1492 425 1640 448; x_wconf 87' lang='lat' dir='ltr'>numero</span> <span class='ocrx_word' id='word_1_67' title='bbox 1658 416 1743 448; x_wconf 90' lang='lat' dir='ltr'>sunt</span> <span class='ocrx_word' id='word_1_68' title='bbox 1764 413 1875 456; x_wconf 87' lang='lat' dir='ltr'>„Gun-</span> 
     </span>
     <span class='ocr_line' id='line_1_7' title="bbox 108 464 1877 509; baseline 0.001 -10"><span class='ocrx_word' id='word_1_69' title='bbox 108 465 217 500; x_wconf 90' lang='lat' dir='ltr'>radus</span> <span class='ocrx_word' id='word_1_70' title='bbox 253 464 450 508; x_wconf 82' lang='lat' dir='ltr'>Clingius“‚</span> <span class='ocrx_word' id='word_1_71' title='bbox 497 465 731 507; x_wconf 83' lang='lat' dir='ltr'>„Franciscus</span> <span class='ocrx_word' id='word_1_72' title='bbox 758 465 990 507; x_wconf 79' lang='lat' dir='ltr'>Turrianus“,</span> <span class='ocrx_word' id='word_1_73' title='bbox 1032 466 1232 509; x_wconf 81' lang='lat' dir='ltr'>„Georgius</span> <span class='ocrx_word' id='word_1_74' title='bbox 1259 465 1479 507; x_wconf 81' lang='lat' dir='ltr'>Vvizelius“,</span> <span class='ocrx_word' id='word_1_75' title='bbox 1522 467 1693 509; x_wconf 80' lang='lat' dir='ltr'>„Ioannes</span> <span class='ocrx_word' id='word_1_76' title='bbox 1730 467 1877 509; x_wconf 80' lang='lat' dir='ltr'>Ferus“‚</span> 
     </span>
     <span class='ocr_line' id='line_1_8' title="bbox 113 517 1877 565; baseline 0 -12"><span class='ocrx_word' id='word_1_77' title='bbox 113 519 284 562; x_wconf 82' lang='lat' dir='ltr'>„Ioannes</span> <span class='ocrx_word' id='word_1_78' title='bbox 309 517 497 552; x_wconf 87' lang='lat' dir='ltr'>Lorichius</span> <span class='ocrx_word' id='word_1_79' title='bbox 516 518 801 559; x_wconf 84' lang='lat' dir='ltr'>Hadamarius“;</span> <span class='ocrx_word' id='word_1_80' title='bbox 829 520 915 553; x_wconf 85' lang='lat' dir='ltr'>item</span> <span class='ocrx_word' id='word_1_81' title='bbox 946 519 999 562; x_wconf 83' lang='lat' dir='ltr'>„S.</span> <span class='ocrx_word' id='word_1_82' title='bbox 1027 519 1146 553; x_wconf 87' lang='lat' dir='ltr'>Biblia</span> <span class='ocrx_word' id='word_1_83' title='bbox 1172 519 1387 563; x_wconf 87' lang='lat' dir='ltr'>germanica,</span> <span class='ocrx_word' id='word_1_84' title='bbox 1416 532 1462 553; x_wconf 80' lang='lat' dir='ltr'>ex</span> <span class='ocrx_word' id='word_1_85' title='bbox 1487 520 1722 554; x_wconf 87' lang='lat' dir='ltr'>translatione</span> <span class='ocrx_word' id='word_1_86' title='bbox 1748 520 1877 565; x_wconf 83' lang='lat' dir='ltr'>Eckhij</span> 
     </span>
     <span class='ocr_line' id='line_1_9' title="bbox 109 571 1874 615; baseline 0.001 -9"><span class='ocrx_word' id='word_1_87' title='bbox 109 573 144 606; x_wconf 89' lang='lat' dir='ltr'>et</span> <span class='ocrx_word' id='word_1_88' title='bbox 169 571 453 615; x_wconf 86' lang='lat' dir='ltr'>Dietenbergeri.</span> <span class='ocrx_word' id='word_1_89' title='bbox 489 571 581 605; x_wconf 91' lang='lat' dir='ltr'>Item</span> <span class='ocrx_word' id='word_1_90' title='bbox 606 583 737 605; x_wconf 90' lang='lat' dir='ltr'>nouum</span> <span class='ocrx_word' id='word_1_91' title='bbox 765 571 1039 606; x_wconf 74' lang='lat' dir='ltr'>Testamentum</span> <span class='ocrx_word' id='word_1_92' title='bbox 1065 573 1263 614; x_wconf 75' lang='lat' dir='ltr'>Embseri“,</span> <span class='ocrx_word' id='word_1_93' title='bbox 1294 573 1554 615; x_wconf 88' lang='lat' dir='ltr'>„Directorium</span> <span class='ocrx_word' id='word_1_94' title='bbox 1582 574 1874 608; x_wconf 85' lang='lat' dir='ltr'>Confessionum“</span> 
     </span>
     <span class='ocr_line' id='line_1_10' title="bbox 110 624 1878 671; baseline 0.002 -13"><span class='ocrx_word' id='word_1_95' title='bbox 110 625 267 669; x_wconf 89' lang='lat' dir='ltr'>[Ioannis</span> <span class='ocrx_word' id='word_1_96' title='bbox 285 624 432 659; x_wconf 88' lang='lat' dir='ltr'>Polanci</span> <span class='ocrx_word' id='word_1_97' title='bbox 459 624 493 659; x_wconf 85' lang='lat' dir='ltr'>S.</span> <span class='ocrx_word' id='word_1_98' title='bbox 510 625 568 667; x_wconf 62' lang='grc' dir='ltr'>«Π,</span> <span class='ocrx_word' id='word_1_99' title='bbox 601 624 804 669; x_wconf 84' lang='lat' dir='ltr'>„Epistolae</span> <span class='ocrx_word' id='word_1_100' title='bbox 823 625 968 660; x_wconf 83' lang='lat' dir='ltr'>Indicae</span> <span class='ocrx_word' id='word_1_101' title='bbox 995 628 1032 660; x_wconf 87' lang='lat' dir='ltr'>et</span> <span class='ocrx_word' id='word_1_102' title='bbox 1058 626 1290 671; x_wconf 86' lang='lat' dir='ltr'>Iapanicae“;</span> <span class='ocrx_word' id='word_1_103' title='bbox 1318 626 1405 660; x_wconf 90' lang='lat' dir='ltr'>item</span> <span class='ocrx_word' id='word_1_104' title='bbox 1432 638 1476 659; x_wconf 87' lang='lat' dir='ltr'>ex</span> <span class='ocrx_word' id='word_1_105' title='bbox 1502 627 1557 668; x_wconf 86' lang='lat' dir='ltr'>iis,</span> <span class='ocrx_word' id='word_1_106' title='bbox 1585 627 1645 671; x_wconf 91' lang='lat' dir='ltr'>qui</span> <span class='ocrx_word' id='word_1_107' title='bbox 1673 627 1715 661; x_wconf 88' lang='lat' dir='ltr'>de</span> <span class='ocrx_word' id='word_1_108' title='bbox 1741 629 1878 661; x_wconf 88' lang='lat' dir='ltr'>contro-</span> 
     </span>
     <span class='ocr_line' id='line_1_11' title="bbox 108 677 1878 724; baseline 0.001 -12"><span class='ocrx_word' id='word_1_109' title='bbox 108 677 239 712; x_wconf 90' lang='lat' dir='ltr'>versiis</span> <span class='ocrx_word' id='word_1_110' title='bbox 256 677 339 712; x_wconf 83' lang='lat' dir='ltr'>fidei</span> <span class='ocrx_word' id='word_1_111' title='bbox 357 678 563 721; x_wconf 82' lang='lat' dir='ltr'>germanice</span> <span class='ocrx_word' id='word_1_112' title='bbox 580 677 804 722; x_wconf 85' lang='lat' dir='ltr'>scripserunt</span> <span class='ocrx_word' id='word_1_113' title='bbox 827 678 986 722; x_wconf 90' lang='lat' dir='ltr'>(praeter</span> <span class='ocrx_word' id='word_1_114' title='bbox 1005 690 1076 721; x_wconf 87' lang='lat' dir='ltr'>eos,</span> <span class='ocrx_word' id='word_1_115' title='bbox 1103 690 1193 723; x_wconf 89' lang='lat' dir='ltr'>quos</span> <span class='ocrx_word' id='word_1_116' title='bbox 1218 680 1289 713; x_wconf 87' lang='lat' dir='ltr'>iam</span> <span class='ocrx_word' id='word_1_117' title='bbox 1308 679 1397 722; x_wconf 88' lang='lat' dir='ltr'>dixi)</span> <span class='ocrx_word' id='word_1_118' title='bbox 1423 678 1585 724; x_wconf 81' lang='lat' dir='ltr'>„Gaspar</span> <span class='ocrx_word' id='word_1_119' title='bbox 1604 679 1878 724; x_wconf 80' lang='lat' dir='ltr'>Schatzgerus“‚</span> 
     </span>
     <span class='ocr_line' id='line_1_12' title="bbox 114 730 1879 777; baseline 0.001 -12"><span class='ocrx_word' id='word_1_120' title='bbox 114 732 285 774; x_wconf 85' lang='lat' dir='ltr'>„Ioannes</span> <span class='ocrx_word' id='word_1_121' title='bbox 312 730 569 773; x_wconf 76' lang='lat' dir='ltr'>Hofmeiste1·“‚</span> <span class='ocrx_word' id='word_1_122' title='bbox 606 731 806 773; x_wconf 84' lang='lat' dir='ltr'>„Martinus</span> <span class='ocrx_word' id='word_1_123' title='bbox 832 731 1151 777; x_wconf 80' lang='lat' dir='ltr'>Eysengreinius“‚</span> <span class='ocrx_word' id='word_1_124' title='bbox 1186 732 1258 773; x_wconf 90' lang='lat' dir='ltr'>alii,</span> <span class='ocrx_word' id='word_1_125' title='bbox 1295 732 1403 766; x_wconf 89' lang='lat' dir='ltr'>immo</span> <span class='ocrx_word' id='word_1_126' title='bbox 1439 733 1547 767; x_wconf 90' lang='lat' dir='ltr'>etiam</span> <span class='ocrx_word' id='word_1_127' title='bbox 1579 733 1733 776; x_wconf 85' lang='lat' dir='ltr'>„Contra</span> <span class='ocrx_word' id='word_1_128' title='bbox 1758 735 1879 777; x_wconf 85' lang='lat' dir='ltr'>Augu—</span> 
     </span>
     <span class='ocr_line' id='line_1_13' title="bbox 109 783 1880 830; baseline 0.001 -11"><span class='ocrx_word' id='word_1_129' title='bbox 109 787 250 819; x_wconf 86' lang='lat' dir='ltr'>stanam</span> <span class='ocrx_word' id='word_1_130' title='bbox 270 783 542 818; x_wconf 88' lang='lat' dir='ltr'>Confessionem</span> <span class='ocrx_word' id='word_1_131' title='bbox 567 784 705 829; x_wconf 88' lang='lat' dir='ltr'>scripta</span> <span class='ocrx_word' id='word_1_132' title='bbox 733 784 1001 819; x_wconf 84' lang='lat' dir='ltr'>Catholicorum</span> <span class='ocrx_word' id='word_1_133' title='bbox 1028 786 1166 820; x_wconf 82' lang='lat' dir='ltr'>omnia“</span> <span class='ocrx_word' id='word_1_134' title='bbox 1191 785 1405 828; x_wconf 80' lang='lat' dir='ltr'>(Librorum</span> <span class='ocrx_word' id='word_1_135' title='bbox 1428 785 1700 830; x_wconf 87' lang='lat' dir='ltr'>Authorumque</span> <span class='ocrx_word' id='word_1_136' title='bbox 1724 786 1758 821; x_wconf 83' lang='lat' dir='ltr'>S.</span> <span class='ocrx_word' id='word_1_137' title='bbox 1778 787 1880 821; x_wconf 77' lang='lat' dir='ltr'>Sedis</span> 
     </span>
     <span class='ocr_line' id='line_1_14' title="bbox 109 837 1880 884; baseline 0.002 -13"><span class='ocrx_word' id='word_1_138' title='bbox 109 837 351 883; x_wconf 88' lang='lat' dir='ltr'>Apostolicae,</span> <span class='ocrx_word' id='word_1_139' title='bbox 387 837 559 882; x_wconf 80' lang='lat' dir='ltr'>Sacrique</span> <span class='ocrx_word' id='word_1_140' title='bbox 587 837 737 882; x_wconf 85' lang='lat' dir='ltr'>Concilij</span> <span class='ocrx_word' id='word_1_141' title='bbox 765 838 965 872; x_wconf 80' lang='lat' dir='ltr'>Tridentini</span> <span class='ocrx_word' id='word_1_142' title='bbox 992 839 1212 873; x_wconf 80' lang='lat' dir='ltr'>authoritate</span> <span class='ocrx_word' id='word_1_143' title='bbox 1237 839 1510 884; x_wconf 81' lang='lat' dir='ltr'>prohibitorum.</span> <span class='ocrx_word' id='word_1_144' title='bbox 1556 840 1720 884; x_wconf 86' lang='lat' dir='ltr'>Itemque</span> <span class='ocrx_word' id='word_1_145' title='bbox 1747 852 1880 875; x_wconf 88' lang='lat' dir='ltr'>eorum.</span> 
     </span>
     <span class='ocr_line' id='line_1_15' title="bbox 110 890 1881 937; baseline 0.002 -13"><span class='ocrx_word' id='word_1_146' title='bbox 110 891 166 925; x_wconf 85' lang='lat' dir='ltr'>Ex</span> <span class='ocrx_word' id='word_1_147' title='bbox 191 891 322 935; x_wconf 89' lang='lat' dir='ltr'>quibus</span> <span class='ocrx_word' id='word_1_148' title='bbox 348 891 490 934; x_wconf 85' lang='lat' dir='ltr'>integra</span> <span class='ocrx_word' id='word_1_149' title='bbox 518 890 741 925; x_wconf 86' lang='lat' dir='ltr'>Bibliotheca</span> <span class='ocrx_word' id='word_1_150' title='bbox 761 890 947 926; x_wconf 84' lang='lat' dir='ltr'>Catholica</span> <span class='ocrx_word' id='word_1_151' title='bbox 974 892 1116 926; x_wconf 87' lang='lat' dir='ltr'>institui</span> <span class='ocrx_word' id='word_1_152' title='bbox 1141 894 1240 926; x_wconf 86' lang='lat' dir='ltr'>recte</span> <span class='ocrx_word' id='word_1_153' title='bbox 1267 893 1391 937; x_wconf 82' lang='lat' dir='ltr'>possit.</span> <span class='ocrx_word' id='word_1_154' title='bbox 1426 892 1568 927; x_wconf 88' lang='lat' dir='ltr'>Indices</span> <span class='ocrx_word' id='word_1_155' title='bbox 1595 893 1673 933; x_wconf 90' lang='lat' dir='ltr'>duo,</span> <span class='ocrx_word' id='word_1_156' title='bbox 1701 893 1881 927; x_wconf 88' lang='lat' dir='ltr'>Monachii</span> 
     </span>
    </p>
   </div>
   <div class='ocr_carea' id='block_1_3' title="bbox 111 943 1877 1033">
    <p class='ocr_par' dir='ltr' id='par_1_3' title="bbox 111 943 1877 1033">
     <span class='ocr_line' id='line_1_16' title="bbox 111 943 1877 991; baseline 0 -12"><span class='ocrx_word' id='word_1_157' title='bbox 111 945 213 985; x_wconf 84' lang='lat'>1569,</span> <span class='ocrx_word' id='word_1_158' title='bbox 240 944 264 978; x_wconf 89' lang='lat' dir='ltr'>f.</span> <span class='ocrx_word' id='word_1_159' title='bbox 292 944 319 978; x_wconf 92' lang='lat' dir='ltr'>L</span> <span class='ocrx_word' id='word_1_160' title='bbox 339 945 376 978; x_wconf 53' lang='lat'>3²¹1</span> <span class='ocrx_word' id='word_1_161' title='bbox 409 944 435 977; x_wconf 90' lang='lat' dir='ltr'>L</span> <span class='ocrx_word' id='word_1_162' title='bbox 455 944 477 977; x_wconf 86' lang='lat'>4</span> <span class='ocrx_word' id='word_1_163' title='bbox 509 943 563 977; x_wconf 76' lang='lat' dir='ltr'>Ma</span> <span class='ocrx_word' id='word_1_164' title='bbox 588 944 660 978; x_wconf 83' lang='lat' dir='ltr'>M2</span> <span class='ocrx_word' id='word_1_165' title='bbox 685 944 772 978; x_wconf 71' lang='lat' dir='ltr'>M3a</span> <span class='ocrx_word' id='word_1_166' title='bbox 797 945 911 988; x_wconf 72' lang='lat' dir='ltr'>M42).</span> <span class='ocrx_word' id='word_1_167' title='bbox 954 945 1069 980; x_wconf 89' lang='lat' dir='ltr'>Valde</span> <span class='ocrx_word' id='word_1_168' title='bbox 1096 948 1218 980; x_wconf 84' lang='lat' dir='ltr'>autem</span> <span class='ocrx_word' id='word_1_169' title='bbox 1244 945 1428 991; x_wconf 84' lang='lat' dir='ltr'>probabile</span> <span class='ocrx_word' id='word_1_170' title='bbox 1456 947 1522 988; x_wconf 85' lang='lat' dir='ltr'>est,</span> <span class='ocrx_word' id='word_1_171' title='bbox 1550 946 1592 980; x_wconf 92' lang='lat' dir='ltr'>de</span> <span class='ocrx_word' id='word_1_172' title='bbox 1619 946 1687 980; x_wconf 90' lang='lat' dir='ltr'>hoc</span> <span class='ocrx_word' id='word_1_173' title='bbox 1718 946 1877 989; x_wconf 79' lang='lat' dir='ltr'>„Indice“</span> 
     </span>
     <span class='ocr_line' id='line_1_17' title="bbox 111 996 1102 1033; baseline 0.002 -2"><span class='ocrx_word' id='word_1_174' title='bbox 111 997 294 1032; x_wconf 83' lang='lat' dir='ltr'>Canisium</span> <span class='ocrx_word' id='word_1_175' title='bbox 321 1009 341 1031; x_wconf 90' lang='lat' dir='ltr'>a</span> <span class='ocrx_word' id='word_1_176' title='bbox 368 996 582 1032; x_wconf 86' lang='lat' dir='ltr'>consiliariis</span> <span class='ocrx_word' id='word_1_177' title='bbox 608 997 755 1032; x_wconf 88' lang='lat' dir='ltr'>bavaris</span> <span class='ocrx_word' id='word_1_178' title='bbox 783 999 985 1032; x_wconf 89' lang='lat' dir='ltr'>consultum</span> <span class='ocrx_word' id='word_1_179' title='bbox 1013 1010 1102 1033; x_wconf 89' lang='lat' dir='ltr'>esse.</span> 
     </span>
    </p>
   </div>
   <div class='ocr_carea' id='block_1_4' title="bbox 111 1093 1443 1133">
    <p class='ocr_par' dir='ltr' id='par_1_4' title="bbox 111 1093 1443 1133">
     <span class='ocr_line' id='line_1_18' title="bbox 111 1093 1443 1133; baseline 0.002 -2"><span class='ocrx_word' id='word_1_180' title='bbox 111 1094 263 1131; x_wconf 76' lang='lat'>1625.</span> <span class='ocrx_word' id='word_1_181' title='bbox 363 1094 581 1130; x_wconf 83' lang='lat' dir='ltr'>CANISIUS</span> <span class='ocrx_word' id='word_1_182' title='bbox 610 1093 838 1131; x_wconf 73' lang='lat' dir='ltr'>SOGIIS</span> <span class='ocrx_word' id='word_1_183' title='bbox 865 1094 1443 1133; x_wconf 75' lang='lat' dir='ltr'>LOVANIENSIBUs.</span> 
     </span>
    </p>
   </div>
   <div class='ocr_carea' id='block_1_5' title="bbox 107 1149 1887 1726">
    <p class='ocr_par' dir='ltr' id='par_1_5' title="bbox 696 1149 1834 1193">
     <span class='ocr_line' id='line_1_19' title="bbox 696 1149 1834 1193; baseline 0.006 -11"><span class='ocrx_word' id='word_1_184' title='bbox 696 1149 864 1193; x_wconf 84' lang='lat' dir='ltr'>Augusta</span> <span class='ocrx_word' id='word_1_185' title='bbox 889 1150 1160 1185; x_wconf 86' lang='lat' dir='ltr'>Vindelicorum</span> <span class='ocrx_word' id='word_1_186' title='bbox 1187 1151 1253 1185; x_wconf 91' lang='lat' dir='ltr'>sub</span> <span class='ocrx_word' id='word_1_187' title='bbox 1279 1151 1438 1186; x_wconf 87' lang='lat' dir='ltr'>medium</span> <span class='ocrx_word' id='word_1_188' title='bbox 1464 1164 1510 1187; x_wconf 89' lang='lat' dir='ltr'>m.</span> <span class='ocrx_word' id='word_1_189' title='bbox 1530 1153 1702 1188; x_wconf 89' lang='lat' dir='ltr'>Martium</span> <span class='ocrx_word' id='word_1_190' title='bbox 1732 1155 1834 1190; x_wconf 88' lang='grc'><strong>1569.</strong></span> 
     </span>
    </p>

    <p class='ocr_par' dir='ltr' id='par_1_6' title="bbox 230 1213 1304 1260">
     <span class='ocr_line' id='line_1_20' title="bbox 230 1213 1304 1260; baseline 0.002 -12"><span class='ocrx_word' id='word_1_191' title='bbox 230 1214 285 1248; x_wconf 84' lang='lat' dir='ltr'>Ex</span> <span class='ocrx_word' id='word_1_192' title='bbox 312 1213 468 1258; x_wconf 86' lang='lat' dir='ltr'>epistula</span> <span class='ocrx_word' id='word_1_193' title='bbox 494 1213 539 1247; x_wconf 83' lang='lat' dir='ltr'>ad</span> <span class='ocrx_word' id='word_1_194' title='bbox 565 1213 745 1256; x_wconf 76' lang='lat' dir='ltr'>Bor-giam,</span> <span class='ocrx_word' id='word_1_195' title='bbox 773 1214 815 1248; x_wconf 90' lang='lat' dir='ltr'>de</span> <span class='ocrx_word' id='word_1_196' title='bbox 843 1226 913 1259; x_wconf 85' lang='lat' dir='ltr'>qua</span> <span class='ocrx_word' id='word_1_197' title='bbox 939 1215 1044 1257; x_wconf 86' lang='lat' dir='ltr'>infra,</span> <span class='ocrx_word' id='word_1_198' title='bbox 1072 1227 1127 1260; x_wconf 88' lang='lat' dir='ltr'>ep.</span> <span class='ocrx_word' id='word_1_199' title='bbox 1146 1227 1180 1250; x_wconf 87' lang='lat' dir='ltr'>n.</span> <span class='ocrx_word' id='word_1_200' title='bbox 1202 1216 1304 1250; x_wconf 89' lang='grc'><strong>1629.</strong></span> 
     </span>
    </p>

    <p class='ocr_par' dir='ltr' id='par_1_7' title="bbox 107 1280 1887 1726">
     <span class='ocr_line' id='line_1_21' title="bbox 233 1280 1884 1340; baseline 0.004 -19"><span class='ocrx_word' id='word_1_201' title='bbox 233 1280 433 1321; x_wconf 73' lang='lat' dir='ltr'>Cauisius</span> <span class='ocrx_word' id='word_1_202' title='bbox 474 1281 670 1335; x_wconf 69' lang='lat' dir='ltr'>Auyusta</span> <span class='ocrx_word' id='word_1_203' title='bbox 714 1282 783 1323; x_wconf 83' lang='lat'>19.</span> <span class='ocrx_word' id='word_1_204' title='bbox 818 1282 974 1323; x_wconf 76' lang='lat' dir='ltr'>Martii</span> <span class='ocrx_word' id='word_1_205' title='bbox 1015 1284 1131 1324; x_wconf 78' lang='lat'><em>1569</em></span> <span class='ocrx_word' id='word_1_206' title='bbox 1173 1283 1216 1324; x_wconf 85' lang='lat' dir='ltr'>S.</span> <span class='ocrx_word' id='word_1_207' title='bbox 1260 1283 1491 1324; x_wconf 79' lang='lat' dir='ltr'>Frcmciseo</span> <span class='ocrx_word' id='word_1_208' title='bbox 1534 1284 1719 1339; x_wconf 70' lang='lat' dir='ltr'>Boryiae</span> <span class='ocrx_word' id='word_1_209' title='bbox 1756 1301 1884 1340; x_wconf 71' lang='lat' dir='ltr'>prae-</span> 
     </span>
     <span class='ocr_line' id='line_1_22' title="bbox 108 1346 1885 1407; baseline 0.004 -21"><span class='ocrx_word' id='word_1_210' title='bbox 108 1347 241 1400; x_wconf 79' lang='lat' dir='ltr'>posito</span> <span class='ocrx_word' id='word_1_211' title='bbox 272 1347 461 1400; x_wconf 35' lang='lat' dir='ltr'>‘cenerati</span> <span class='ocrx_word' id='word_1_212' title='bbox 492 1347 553 1386; x_wconf 85' lang='lat' dir='ltr'>ita</span> <span class='ocrx_word' id='word_1_213' title='bbox 575 1347 745 1400; x_wconf 76' lang='lat' dir='ltr'>scripsit</span> <span class='ocrx_word' id='word_1_214' title='bbox 770 1346 820 1387; x_wconf 79' lang='lat' dir='ltr'>de</span> <span class='ocrx_word' id='word_1_215' title='bbox 843 1347 892 1388; x_wconf 85' lang='lat' dir='ltr'>P.</span> <span class='ocrx_word' id='word_1_216' title='bbox 916 1347 1141 1388; x_wconf 81' lang='lat' dir='ltr'>Frcmcisci</span> <span class='ocrx_word' id='word_1_217' title='bbox 1169 1348 1380 1389; x_wconf 77' lang='lat' dir='ltr'>Turriaui</span> <span class='ocrx_word' id='word_1_218' title='bbox 1411 1363 1534 1403; x_wconf 75' lang='lat' dir='ltr'>opere</span> <span class='ocrx_word' id='word_1_219' title='bbox 1564 1364 1697 1392; x_wconf 77' lang='lat' dir='ltr'>mauu</span> <span class='ocrx_word' id='word_1_220' title='bbox 1730 1354 1885 1407; x_wconf 81' lang='lat' dir='ltr'>scripto</span> 
     </span>
     <span class='ocr_line' id='line_1_23' title="bbox 114 1410 1886 1472; baseline 0.005 -21"><span class='ocrx_word' id='word_1_221' title='bbox 114 1411 205 1463; x_wconf 80' lang='lat' dir='ltr'>„De</span> <span class='ocrx_word' id='word_1_222' title='bbox 223 1411 514 1452; x_wconf 78' lang='lat' dir='ltr'>Hierarclzicis</span> <span class='ocrx_word' id='word_1_223' title='bbox 539 1410 936 1465; x_wconf 72' lang='lat' dir='ltr'>Ordinatiouibus“,</span> <span class='ocrx_word' id='word_1_224' title='bbox 972 1413 1085 1467; x_wconf 78' lang='lat' dir='ltr'>quod</span> <span class='ocrx_word' id='word_1_225' title='bbox 1107 1413 1221 1455; x_wconf 74' lang='lat' dir='ltr'>Socii</span> <span class='ocrx_word' id='word_1_226' title='bbox 1243 1413 1382 1467; x_wconf 69' lang='lat' dir='ltr'>betyae</span> <span class='ocrx_word' id='word_1_227' title='bbox 1404 1415 1560 1456; x_wconf 82' lang='lat' dir='ltr'>ibidem</span> <span class='ocrx_word' id='word_1_228' title='bbox 1583 1417 1693 1470; x_wconf 74' lang='lat' dir='ltr'>typis</span> <span class='ocrx_word' id='word_1_229' title='bbox 1714 1419 1886 1472; x_wconf 67' lang='lat' dir='ltr'>vulyare</span> 
     </span>
     <span class='ocr_line' id='line_1_24' title="bbox 107 1475 1886 1533; baseline 0.004 -17"><span class='ocrx_word' id='word_1_230' title='bbox 107 1475 279 1529; x_wconf 81' lang='lat' dir='ltr'>frustra</span> <span class='ocrx_word' id='word_1_231' title='bbox 320 1477 458 1517; x_wconf 76' lang='lat' dir='ltr'>conati</span> <span class='ocrx_word' id='word_1_232' title='bbox 502 1476 676 1530; x_wconf 77' lang='lat' dir='ltr'>ideoque</span> <span class='ocrx_word' id='word_1_233' title='bbox 717 1477 776 1518; x_wconf 79' lang='lat' dir='ltr'>ad</span> <span class='ocrx_word' id='word_1_234' title='bbox 821 1477 1039 1518; x_wconf 77' lang='lat' dir='ltr'>Ccmisium</span> <span class='ocrx_word' id='word_1_235' title='bbox 1088 1480 1297 1519; x_wconf 73' lang='lat' dir='ltr'>remittere</span> <span class='ocrx_word' id='word_1_236' title='bbox 1342 1494 1368 1519; x_wconf 80' lang='lat' dir='ltr'>a</span> <span class='ocrx_word' id='word_1_237' title='bbox 1410 1479 1571 1533; x_wconf 70' lang='lat' dir='ltr'>Boryia</span> <span class='ocrx_word' id='word_1_238' title='bbox 1614 1483 1722 1523; x_wconf 79' lang='lat' dir='ltr'>iussi</span> <span class='ocrx_word' id='word_1_239' title='bbox 1765 1488 1886 1524; x_wconf 76' lang='lat' dir='ltr'>erant</span> 
     </span>
     <span class='ocr_line' id='line_1_25' title="bbox 111 1541 1886 1599; baseline 0.004 -17"><span class='ocrx_word' id='word_1_240' title='bbox 111 1548 165 1592; x_wconf 77' lang='grc' dir='ltr'><strong>(υ.</strong></span> <span class='ocrx_word' id='word_1_241' title='bbox 200 1554 334 1595; x_wconf 78' lang='lat' dir='ltr'>supra</span> <span class='ocrx_word' id='word_1_242' title='bbox 361 1555 406 1596; x_wconf 77' lang='lat'>2).</span> <span class='ocrx_word' id='word_1_243' title='bbox 429 1541 560 1589; x_wconf 66' lang='lat'>198).-</span> <span class='ocrx_word' id='word_1_244' title='bbox 605 1541 794 1596; x_wconf 74' lang='lat' dir='ltr'>„Scripsi</span> <span class='ocrx_word' id='word_1_245' title='bbox 826 1542 1084 1595; x_wconf 58' lang='lat' dir='ltr'>Louauium.</span> <span class='ocrx_word' id='word_1_246' title='bbox 1129 1548 1165 1584; x_wconf 90' lang='lat' dir='ltr'>et</span> <span class='ocrx_word' id='word_1_247' title='bbox 1206 1548 1369 1598; x_wconf 72' lang='lat' dir='ltr'>expecto</span> <span class='ocrx_word' id='word_1_248' title='bbox 1410 1559 1657 1599; x_wconf 71' lang='lat' dir='ltr'>responsum</span> <span class='ocrx_word' id='word_1_249' title='bbox 1692 1547 1742 1588; x_wconf 82' lang='lat' dir='ltr'>de</span> <span class='ocrx_word' id='word_1_250' title='bbox 1779 1549 1886 1589; x_wconf 78' lang='lat' dir='ltr'>libro</span> 
     </span>
     <span class='ocr_line' id='line_1_26' title="bbox 111 1605 1887 1664; baseline 0.006 -18"><span class='ocrx_word' id='word_1_251' title='bbox 111 1607 165 1648; x_wconf 88' lang='lat' dir='ltr'>D.</span> <span class='ocrx_word' id='word_1_252' title='bbox 206 1605 372 1659; x_wconf 74' lang='lat' dir='ltr'>Torrez,</span> <span class='ocrx_word' id='word_1_253' title='bbox 406 1620 538 1661; x_wconf 74' lang='lat' dir='ltr'>neque</span> <span class='ocrx_word' id='word_1_254' title='bbox 570 1607 748 1659; x_wconf 78' lang='lat' dir='ltr'>cessabo,</span> <span class='ocrx_word' id='word_1_255' title='bbox 785 1607 913 1649; x_wconf 74' lang='lat' dir='ltr'>donec</span> <span class='ocrx_word' id='word_1_256' title='bbox 945 1610 1046 1649; x_wconf 74' lang='lat' dir='ltr'>certi</span> <span class='ocrx_word' id='word_1_257' title='bbox 1080 1609 1245 1664; x_wconf 77' lang='lat' dir='ltr'>aliquid</span> <span class='ocrx_word' id='word_1_258' title='bbox 1276 1609 1466 1664; x_wconf 72' lang='lat' dir='ltr'>babeam,</span> <span class='ocrx_word' id='word_1_259' title='bbox 1514 1612 1583 1652; x_wconf 83' lang='lat' dir='ltr'>ubi</span> <span class='ocrx_word' id='word_1_260' title='bbox 1614 1614 1785 1654; x_wconf 78' lang='lat' dir='ltr'>taudem</span> <span class='ocrx_word' id='word_1_261' title='bbox 1817 1615 1887 1656; x_wconf 81' lang='lat' dir='ltr'>ille</span> 
     </span>
     <span class='ocr_line' id='line_1_27' title="bbox 111 1670 392 1726; baseline 0 -14"><span class='ocrx_word' id='word_1_262' title='bbox 111 1673 363 1726; x_wconf 67' lang='lat' dir='ltr'>reperiatur.</span> <span class='ocrx_word' id='word_1_263' title='bbox 375 1670 392 1688; x_wconf 79' lang='lat'><em>“</em></span> 
     </span>
    </p>
   </div>
   <div class='ocr_carea' id='block_1_6' title="bbox 111 1783 1885 1881">
    <p class='ocr_par' dir='ltr' id='par_1_8' title="bbox 111 1783 1885 1881">
     <span class='ocr_line' id='line_1_28' title="bbox 111 1783 1885 1836; baseline 0.004 -15"><span class='ocrx_word' id='word_1_264' title='bbox 111 1785 264 1822; x_wconf 70' lang='lat'>1626.</span> <span class='ocrx_word' id='word_1_265' title='bbox 362 1784 424 1821; x_wconf 86' lang='lat' dir='ltr'>P.</span> <span class='ocrx_word' id='word_1_266' title='bbox 452 1783 836 1822; x_wconf 76' lang='lat' dir='ltr'>DOMINIGUS</span> <span class='ocrx_word' id='word_1_267' title='bbox 864 1785 1218 1824; x_wconf 72' lang='lat' dir='ltr'>MENGINUS</span> <span class='ocrx_word' id='word_1_268' title='bbox 1256 1787 1309 1824; x_wconf 84' lang='lat' dir='ltr'>S.</span> <span class='ocrx_word' id='word_1_269' title='bbox 1339 1787 1393 1824; x_wconf 85' lang='lat' dir='ltr'>J.</span> <span class='ocrx_word' id='word_1_270' title='bbox 1430 1793 1549 1825; x_wconf 86' lang='lat' dir='ltr'>rector</span> <span class='ocrx_word' id='word_1_271' title='bbox 1585 1791 1728 1836; x_wconf 82' lang='lat' dir='ltr'>collegii</span> <span class='ocrx_word' id='word_1_272' title='bbox 1764 1805 1885 1828; x_wconf 88' lang='lat' dir='ltr'>mona-</span> 
     </span>
     <span class='ocr_line' id='line_1_29' title="bbox 301 1838 1835 1881; baseline 0.005 -7"><span class='ocrx_word' id='word_1_273' title='bbox 301 1839 418 1874; x_wconf 85' lang='lat' dir='ltr'>censis</span> <span class='ocrx_word' id='word_1_274' title='bbox 446 1838 649 1874; x_wconf 85' lang='lat' dir='ltr'>CANISIO.</span> <span class='ocrx_word' id='word_1_275' title='bbox 978 1840 1168 1875; x_wconf 89' lang='lat' dir='ltr'>Monachio</span> <span class='ocrx_word' id='word_1_276' title='bbox 1195 1842 1261 1876; x_wconf 88' lang='lat' dir='ltr'>sub</span> <span class='ocrx_word' id='word_1_277' title='bbox 1288 1843 1445 1876; x_wconf 86' lang='lat' dir='ltr'>medium</span> <span class='ocrx_word' id='word_1_278' title='bbox 1472 1855 1517 1878; x_wconf 91' lang='lat' dir='ltr'>m.</span> <span class='ocrx_word' id='word_1_279' title='bbox 1538 1844 1710 1880; x_wconf 86' lang='lat' dir='ltr'>Martium</span> <span class='ocrx_word' id='word_1_280' title='bbox 1732 1846 1835 1881; x_wconf 83' lang='lat'>1569.</span> 
     </span>
    </p>
   </div>
   <div class='ocr_carea' id='block_1_7' title="bbox 103 1904 1884 2745">
    <p class='ocr_par' dir='ltr' id='par_1_9' title="bbox 228 1904 1302 1951">
     <span class='ocr_line' id='line_1_30' title="bbox 228 1904 1302 1951; baseline 0.002 -13"><span class='ocrx_word' id='word_1_281' title='bbox 228 1904 284 1938; x_wconf 86' lang='lat' dir='ltr'>Ex</span> <span class='ocrx_word' id='word_1_282' title='bbox 310 1904 466 1949; x_wconf 89' lang='lat' dir='ltr'>epistula</span> <span class='ocrx_word' id='word_1_283' title='bbox 491 1905 535 1938; x_wconf 90' lang='lat' dir='ltr'>ad</span> <span class='ocrx_word' id='word_1_284' title='bbox 561 1905 743 1948; x_wconf 75' lang='lat' dir='ltr'>Boi-giam,</span> <span class='ocrx_word' id='word_1_285' title='bbox 771 1905 814 1939; x_wconf 88' lang='lat' dir='ltr'>de</span> <span class='ocrx_word' id='word_1_286' title='bbox 841 1917 912 1949; x_wconf 87' lang='lat' dir='ltr'>qua</span> <span class='ocrx_word' id='word_1_287' title='bbox 938 1905 1043 1947; x_wconf 82' lang='lat' dir='ltr'>infra,</span> <span class='ocrx_word' id='word_1_288' title='bbox 1071 1917 1125 1951; x_wconf 91' lang='lat' dir='ltr'>ep.</span> <span class='ocrx_word' id='word_1_289' title='bbox 1144 1918 1179 1940; x_wconf 88' lang='lat' dir='ltr'>n.</span> <span class='ocrx_word' id='word_1_290' title='bbox 1201 1907 1302 1942; x_wconf 90' lang='grc'><strong>1629.</strong></span> 
     </span>
    </p>

    <p class='ocr_par' dir='ltr' id='par_1_10' title="bbox 228 1970 1334 2013">
     <span class='ocr_line' id='line_1_31' title="bbox 228 1970 1334 2013; baseline 0.004 -11"><span class='ocrx_word' id='word_1_291' title='bbox 228 1970 267 2004; x_wconf 88' lang='lat' dir='ltr'>P.</span> <span class='ocrx_word' id='word_1_292' title='bbox 299 1970 398 2003; x_wconf 60' lang='lat' dir='ltr'>Gaui·</span> <span class='ocrx_word' id='word_1_293' title='bbox 421 1970 545 2012; x_wconf 79' lang='lat' dir='ltr'>furiae</span> <span class='ocrx_word' id='word_1_294' title='bbox 571 1975 600 2003; x_wconf 82' lang='lat' dir='ltr'>et</span> <span class='ocrx_word' id='word_1_295' title='bbox 626 1981 752 2013; x_wconf 72' lang='lat' dir='ltr'>uuyae.</span> <span class='ocrx_word' id='word_1_296' title='bbox 809 1971 975 2004; x_wconf 76' lang='lat' dir='ltr'>Canisius</span> <span class='ocrx_word' id='word_1_297' title='bbox 1003 1972 1046 2004; x_wconf 90' lang='lat' dir='ltr'>ab</span> <span class='ocrx_word' id='word_1_298' title='bbox 1072 1982 1109 2005; x_wconf 85' lang='lat' dir='ltr'>eo</span> <span class='ocrx_word' id='word_1_299' title='bbox 1136 1976 1334 2006; x_wconf 69' lang='lat' dir='ltr'>accusatus.</span> 
     </span>
    </p>

    <p class='ocr_par' dir='ltr' id='par_1_11' title="bbox 103 2036 1884 2745">
     <span class='ocr_line' id='line_1_32' title="bbox 230 2036 1884 2097; baseline 0.005 -21"><span class='ocrx_word' id='word_1_300' title='bbox 230 2036 429 2077; x_wconf 68' lang='lat' dir='ltr'>Carcisius</span> <span class='ocrx_word' id='word_1_301' title='bbox 474 2036 733 2078; x_wconf 74' lang='lat' dir='ltr'>Germaniae</span> <span class='ocrx_word' id='word_1_302' title='bbox 777 2038 1011 2091; x_wconf 72' lang='lat' dir='ltr'>superioris</span> <span class='ocrx_word' id='word_1_303' title='bbox 1056 2040 1327 2093; x_wconf 78' lang='lat' dir='ltr'>praepositus</span> <span class='ocrx_word' id='word_1_304' title='bbox 1363 2041 1647 2094; x_wconf 69' lang='lat' dir='ltr'>provincialis</span> <span class='ocrx_word' id='word_1_305' title='bbox 1687 2043 1884 2097; x_wconf 68' lang='lat' dir='ltr'>Auyusta</span> 
     </span>
     <span class='ocr_line' id='line_1_33' title="bbox 110 2102 1883 2162; baseline 0.005 -20"><span class='ocrx_word' id='word_1_306' title='bbox 110 2102 178 2143; x_wconf 84' lang='grc'>19.</span> <span class='ocrx_word' id='word_1_307' title='bbox 195 2102 350 2142; x_wconf 82' lang='lat' dir='ltr'>Martii</span> <span class='ocrx_word' id='word_1_308' title='bbox 372 2102 489 2143; x_wconf 81' lang='lat'><em>1569</em></span> <span class='ocrx_word' id='word_1_309' title='bbox 521 2102 579 2142; x_wconf 77' lang='lat' dir='ltr'>ad</span> <span class='ocrx_word' id='word_1_310' title='bbox 602 2103 644 2144; x_wconf 82' lang='lat' dir='ltr'>S.</span> <span class='ocrx_word' id='word_1_311' title='bbox 662 2102 943 2144; x_wconf 76' lang='lat' dir='ltr'>Franciscum</span> <span class='ocrx_word' id='word_1_312' title='bbox 964 2102 1169 2157; x_wconf 56' lang='lat' dir='ltr'>Bormam</span> <span class='ocrx_word' id='word_1_313' title='bbox 1193 2104 1412 2146; x_wconf 81' lang='lat' dir='ltr'>Societatis</span> <span class='ocrx_word' id='word_1_314' title='bbox 1441 2108 1732 2161; x_wconf 66' lang='lat' dir='ltr'>praepositum</span> <span class='ocrx_word' id='word_1_315' title='bbox 1761 2123 1883 2162; x_wconf 68' lang='lat' dir='ltr'>yene-</span> 
     </span>
     <span class='ocr_line' id='line_1_34' title="bbox 111 2166 1882 2227; baseline 0.005 -20"><span class='ocrx_word' id='word_1_316' title='bbox 111 2168 240 2208; x_wconf 77' lang='lat' dir='ltr'>ralem</span> <span class='ocrx_word' id='word_1_317' title='bbox 284 2167 334 2208; x_wconf 82' lang='lat' dir='ltr'>cle</span> <span class='ocrx_word' id='word_1_318' title='bbox 375 2166 423 2208; x_wconf 88' lang='lat' dir='ltr'>P.</span> <span class='ocrx_word' id='word_1_319' title='bbox 464 2166 620 2208; x_wconf 73' lang='lat' dir='ltr'>Thoma</span> <span class='ocrx_word' id='word_1_320' title='bbox 664 2168 788 2209; x_wconf 75' lang='lat' dir='ltr'>Gallo</span> <span class='ocrx_word' id='word_1_321' title='bbox 830 2167 1049 2209; x_wconf 76' lang='lat' dir='ltr'>Monaclzii</span> <span class='ocrx_word' id='word_1_322' title='bbox 1091 2169 1262 2224; x_wconf 69' lang='lat' dir='ltr'>(leyeute</span> <span class='ocrx_word' id='word_1_323' title='bbox 1303 2170 1359 2221; x_wconf 82' lang='lat' dir='ltr'>(v.</span> <span class='ocrx_word' id='word_1_324' title='bbox 1394 2185 1528 2226; x_wconf 76' lang='lat' dir='ltr'>supra</span> <span class='ocrx_word' id='word_1_325' title='bbox 1563 2187 1605 2227; x_wconf 77' lang='lat' dir='ltr'>p.</span> <span class='ocrx_word' id='word_1_326' title='bbox 1629 2173 1738 2225; x_wconf 64' lang='lat'>2559</span> <span class='ocrx_word' id='word_1_327' title='bbox 1779 2174 1882 2216; x_wconf 80' lang='lat' dir='ltr'>haec</span> 
     </span>
     <span class='ocr_line' id='line_1_35' title="bbox 110 2232 1881 2292; baseline 0.005 -20"><span class='ocrx_word' id='word_1_328' title='bbox 110 2233 289 2274; x_wconf 77' lang='lat' dir='ltr'>rettulit:</span> <span class='ocrx_word' id='word_1_329' title='bbox 326 2232 515 2284; x_wconf 78' lang='lat' dir='ltr'>„Grauis</span> <span class='ocrx_word' id='word_1_330' title='bbox 549 2236 584 2273; x_wconf 86' lang='lat' dir='ltr'>et</span> <span class='ocrx_word' id='word_1_331' title='bbox 612 2232 816 2287; x_wconf 74' lang='lat' dir='ltr'>frequens</span> <span class='ocrx_word' id='word_1_332' title='bbox 849 2233 899 2274; x_wconf 83' lang='lat' dir='ltr'>de</span> <span class='ocrx_word' id='word_1_333' title='bbox 930 2234 1001 2275; x_wconf 80' lang='lat' dir='ltr'>illo</span> <span class='ocrx_word' id='word_1_334' title='bbox 1034 2236 1204 2288; x_wconf 75' lang='lat' dir='ltr'>querela</span> <span class='ocrx_word' id='word_1_335' title='bbox 1239 2240 1295 2276; x_wconf 86' lang='lat' dir='ltr'>est</span> <span class='ocrx_word' id='word_1_336' title='bbox 1317 2237 1362 2277; x_wconf 79' lang='lat' dir='ltr'>iu</span> <span class='ocrx_word' id='word_1_337' title='bbox 1386 2237 1551 2292; x_wconf 68' lang='lat' dir='ltr'>cotteyio</span> <span class='ocrx_word' id='word_1_338' title='bbox 1574 2239 1881 2292; x_wconf 73' lang='lat' dir='ltr'>Monaclzieusi,</span> 
     </span>
     <span class='ocr_line' id='line_1_36' title="bbox 108 2298 1879 2359; baseline 0.005 -22"><span class='ocrx_word' id='word_1_339' title='bbox 108 2302 178 2338; x_wconf 63' lang='lat' dir='ltr'>ut⁹</span> <span class='ocrx_word' id='word_1_340' title='bbox 213 2299 290 2338; x_wconf 64' lang='lat' dir='ltr'>uix</span> <span class='ocrx_word' id='word_1_341' title='bbox 328 2298 485 2351; x_wconf 82' lang='lat' dir='ltr'>possim</span> <span class='ocrx_word' id='word_1_342' title='bbox 526 2302 689 2339; x_wconf 75' lang='lat' dir='ltr'>nostros</span> <span class='ocrx_word' id='word_1_343' title='bbox 728 2299 951 2352; x_wconf 73' lang='lat' dir='ltr'>consolari,</span> <span class='ocrx_word' id='word_1_344' title='bbox 995 2298 1092 2354; x_wconf 73' lang='lat' dir='ltr'>quib</span> <span class='ocrx_word' id='word_1_345' title='bbox 1131 2300 1269 2341; x_wconf 75' lang='lat' dir='ltr'>dolent-</span> <span class='ocrx_word' id='word_1_346' title='bbox 1309 2302 1391 2342; x_wconf 76' lang='lat' dir='ltr'>sibi</span> <span class='ocrx_word' id='word_1_347' title='bbox 1432 2316 1521 2343; x_wconf 80' lang='lat' dir='ltr'>cum</span> <span class='ocrx_word' id='word_1_348' title='bbox 1557 2303 1627 2344; x_wconf 65' lang='lat' dir='ltr'>tuo</span> <span class='ocrx_word' id='word_1_349' title='bbox 1660 2318 1747 2344; x_wconf 84' lang='lat' dir='ltr'>rem</span> <span class='ocrx_word' id='word_1_350' title='bbox 1781 2319 1879 2359; x_wconf 73' lang='lat' dir='ltr'>esse,</span> 
     </span>
     <span class='ocr_line' id='line_1_37' title="bbox 108 2362 1879 2422; baseline 0.005 -19"><span class='ocrx_word' id='word_1_351' title='bbox 108 2364 230 2404; x_wconf 79' lang='lat' dir='ltr'>cuius</span> <span class='ocrx_word' id='word_1_352' title='bbox 258 2362 406 2416; x_wconf 84' lang='lat' dir='ltr'>furias</span> <span class='ocrx_word' id='word_1_353' title='bbox 439 2367 473 2404; x_wconf 87' lang='lat' dir='ltr'>et</span> <span class='ocrx_word' id='word_1_354' title='bbox 501 2362 706 2415; x_wconf 75' lang='lat' dir='ltr'>ferociam</span> <span class='ocrx_word' id='word_1_355' title='bbox 739 2364 884 2405; x_wconf 83' lang='lat' dir='ltr'>timere</span> <span class='ocrx_word' id='word_1_356' title='bbox 916 2369 1132 2418; x_wconf 66' lang='lat' dir='ltr'>coquntur.</span> <span class='ocrx_word' id='word_1_357' title='bbox 1188 2366 1420 2408; x_wconf 81' lang='lat' dir='ltr'>Accusauit</span> <span class='ocrx_word' id='word_1_358' title='bbox 1452 2382 1514 2409; x_wconf 84' lang='lat' dir='ltr'>me</span> <span class='ocrx_word' id='word_1_359' title='bbox 1547 2369 1667 2422; x_wconf 79' lang='lat' dir='ltr'>apud</span> <span class='ocrx_word' id='word_1_360' title='bbox 1688 2369 1742 2411; x_wconf 89' lang='lat' dir='ltr'>D.</span> <span class='ocrx_word' id='word_1_361' title='bbox 1770 2370 1879 2412; x_wconf 78' lang='lat' dir='ltr'>Can-</span> 
     </span>
     <span class='ocr_line' id='line_1_38' title="bbox 108 2428 1877 2489; baseline 0.004 -19"><span class='ocrx_word' id='word_1_362' title='bbox 108 2429 338 2482; x_wconf 75' lang='lat' dir='ltr'>cellarium,</span> <span class='ocrx_word' id='word_1_363' title='bbox 375 2433 417 2469; x_wconf 82' lang='lat' dir='ltr'>ut</span> <span class='ocrx_word' id='word_1_364' title='bbox 443 2428 645 2481; x_wconf 72' lang='lat' dir='ltr'>scribunt,</span> <span class='ocrx_word' id='word_1_365' title='bbox 679 2442 852 2470; x_wconf 83' lang='lat' dir='ltr'>eausam</span> <span class='ocrx_word' id='word_1_366' title='bbox 874 2430 981 2471; x_wconf 85' lang='lat' dir='ltr'>scire</span> <span class='ocrx_word' id='word_1_367' title='bbox 1003 2444 1087 2471; x_wconf 74' lang='lat' dir='ltr'>nou</span> <span class='ocrx_word' id='word_1_368' title='bbox 1110 2444 1281 2485; x_wconf 73' lang='lat' dir='ltr'>possum</span> <span class='ocrx_word' id='word_1_369' title='bbox 1295 2436 1320 2484; x_wconf 77' lang='lat'>⁰,</span> <span class='ocrx_word' id='word_1_370' title='bbox 1355 2433 1646 2487; x_wconf 75' lang='lat' dir='ltr'>superioribus</span> <span class='ocrx_word' id='word_1_371' title='bbox 1669 2435 1877 2489; x_wconf 76' lang='lat' dir='ltr'>obtrectat,</span> 
     </span>
     <span class='ocr_line' id='line_1_39' title="bbox 103 2492 1878 2556; baseline 0.005 -22"><span class='ocrx_word' id='word_1_372' title='bbox 103 2495 240 2548; x_wconf 71' lang='lat' dir='ltr'>peryit</span> <span class='ocrx_word' id='word_1_373' title='bbox 281 2508 374 2535; x_wconf 86' lang='lat' dir='ltr'>cum</span> <span class='ocrx_word' id='word_1_374' title='bbox 412 2492 611 2546; x_wconf 74' lang='lat' dir='ltr'>foeminis</span> <span class='ocrx_word' id='word_1_375' title='bbox 651 2494 696 2534; x_wconf 76' lang='lat' dir='ltr'>iu</span> <span class='ocrx_word' id='word_1_376' title='bbox 740 2495 885 2548; x_wconf 72' lang='lat' dir='ltr'>templo</span> <span class='ocrx_word' id='word_1_377' title='bbox 927 2495 1200 2548; x_wconf 76' lang='lat' dir='ltr'>confabulari</span> <span class='ocrx_word' id='word_1_378' title='bbox 1245 2511 1328 2538; x_wconf 68' lang='lat' dir='ltr'>nort</span> <span class='ocrx_word' id='word_1_379' title='bbox 1370 2499 1461 2539; x_wconf 76' lang='lat' dir='ltr'>siue</span> <span class='ocrx_word' id='word_1_380' title='bbox 1492 2501 1710 2553; x_wconf 72' lang='lat' dir='ltr'>scandalo,</span> <span class='ocrx_word' id='word_1_381' title='bbox 1754 2501 1878 2556; x_wconf 72' lang='lat' dir='ltr'>idque</span> 
     </span>
     <span class='ocr_line' id='line_1_40' title="bbox 103 2558 1878 2616; baseline 0.005 -17"><span class='ocrx_word' id='word_1_382' title='bbox 103 2559 264 2612; x_wconf 84' lang='lat' dir='ltr'>factum</span> <span class='ocrx_word' id='word_1_383' title='bbox 295 2563 491 2614; x_wconf 64' lang='lat' dir='ltr'>proterite</span> <span class='ocrx_word' id='word_1_384' title='bbox 514 2558 716 2611; x_wconf 70' lang='lat' dir='ltr'>defendit,</span> <span class='ocrx_word' id='word_1_385' title='bbox 754 2560 828 2600; x_wconf 82' lang='lat' dir='ltr'>etsi</span> <span class='ocrx_word' id='word_1_386' title='bbox 859 2562 982 2602; x_wconf 81' lang='lat' dir='ltr'>semel</span> <span class='ocrx_word' id='word_1_387' title='bbox 1016 2565 1051 2601; x_wconf 84' lang='lat' dir='ltr'>et</span> <span class='ocrx_word' id='word_1_388' title='bbox 1083 2562 1235 2602; x_wconf 85' lang='lat' dir='ltr'>iterum</span> <span class='ocrx_word' id='word_1_389' title='bbox 1264 2562 1558 2616; x_wconf 73' lang='lat' dir='ltr'>prohibuerim</span> <span class='ocrx_word' id='word_1_390' title='bbox 1590 2566 1878 2608; x_wconf 82' lang='lat' dir='ltr'>sacerdotibus</span> 
     </span>
     <span class='ocr_line' id='line_1_41' title="bbox 107 2624 1877 2683; baseline 0.005 -17"><span class='ocrx_word' id='word_1_391' title='bbox 107 2625 310 2677; x_wconf 69' lang='lat' dir='ltr'>omnibus,</span> <span class='ocrx_word' id='word_1_392' title='bbox 345 2629 391 2666; x_wconf 87' lang='lat' dir='ltr'>ut</span> <span class='ocrx_word' id='word_1_393' title='bbox 422 2624 501 2665; x_wconf 77' lang='lat' dir='ltr'>hac</span> <span class='ocrx_word' id='word_1_394' title='bbox 532 2624 732 2677; x_wconf 74' lang='lat' dir='ltr'>iufamia,</span> <span class='ocrx_word' id='word_1_395' title='bbox 767 2638 875 2679; x_wconf 70' lang='lat' dir='ltr'>quae</span> <span class='ocrx_word' id='word_1_396' title='bbox 896 2626 1051 2667; x_wconf 78' lang='lat' dir='ltr'>uostris</span> <span class='ocrx_word' id='word_1_397' title='bbox 1086 2641 1132 2667; x_wconf 86' lang='lat' dir='ltr'>ea</span> <span class='ocrx_word' id='word_1_398' title='bbox 1166 2626 1216 2667; x_wconf 80' lang='lat' dir='ltr'>de</span> <span class='ocrx_word' id='word_1_399' title='bbox 1248 2641 1379 2668; x_wconf 87' lang='lat' dir='ltr'>causa</span> <span class='ocrx_word' id='word_1_400' title='bbox 1415 2629 1617 2683; x_wconf 75' lang='lat' dir='ltr'>inuritur,</span> <span class='ocrx_word' id='word_1_401' title='bbox 1651 2631 1726 2672; x_wconf 76' lang='lat' dir='ltr'>boc</span> <span class='ocrx_word' id='word_1_402' title='bbox 1757 2646 1877 2674; x_wconf 85' lang='lat' dir='ltr'>sacro</span> 
     </span>
     <span class='ocr_line' id='line_1_42' title="bbox 106 2689 883 2745; baseline 0.003 -15"><span class='ocrx_word' id='word_1_403' title='bbox 106 2695 286 2745; x_wconf 78' lang='lat' dir='ltr'>tempore</span> <span class='ocrx_word' id='word_1_404' title='bbox 317 2691 462 2731; x_wconf 86' lang='lat' dir='ltr'>saltem</span> <span class='ocrx_word' id='word_1_405' title='bbox 494 2703 581 2731; x_wconf 85' lang='lat' dir='ltr'>sese</span> <span class='ocrx_word' id='word_1_406' title='bbox 612 2689 883 2732; x_wconf 75' lang='lat' dir='ltr'>liberarent.“</span> 
     </span>
    </p>
   </div>
   <div class='ocr_carea' id='block_1_8' title="bbox 105 2764 1878 3078">
    <p class='ocr_par' dir='ltr' id='par_1_12' title="bbox 105 2764 1878 3078">
     <span class='ocr_line' id='line_1_43' title="bbox 225 2764 1878 2817; baseline 0.005 -19"><span class='ocrx_word' id='word_1_407' title='bbox 225 2764 316 2798; x_wconf 88' lang='lat' dir='ltr'>Vide</span> <span class='ocrx_word' id='word_1_408' title='bbox 341 2776 451 2809; x_wconf 87' lang='lat' dir='ltr'>supra</span> <span class='ocrx_word' id='word_1_409' title='bbox 477 2777 510 2810; x_wconf 92' lang='lat' dir='ltr'>p.</span> <span class='ocrx_word' id='word_1_410' title='bbox 529 2765 730 2799; x_wconf 69' lang='lat'>258—-259</span> <span class='ocrx_word' id='word_1_411' title='bbox 775 2764 951 2809; x_wconf 83' lang='lat' dir='ltr'>Quicquid</span> <span class='ocrx_word' id='word_1_412' title='bbox 978 2765 1206 2810; x_wconf 88' lang='lat' dir='ltr'>querelarum</span> <span class='ocrx_word' id='word_1_413' title='bbox 1233 2767 1360 2802; x_wconf 83' lang='lat' dir='ltr'>Gallus</span> <span class='ocrx_word' id='word_1_414' title='bbox 1387 2768 1562 2804; x_wconf 88' lang='lat' dir='ltr'>adversus</span> <span class='ocrx_word' id='word_1_415' title='bbox 1590 2769 1774 2805; x_wconf 85' lang='lat' dir='ltr'>Canisium</span> <span class='ocrx_word' id='word_1_416' title='bbox 1799 2784 1878 2817; x_wconf 89' lang='lat' dir='ltr'>pro-</span> 
     </span>
     <span class='ocr_line' id='line_1_44' title="bbox 105 2817 1878 2864; baseline 0.005 -13"><span class='ocrx_word' id='word_1_417' title='bbox 105 2817 190 2852; x_wconf 87' lang='lat' dir='ltr'>tulit</span> <span class='ocrx_word' id='word_1_418' title='bbox 215 2818 309 2862; x_wconf 84' lang='lat' dir='ltr'>apud</span> <span class='ocrx_word' id='word_1_419' title='bbox 335 2817 516 2852; x_wconf 80' lang='lat' dir='ltr'>Simonem</span> <span class='ocrx_word' id='word_1_420' title='bbox 535 2818 768 2853; x_wconf 87' lang='lat' dir='ltr'>Thaddaeum</span> <span class='ocrx_word' id='word_1_421' title='bbox 786 2818 940 2853; x_wconf 82' lang='lat' dir='ltr'>Eokium</span> <span class='ocrx_word' id='word_1_422' title='bbox 958 2818 1098 2853; x_wconf 89' lang='lat' dir='ltr'>Alberti</span> <span class='ocrx_word' id='word_1_423' title='bbox 1117 2819 1159 2854; x_wconf 89' lang='lat' dir='ltr'>V.</span> <span class='ocrx_word' id='word_1_424' title='bbox 1188 2821 1454 2864; x_wconf 85' lang='lat' dir='ltr'>cancellarium,</span> <span class='ocrx_word' id='word_1_425' title='bbox 1481 2823 1588 2858; x_wconf 87' lang='lat' dir='ltr'>huius</span> <span class='ocrx_word' id='word_1_426' title='bbox 1614 2826 1711 2858; x_wconf 89' lang='lat' dir='ltr'>certe</span> <span class='ocrx_word' id='word_1_427' title='bbox 1738 2826 1878 2860; x_wconf 88' lang='lat' dir='ltr'>animus</span> 
     </span>
     <span class='ocr_line' id='line_1_45' title="bbox 105 2871 1878 2918; baseline 0.005 -13"><span class='ocrx_word' id='word_1_428' title='bbox 105 2871 200 2906; x_wconf 89' lang='lat' dir='ltr'>haud</span> <span class='ocrx_word' id='word_1_429' title='bbox 235 2871 389 2905; x_wconf 90' lang='lat' dir='ltr'>multum</span> <span class='ocrx_word' id='word_1_430' title='bbox 423 2874 542 2906; x_wconf 91' lang='lat' dir='ltr'>motus</span> <span class='ocrx_word' id='word_1_431' title='bbox 578 2875 652 2913; x_wconf 89' lang='lat' dir='ltr'>est;</span> <span class='ocrx_word' id='word_1_432' title='bbox 688 2883 770 2906; x_wconf 90' lang='lat' dir='ltr'>nam</span> <span class='ocrx_word' id='word_1_433' title='bbox 796 2872 987 2906; x_wconf 89' lang='lat' dir='ltr'>Monachio</span> <span class='ocrx_word' id='word_1_434' title='bbox 1013 2874 1044 2907; x_wconf 86' lang='lat'>5.</span> <span class='ocrx_word' id='word_1_435' title='bbox 1072 2873 1209 2918; x_wconf 89' lang='lat' dir='ltr'>Aprilis</span> <span class='ocrx_word' id='word_1_436' title='bbox 1238 2874 1329 2909; x_wconf 87' lang='lat'>1569</span> <span class='ocrx_word' id='word_1_437' title='bbox 1354 2876 1490 2910; x_wconf 63' lang='lat' dir='ltr'>Eamus</span> <span class='ocrx_word' id='word_1_438' title='bbox 1516 2875 1620 2912; x_wconf 84' lang='lat' dir='ltr'>Gallo</span> <span class='ocrx_word' id='word_1_439' title='bbox 1656 2879 1700 2912; x_wconf 89' lang='lat' dir='ltr'>ad</span> <span class='ocrx_word' id='word_1_440' title='bbox 1735 2879 1878 2915; x_wconf 87' lang='lat' dir='ltr'>litteras</span> 
     </span>
     <span class='ocr_line' id='line_1_46' title="bbox 106 2925 1877 2971; baseline 0.005 -12"><span class='ocrx_word' id='word_1_441' title='bbox 106 2925 151 2959; x_wconf 85' lang='lat' dir='ltr'>ad</span> <span class='ocrx_word' id='word_1_442' title='bbox 186 2936 224 2960; x_wconf 91' lang='lat' dir='ltr'>se</span> <span class='ocrx_word' id='word_1_443' title='bbox 260 2925 364 2959; x_wconf 85' lang='lat' dir='ltr'>datas</span> <span class='ocrx_word' id='word_1_444' title='bbox 398 2925 630 2970; x_wconf 75' lang='lat' dir='ltr'>*responditz</span> <span class='ocrx_word' id='word_1_445' title='bbox 666 2926 710 2960; x_wconf 77' lang='lat' dir='ltr'>Se</span> <span class='ocrx_word' id='word_1_446' title='bbox 746 2926 777 2959; x_wconf 89' lang='lat' dir='ltr'>ei</span> <span class='ocrx_word' id='word_1_447' title='bbox 804 2926 1038 2960; x_wconf 82' lang='lat' dir='ltr'>vehementer</span> <span class='ocrx_word' id='word_1_448' title='bbox 1064 2927 1226 2968; x_wconf 84' lang='lat' dir='ltr'>suadere,</span> <span class='ocrx_word' id='word_1_449' title='bbox 1262 2940 1306 2962; x_wconf 90' lang='lat' dir='ltr'>ne</span> <span class='ocrx_word' id='word_1_450' title='bbox 1337 2930 1432 2971; x_wconf 86' lang='lat' dir='ltr'>„tam</span> <span class='ocrx_word' id='word_1_451' title='bbox 1458 2932 1621 2965; x_wconf 84' lang='lat' dir='ltr'>sanctam</span> <span class='ocrx_word' id='word_1_452' title='bbox 1648 2932 1877 2968; x_wconf 86' lang='lat' dir='ltr'>sodalitatem</span> 
     </span>
     <span class='ocr_line' id='line_1_47' title="bbox 106 2978 1875 3032; baseline 0.006 -20"><span class='ocrx_word' id='word_1_453' title='bbox 106 2978 323 3020; x_wconf 43' lang='lat' dir='ltr'>desereret&amp;</span> <span class='ocrx_word' id='word_1_454' title='bbox 350 2980 386 3012; x_wconf 86' lang='lat' dir='ltr'>et</span> <span class='ocrx_word' id='word_1_455' title='bbox 411 2979 503 3013; x_wconf 89' lang='lat' dir='ltr'>serio</span> <span class='ocrx_word' id='word_1_456' title='bbox 530 2979 790 3021; x_wconf 82' lang='lat' dir='ltr'>commendare,</span> <span class='ocrx_word' id='word_1_457' title='bbox 819 2981 857 3013; x_wconf 87' lang='lat' dir='ltr'>ut</span> <span class='ocrx_word' id='word_1_458' title='bbox 882 2979 1097 3024; x_wconf 87' lang='lat' dir='ltr'>praepositis</span> <span class='ocrx_word' id='word_1_459' title='bbox 1115 2980 1298 3016; x_wconf 89' lang='lat' dir='ltr'>oboediret</span> <span class='ocrx_word' id='word_1_460' title='bbox 1318 2981 1379 3026; x_wconf 86' lang='lat' dir='ltr'>(ex</span> <span class='ocrx_word' id='word_1_461' title='bbox 1397 2984 1605 3029; x_wconf 85' lang='lat' dir='ltr'>apographo</span> <span class='ocrx_word' id='word_1_462' title='bbox 1623 2986 1735 3021; x_wconf 87' lang='lat' dir='ltr'>eiusd.</span> <span class='ocrx_word' id='word_1_463' title='bbox 1755 2988 1875 3032; x_wconf 62' lang='lat' dir='ltr'>temp„</span> 
     </span>
     <span class='ocr_line' id='line_1_48' title="bbox 105 3031 1155 3078; baseline 0.003 -13"><span class='ocrx_word' id='word_1_464' title='bbox 105 3043 126 3066; x_wconf 88' lang='lat' dir='ltr'>a</span> <span class='ocrx_word' id='word_1_465' title='bbox 152 3032 191 3066; x_wconf 92' lang='lat' dir='ltr'>P.</span> <span class='ocrx_word' id='word_1_466' title='bbox 210 3031 428 3066; x_wconf 89' lang='lat' dir='ltr'>Theodorico</span> <span class='ocrx_word' id='word_1_467' title='bbox 456 3032 598 3067; x_wconf 85' lang='lat' dir='ltr'>Canisio</span> <span class='ocrx_word' id='word_1_468' title='bbox 624 3033 780 3078; x_wconf 88' lang='lat' dir='ltr'>scripto;</span> <span class='ocrx_word' id='word_1_469' title='bbox 809 3032 850 3067; x_wconf 79' lang='lat' dir='ltr'>Gr.</span> <span class='ocrx_word' id='word_1_470' title='bbox 870 3033 934 3078; x_wconf 86' lang='lat' dir='ltr'>Ep.</span> <span class='ocrx_word' id='word_1_471' title='bbox 953 3033 986 3067; x_wconf 88' lang='lat' dir='ltr'>X</span> <span class='ocrx_word' id='word_1_472' title='bbox 1012 3033 1036 3068; x_wconf 85' lang='lat' dir='ltr'>f.</span> <span class='ocrx_word' id='word_1_473' title='bbox 1057 3033 1155 3078; x_wconf 85' lang='lat'>237).</span> 
     </span>
    </p>
   </div>
   <div class='ocr_carea' id='block_1_9' title="bbox 225 3096 1876 3137">
    <p class='ocr_par' dir='ltr' id='par_1_13' title="bbox 225 3096 1876 3137">
     <span class='ocr_line' id='line_1_49' title="bbox 225 3096 1876 3137; baseline 0.006 -17"><span class='ocrx_word' id='word_1_474' title='bbox 225 3096 252 3127; x_wconf 81' lang='lat' dir='ltr'>a)</span> <span class='ocrx_word' id='word_1_475' title='bbox 274 3096 413 3128; x_wconf 72' lang='lat' dir='ltr'>Sequitur</span> <span class='ocrx_word' id='word_1_476' title='bbox 432 3102 490 3128; x_wconf 84' lang='lat' dir='ltr'>me,</span> <span class='ocrx_word' id='word_1_477' title='bbox 509 3104 527 3122; x_wconf 86' lang='lat' dir='ltr'>a</span> <span class='ocrx_word' id='word_1_478' title='bbox 542 3098 571 3122; x_wconf 83' lang='lat' dir='ltr'>C.</span> <span class='ocrx_word' id='word_1_479' title='bbox 585 3098 676 3122; x_wconf 81' lang='lat' dir='ltr'>oblitt.</span> <span class='ocrx_word' id='word_1_480' title='bbox 726 3096 755 3129; x_wconf 82' lang='lat' dir='ltr'>b)</span> <span class='ocrx_word' id='word_1_481' title='bbox 777 3098 824 3122; x_wconf 80' lang='lat' dir='ltr'>Ita</span> <span class='ocrx_word' id='word_1_482' title='bbox 845 3098 876 3122; x_wconf 78' lang='lat' dir='ltr'>iu</span> <span class='ocrx_word' id='word_1_483' title='bbox 895 3101 1008 3130; x_wconf 64' lang='lat' dir='ltr'>autoyv.</span> <span class='ocrx_word' id='word_1_484' title='bbox 1028 3102 1188 3124; x_wconf 76' lang='lat' dir='ltr'>correctum</span> <span class='ocrx_word' id='word_1_485' title='bbox 1209 3103 1251 3125; x_wconf 84' lang='lat' dir='ltr'>est</span> <span class='ocrx_word' id='word_1_486' title='bbox 1271 3108 1306 3125; x_wconf 70' lang='lat' dir='ltr'>ex</span> <span class='ocrx_word' id='word_1_487' title='bbox 1327 3100 1406 3133; x_wconf 85' lang='lat' dir='ltr'>quia.</span> <span class='ocrx_word' id='word_1_488' title='bbox 1465 3102 1492 3134; x_wconf 85' lang='lat' dir='ltr'>c)</span> <span class='ocrx_word' id='word_1_489' title='bbox 1513 3104 1539 3128; x_wconf 82' lang='grc' dir='ltr'><strong><em>Α</em></strong></span> <span class='ocrx_word' id='word_1_490' title='bbox 1554 3104 1583 3128; x_wconf 84' lang='lat' dir='ltr'>C.</span> <span class='ocrx_word' id='word_1_491' title='bbox 1597 3111 1672 3128; x_wconf 78' lang='lat' dir='ltr'>corr.</span> <span class='ocrx_word' id='word_1_492' title='bbox 1687 3112 1723 3129; x_wconf 73' lang='lat' dir='ltr'>ex</span> <span class='ocrx_word' id='word_1_493' title='bbox 1736 3104 1876 3137; x_wconf 83' lang='lat' dir='ltr'>possunt.</span> 
     </span>
    </p>
   </div>
   <div class='ocr_carea' id='block_1_10' title="bbox 1517 3150 1589 3185">
    <p class='ocr_par' dir='ltr' id='par_1_14' title="bbox 1517 3150 1589 3185">
     <span class='ocr_line' id='line_1_50' title="bbox 1517 3150 1589 3185; baseline 0.014 -1"><span class='ocrx_word' id='word_1_494' title='bbox 1517 3150 1589 3185; x_wconf 76' lang='lat'>18*</span> 
     </span>
    </p>
   </div>
  </div>
 </body>
</html>
