2044 3335
149 101 235 142 344
649 98 751 132 1677.
779 97 944 131 Canisius
971 96 1005 131 S.
1024 96 1212 131 Francisco
1239 97 1400 141 Borgiae.

149 216 412 269 gloriantur,
468 218 512 257 et
553 215 701 267 quales
742 214 921 256 subinde
962 217 1105 256 motus
1145 228 1195 256 ac
1235 213 1448 257 tumultus
1490 215 1707 258 concitent
1746 215 1789 256 in
1830 229 1909 258 sua

148 283 286 335 parte,
320 280 444 321 Nunc
467 279 679 333 Philippi1
711 279 845 320 libros
877 278 1003 321 audio
1036 279 1183 321 multis
1214 279 1257 320 in
1281 279 1496 322 Saxoniae
1517 280 1623 322 locis
1645 281 1908 322 concremari

149 348 194 387 et
226 345 386 387 aboleri
418 343 603 398 penitus,
638 343 768 385 etiam
802 357 912 397 quae
945 344 998 385 ad
1031 344 1385 396 grammaticam²
1416 347 1630 398 spectant.
1686 345 1799 387 Alibi
1825 359 1907 387 non

148 410 346 451 feruntur
379 408 556 450 Codices
587 408 928 458 Flaccianorum,
963 407 1132 450 Alicubi
1153 407 1516 462 Adiaphoristae2
1549 410 1808 452 damnantur
1840 410 1910 452 etb

150 474 389 528 eijciuntur.
453 473 697 516 Jnualescit
736 473 933 516 interimc
973 473 1352 524 Caluinianismus,
1396 476 1440 516 et
1480 475 1749 516 Arianismus
1793 476 1909 517 Ana-

149 538 415 593 baptismus‘²
439 536 499 593 [Ρ]
514 539 543 583 3.
607 538 699 580 Nec
733 539 889 580 desunt
920 538 1134 592 principes
1168 539 1240 592 qui
1271 539 1392 581 alant
1423 553 1536 581 noua
1569 542 1776 590 monstra,
1810 540 1907 581 dum

150 604 328 657 quisque
368 604 503 646 talem
530 604 630 647 ,vult
671 604 820 646 audire
861 617 1133 656 praeconem,
1177 603 1347 656 qualem
1388 603 1479 657 ipse
1519 605 1675 657 probat
1709 604 1908 647 maxime.

150 669 339 722 Populus
380 669 434 710 ad
475 669 554 710 has
595 672 662 711 tot
703 671 920 711 sectarum
960 671 1004 710 et
1037 668 1353 710 confessionum
1395 669 1556 710 formas
1597 672 1793 720 nauseat,
1835 669 1911 711 sed

150 733 489 787 Magistratuum
512 734 578 775 vis
611 737 655 776 et
687 733 966 787 resipiscendi
999 734 1137 787 pudor
1167 733 1346 788 impedit
1378 734 1622 788 plurimum,
1657 748 1739 787 quo
1772 734 1911 776 minus

152 804 200 840 a⁸
234 798 509 841 Sathanismo
551 799 605 840 ad
639 798 1010 841 Catholicismums
1049 801 1248 841 errantes
1288 799 1482 841 redeant.
1547 799 1752 842 Gratulor
1783 805 1912 852 ergog

150 863 428 917 Reipublicae
461 863 716 912 Coloniensi,
759 877 869 916 quae
910 866 1164 917 perpetuam
1198 867 1483 907 conseruatae
1514 864 1735 917 religionis
1767 865 1912 907 auitae

150 929 321 971 laudem
354 931 488 979 tenet,
530 943 669 982 neque
701 929 839 970 locum
873 928 1079 982 praebeth
1112 931 1188 971 aut
1228 928 1457 983 hospitium
1493 929 1689 983 sectarijs
1702 930 1730 972 4.
1794 930 1912 971 Bene

152 994 251 1035 vale
282 993 325 1035 in
358 993 541 1044 Christo,
576 996 620 1036 et
651 1007 741 1035 rem
765 992 1047 1035 Catholicami
1080 997 1128 1036 vt
1160 994 1273 1035 soles
1306 995 1512 1036 confirma
1544 997 1588 1037 et
1619 1008 1824 1048 promoue
1845 994 1913 1036 vir

152 1058 472 1108 humanissime,
505 1058 694 1111 mihique
725 1058 768 1099 in
791 1058 959 1101 Christo
983 1058 1242 1100 Charissime
1264 1073 1447 1113 semper,
1481 1060 1708 1113 Augustae
1733 1061 1785 1100 12
1808 1060 1910 1114 Julij

153 1136 266 1165 anno
299 1126 380 1166 ete·
416 1125 484 1166 69·
989 1159 1150 1201 Seruus
1181 1159 1225 1200 in
1258 1159 1426 1203 Christo
1458 1160 1551 1202 Pet.
1586 1159 1794 1202 Canisius.

271 1250 593 1293 Humanissimo
635 1251 742 1302 viro,
786 1252 956 1293 domino
997 1252 1198 1295 Materno
1231 1252 1407 1295 Cholino
1449 1253 1640 1295 senatori
1672 1253 1914 1295 Coloniensi

153 1315 290 1358 amico
323 1315 545 1369 singulari.

154 1463 304 1500 1677.
404 1465 621 1500 CANISIUS
656 1464 921 1502 SANCTO
949 1465 1336 1502 FRANCISCO
1364 1466 1680 1503 BORGIAE
1713 1468 1915 1512 praeposito

343 1519 502 1563 generali
529 1519 719 1554 Societatis
744 1520 838 1554 Iesu.
1115 1521 1280 1564 Augusta
1297 1521 1563 1555 Vindelicorum
1593 1522 1647 1555 13.
1665 1521 1747 1555 Iulii
1766 1521 1867 1555 1569.

272 1588 328 1622 Ex
354 1589 577 1634 autographo
607 1589 684 1632 (2⁰3
714 1591 728 1623 1
760 1602 812 1634 p.;
848 1591 881 1623 111
910 1602 943 1635 p.
970 1591 993 1624 4
1018 1591 1124 1625 inser.
1153 1594 1189 1625 et
1213 1591 1385 1635 reliquiae
1411 1591 1506 1635 sig),
1547 1591 1665 1626 Germ.
1695 1591 1760 1626 183
1786 1603 1819 1626 n.
1847 1591 1914 1626 239

157 1641 197 1684 (f.
225 1641 269 1676 95
296 1644 332 1676 et
358 1653 411 1686 sq.
438 1654 507 1676 non
533 1642 655 1686 sign).
699 1642 918 1677 Litterarum
944 1646 1084 1688 partem
1110 1645 1312 1688 germanice
1340 1646 1450 1679 vertit
1475 1645 1593 1689 Dnhr,
1621 1646 1695 1679 Jes.
1722 1645 1737 1679 Ι
1764 1645 1842 1679 733.

273 1714 446 1755 Hoffaeus
482 1715 726 1756 provincialis.
781 1715 1023 1748 Contionator.
1083 1715 1264 1757 Refectatz'o
1304 1716 1605 1749 Centuriatorum.
1663 1716 1914 1750 Eaeeecrsiones.

158 1767 195 1799 P.
220 1767 398 1800 Τιιννῖαηὶ
424 1778 510 1810 opus
538 1768 613 1810 „De
643 1767 960 1801 Ordinationffizcffl
989 1770 1189 1811 excuditur,
1225 1770 1351 1802 omisso
1387 1769 1478 1802 libro
1506 1774 1695 1811 postremo.
1746 1770 1915 1802 Eiusdem

156 1821 329 1862 scriptam
349 1832 419 1862 pro
442 1821 645 1854 C'anom'bus
663 1822 915 1864 Apostolorum
934 1826 992 1855 etc.
1032 1823 1206 1865 Fuyyeris
1231 1833 1302 1854 mm
1329 1827 1375 1854 est.
1403 1823 1669 1865 concedendam,
1698 1825 1734 1855 nt
1752 1823 1791 1857 P.
1810 1822 1916 1855 Vb‘lclc

157 1883 210 1905 eos
239 1874 273 1906 in
296 1875 586 1916 pereyrinatiooze
612 1876 805 1908 comitetur.
848 1876 1006 1908 Illorum
1030 1875 1145 1918 falsae
1173 1874 1377 1919 „re'Se'o7zes“.

396 1958 423 2007 1-
455 1957 549 1999 Pax
581 1957 739 2000 Christi
770 1959 877 2000 Jesu
908 1958 1030 2000 nobis
1063 1962 1255 2002 aeterna.

684 2023 924 2065 Admodum
957 2023 1213 2065 Reuerende
1246 2024 1389 2067 Pater.

274 2103 543 2147 Reuerenter
583 2105 743 2159 accepi,
787 2106 898 2158 quod
940 2106 995 2147 ad
1035 2106 1128 2147 mek
1168 2106 1341 2160 scripsit
1382 2106 1425 2147 in
1462 2107 1590 2149 ι1111110
1623 2107 1669 2149 R
1703 2107 1749 2149 T.
1794 2106 1917 2159 eique

156 2168 323 2221 gratias
364 2183 447 2222 ago
489 2169 744 2222 singulares,
788 2170 901 2223 quod
934 2170 1108 2213 Patrem
1149 2174 1344 2213 nostrum
1378 2172 1716 2214 Prouintialem5
1755 2172 1799 2213 in
1839 2186 1915 2213 suo

277 2262 306 2287 a}
327 2261 524 2292 gramaticam
543 2270 590 2293 ap.
659 2262 689 2293 b)
711 2263 849 2294 Sequitur
869 2269 916 2292 ex,
936 2271 952 2287 ιι
974 2263 1040 2288 libr.
1055 2264 1144 2288 oblim
1211 2268 1235 2292 c)
1257 2263 1389 2288 Jnterim
1410 2272 1456 2295 ap.
1521 2263 1551 2295 d)
1572 2265 1619 2289 Sic
1637 2272 1702 2296 ap.;
1721 2265 1772 2289 sed
1790 2265 1917 2295 fortasse

156 2304 307 2334 Ieyendum.
323 2302 591 2331 Caluinianismus,
605 2303 797 2329 Arianismus
811 2304 842 2328 et
855 2303 1102 2336 Anabaptismus.
1158 2309 1185 2335 e)
1201 2306 1260 2329 Hoc
1277 2313 1297 2329 r.
1312 2313 1406 2336 supra
1423 2313 1535 2330 versum
1548 2306 1690 2337 scriptum
1704 2309 1753 2330 est.
1803 2305 1826 2336 f)
1842 2305 1916 2330 Cha-

156 2343 362 2369 tholieismum
383 2353 429 2376 ap.
493 2345 523 2377 g)
545 2347 570 2369 A
591 2346 656 2369 libr.
677 2353 750 2370 corr.
772 2353 807 2369 eac·
827 2345 863 2371 ei.
928 2344 959 2373 hl
981 2347 1005 2370 Α
1027 2346 1092 2370 libr.
1114 2354 1188 2371 corsa
1209 2354 1244 2370 ex
1264 2345 1340 2371 bene
1363 2347 1404 2371 vel
1423 2347 1516 2371 simili
1535 2355 1559 2371 v.
1624 2346 1643 2379 i)
1665 2346 1850 2372 Chatolicam
1870 2355 1915 2379 (tp.

156 2384 188 2413 k)
210 2386 271 2411 Hoc
291 2394 315 2410 v.
331 2394 348 2410 α
369 2387 397 2411 ζ’.
412 2394 504 2418 supra
526 2394 639 2411 versum
659 2387 799 2418 scriptum
821 2390 869 2411 est.

283 2496 291 2513 ¹
318 2493 616 2527 Melanchthonis.

278 2545 290 2564 ²
317 2546 372 2579 Ita
407 2558 427 2580 a
462 2545 679 2580 Lutheranis
714 2546 840 2590 rigidis
875 2546 899 2580 ii
925 2546 1167 2588 vocabantur,
1207 2547 1267 2592 qui
1302 2559 1381 2581 cum
1415 2547 1690 2581 Melanchthone
1725 2548 1919 2582 censebant

158 2598 279 2641 aliqua
298 2599 482 2642 religionis
500 2599 619 2644 capita
638 2611 716 2633 esse
735 2599 984 2642 indifferentia,
1003 2600 1038 2633 in
1054 2600 1183 2644 quibus
1201 2600 1346 2645 proinde
1364 2601 1463 2645 pacis
1481 2600 1599 2643 gratia
1617 2601 1804 2635 catholicis
1823 2601 1917 2635 aliis-

161 2662 229 2694 que
256 2651 476 2686 adversariis
501 2653 635 2696 aliquid
664 2653 810 2687 concedi
836 2656 977 2697 posset;
1004 2655 1044 2686 ut
1070 2653 1304 2688 caerimonias
1331 2653 1514 2697 quasdam,
1542 2653 1676 2687 cultum
1696 2654 1917 2688 Sanctorum.

279 2705 290 2723 ὦ
317 2704 371 2737 Ita
397 2717 430 2738 v.
447 2717 478 2748 g,
499 2717 531 2739 a.
549 2706 638 2740 1570
664 2705 700 2739 in
718 2706 924 2740 Palatinatu
950 2706 1109 2740 rhenano
1136 2706 1337 2750 complures
1362 2706 1500 2740 inventi
1526 2708 1610 2740 sunt
1628 2706 1915 2741 Calvinianorum

160 2755 323 2796 ministri,
359 2758 418 2800 qui
455 2759 697 2792 Arianismuni
733 2759 907 2800 colebant,
944 2761 980 2793 et
1014 2771 1044 2793 a.
1067 2759 1300 2794 1567—1574
1334 2759 1502 2792 ducatum
1538 2759 1733 2793 clivensem
1769 2760 1917 2795 Ioannes

161 2808 399 2842 VVilhelmsen
418 2811 736 2855 Anabaptistarum
759 2813 863 2854 „rex”
886 2812 1035 2856 eiusque
1061 2812 1237 2846 satellites
1262 2812 1397 2856 rapinis
1422 2814 1459 2845 et
1476 2812 1645 2846 caedibus
1671 2813 1918 2857 perterrebant

164 2861 314 2903 (Gottfr.
342 2864 494 2906 Ανηοῑᾶ,
530 2863 701 2898 Kirchen-
736 2865 807 2898 und
840 2865 1146 2899 Ketzer-Historie
1172 2865 1216 2905 II,
1253 2864 1516 2899 Schaffhausen
1545 2866 1644 2906 1741,
1676 2866 1917 2900 1125—1136.

161 2915 203 2947 B.
234 2915 275 2947 G.
305 2915 439 2958 Struve,
466 2917 741 2951 Ausfuhrlicher
766 2918 913 2952 Bericht
939 2930 1007 2952 von
1035 2918 1097 2952 der
1123 2917 1367 2952 Psaltzischen
1396 2917 1736 2958 Kirchen-Historie,
1763 2919 1917 2952 Franck-

159 2967 235 3000 furt
263 2967 361 3007 1721,
388 2968 585 3002 214—235.
636 2972 790 3004 Janssen
825 2971 847 3005 1.
875 2983 904 3006 c.
930 2971 981 3005 IV
1011 2972 1098 2992 ¹⁵-¹⁶
1135 2972 1214 3006 281.
1265 2971 1351 3004 Rob.
1380 2971 1550 3015 Scholten,
1577 2971 1643 3005 Die
1669 2971 1773 3006 stadt
1799 2971 1917 3013 Cleve,

162 3018 272 3053 Cleve
301 3020 401 3061 1879,
429 3020 525 3064 592).
672 3024 683 3042 4
710 3023 800 3057 Vide
826 3035 935 3068 supra
962 3036 996 3068 p.
1015 3024 1093 3058 330.

281 3074 292 3092 ⁵
318 3072 468 3107 Paulum
497 3073 693 3108 Hoffaeum.
744 3076 896 3118 Borgiae
922 3077 1064 3111 litteras
1092 3089 1123 3111 v.
1143 3088 1253 3121 supra
1278 3088 1309 3121 p.
1330 3075 1409 3110 326.
