<?xml version="1.0" encoding="UTF-8"?>
<!DOCTYPE html PUBLIC "-//W3C//DTD XHTML 1.0 Transitional//EN"
    "http://www.w3.org/TR/xhtml1/DTD/xhtml1-transitional.dtd">
<html xmlns="http://www.w3.org/1999/xhtml" xml:lang="en" lang="en">
 <head>
  <title>
</title>
<meta http-equiv="Content-Type" content="text/html;charset=utf-8" />
  <meta name='ocr-system' content='tesseract 3.04.00' />
  <meta name='ocr-capabilities' content='ocr_page ocr_carea ocr_par ocr_line ocrx_word'/>
</head>
<body>
  <div class='ocr_page' id='page_1' title='image "beatipetricanisi06cani_0671.png"; bbox 0 0 2044 3335; ppageno 0'>
   <div class='ocr_carea' id='block_1_1' title="bbox 755 76 1842 119">
    <p class='ocr_par' dir='ltr' id='par_1_1' title="bbox 755 76 1842 119">
     <span class='ocr_line' id='line_1_1' title="bbox 755 76 1842 119; baseline 0.007 -8"><span class='ocrx_word' id='word_1_1' title='bbox 755 77 810 111; x_wconf 93' lang='grc'><em>22.</em></span> <span class='ocrx_word' id='word_1_2' title='bbox 830 76 1047 111; x_wconf 88' lang='lat' dir='ltr'><em>Novembris</em></span> <span class='ocrx_word' id='word_1_3' title='bbox 1076 76 1178 112; x_wconf 84' lang='lat'>1568.</span> <span class='ocrx_word' id='word_1_4' title='bbox 1759 77 1842 119; x_wconf 84' lang='grc'><em>597</em></span> 
     </span>
    </p>
   </div>
   <div class='ocr_carea' id='block_1_2' title="bbox 75 193 1858 2443">
    <p class='ocr_par' dir='ltr' id='par_1_2' title="bbox 75 193 1847 344">
     <span class='ocr_line' id='line_1_2' title="bbox 75 193 1847 238; baseline -0.001 -12"><span class='ocrx_word' id='word_1_5' title='bbox 75 194 203 227; x_wconf 81' lang='lat' dir='ltr'><em>hibitos</em></span> <span class='ocrx_word' id='word_1_6' title='bbox 228 195 455 238; x_wconf 64' lang='lat' dir='ltr'><em>eoeparyandi</em></span> <span class='ocrx_word' id='word_1_7' title='bbox 480 196 646 237; x_wconf 79' lang='lat' dir='ltr'><em>concedit,</em></span> <span class='ocrx_word' id='word_1_8' title='bbox 674 198 703 227; x_wconf 84' lang='lat' dir='ltr'><em>et</em></span> <span class='ocrx_word' id='word_1_9' title='bbox 724 198 925 237; x_wconf 80' lang='lat' dir='ltr'><em>potestatem</em></span> <span class='ocrx_word' id='word_1_10' title='bbox 953 194 1153 227; x_wconf 63' lang='lat' dir='ltr'><em>absolvendi</em></span> <span class='ocrx_word' id='word_1_11' title='bbox 1182 194 1368 227; x_wconf 78' lang='lat' dir='ltr'><em>violatores</em></span> <span class='ocrx_word' id='word_1_12' title='bbox 1397 194 1571 227; x_wconf 77' lang='lat' dir='ltr'><em>libertatis</em></span> <span class='ocrx_word' id='word_1_13' title='bbox 1596 193 1847 226; x_wconf 83' lang='lat' dir='ltr'><em>ecclesiasticae</em></span> 
     </span>
     <span class='ocr_line' id='line_1_3' title="bbox 77 246 1847 291; baseline -0.001 -12"><span class='ocrx_word' id='word_1_14' title='bbox 77 247 293 289; x_wconf 77' lang='lat' dir='ltr'><em>amplificat;</em></span> <span class='ocrx_word' id='word_1_15' title='bbox 310 249 499 291; x_wconf 76' lang='lat' dir='ltr'><em>permittit,</em></span> <span class='ocrx_word' id='word_1_16' title='bbox 525 253 563 281; x_wconf 80' lang='lat' dir='ltr'><em>ut</em></span> <span class='ocrx_word' id='word_1_17' title='bbox 589 248 825 281; x_wconf 74' lang='lat' dir='ltr'><em>adulescentes</em></span> <span class='ocrx_word' id='word_1_18' title='bbox 851 248 1016 289; x_wconf 75' lang='lat' dir='ltr'><em>beneficia</em></span> <span class='ocrx_word' id='word_1_19' title='bbox 1048 248 1240 280; x_wconf 71' lang='lat' dir='ltr'><em>simoniace</em></span> <span class='ocrx_word' id='word_1_20' title='bbox 1274 251 1478 290; x_wconf 77' lang='lat' dir='ltr'><em>comparata</em></span> <span class='ocrx_word' id='word_1_21' title='bbox 1513 248 1701 289; x_wconf 73' lang='lat' dir='ltr'><em>retineant,</em></span> <span class='ocrx_word' id='word_1_22' title='bbox 1727 246 1847 289; x_wconf 79' lang='lat' dir='ltr'><em>quoad</em></span> 
     </span>
     <span class='ocr_line' id='line_1_4' title="bbox 76 299 1846 344; baseline 0 -12"><span class='ocrx_word' id='word_1_23' title='bbox 76 301 134 333; x_wconf 78' lang='lat' dir='ltr'><em>sai</em></span> <span class='ocrx_word' id='word_1_24' title='bbox 159 300 254 333; x_wconf 77' lang='lat' dir='ltr'><em>iuris</em></span> <span class='ocrx_word' id='word_1_25' title='bbox 269 302 353 344; x_wconf 82' lang='lat' dir='ltr'><em>sint,</em></span> <span class='ocrx_word' id='word_1_26' title='bbox 380 304 410 334; x_wconf 89' lang='lat' dir='ltr'><em>et</em></span> <span class='ocrx_word' id='word_1_27' title='bbox 434 305 474 334; x_wconf 80' lang='lat' dir='ltr'><em>ut</em></span> <span class='ocrx_word' id='word_1_28' title='bbox 491 302 645 344; x_wconf 69' lang='lat' dir='ltr'><em>episcopi</em></span> <span class='ocrx_word' id='word_1_29' title='bbox 670 302 824 334; x_wconf 72' lang='lat' dir='ltr'><em>vicarios</em></span> <span class='ocrx_word' id='word_1_30' title='bbox 842 302 1057 334; x_wconf 72' lang='lat' dir='ltr'><em>constituant</em></span> <span class='ocrx_word' id='word_1_31' title='bbox 1083 301 1131 333; x_wconf 79' lang='lat' dir='ltr'><em>acl</em></span> <span class='ocrx_word' id='word_1_32' title='bbox 1151 305 1297 343; x_wconf 76' lang='lat' dir='ltr'><em>peccata</em></span> <span class='ocrx_word' id='word_1_33' title='bbox 1322 301 1411 343; x_wconf 72' lang='lat' dir='ltr'><em>ipsis</em></span> <span class='ocrx_word' id='word_1_34' title='bbox 1427 304 1605 334; x_wconf 76' lang='lat' dir='ltr'><em>reservata</em></span> <span class='ocrx_word' id='word_1_35' title='bbox 1624 299 1846 333; x_wconf 81' lang='lat' dir='ltr'><em>remittenda.</em></span> 
     </span>
    </p>

    <p class='ocr_par' dir='ltr' id='par_1_3' title="bbox 78 366 1847 552">
     <span class='ocr_line' id='line_1_5' title="bbox 197 366 1846 420; baseline -0.001 -12"><span class='ocrx_word' id='word_1_36' title='bbox 197 367 244 408; x_wconf 87' lang='lat' dir='ltr'><em>P.</em></span> <span class='ocrx_word' id='word_1_37' title='bbox 273 366 455 409; x_wconf 73' lang='lat' dir='ltr'><em>Ioannes</em></span> <span class='ocrx_word' id='word_1_38' title='bbox 488 369 538 409; x_wconf 80' lang='lat' dir='ltr'><em>cle</em></span> <span class='ocrx_word' id='word_1_39' title='bbox 572 367 753 410; x_wconf 71' lang='lat' dir='ltr'><em>Polanco</em></span> <span class='ocrx_word' id='word_1_40' title='bbox 786 367 1005 408; x_wconf 82' lang='lat' dir='ltr'><em>Societatz‘s</em></span> <span class='ocrx_word' id='word_1_41' title='bbox 1036 368 1290 408; x_wconf 73' lang='lat' dir='ltr'><em>secretarius</em></span> <span class='ocrx_word' id='word_1_42' title='bbox 1323 367 1368 408; x_wconf 71' lang='lat' dir='ltr'><em>iri</em></span> <span class='ocrx_word' id='word_1_43' title='bbox 1403 366 1550 408; x_wconf 79' lang='lat' dir='ltr'><em>Codice</em></span> <span class='ocrx_word' id='word_1_44' title='bbox 1582 366 1682 407; x_wconf 80' lang='lat' dir='ltr'><em>usui</em></span> <span class='ocrx_word' id='word_1_45' title='bbox 1703 379 1846 420; x_wconf 81' lang='lat' dir='ltr'><em>supre-</em></span> 
     </span>
     <span class='ocr_line' id='line_1_6' title="bbox 78 430 1847 484; baseline 0 -12"><span class='ocrx_word' id='word_1_46' title='bbox 78 446 238 473; x_wconf 77' lang='lat' dir='ltr'><em>morum</em></span> <span class='ocrx_word' id='word_1_47' title='bbox 262 432 481 474; x_wconf 79' lang='lat' dir='ltr'><em>Societatis</em></span> <span class='ocrx_word' id='word_1_48' title='bbox 513 434 824 474; x_wconf 74' lang='lat' dir='ltr'><em>moderatorum</em></span> <span class='ocrx_word' id='word_1_49' title='bbox 849 432 1055 481; x_wconf 75' lang='lat' dir='ltr'><em>destinato</em></span> <span class='ocrx_word' id='word_1_50' title='bbox 1078 432 1179 472; x_wconf 78' lang='lat' dir='ltr'><em>haec</em></span> <span class='ocrx_word' id='word_1_51' title='bbox 1200 433 1366 472; x_wconf 76' lang='lat' dir='ltr'><em>curavit</em></span> <span class='ocrx_word' id='word_1_52' title='bbox 1387 431 1613 473; x_wconf 74' lang='lat' dir='ltr'><em>scribenda</em></span> <span class='ocrx_word' id='word_1_53' title='bbox 1636 431 1686 472; x_wconf 81' lang='lat' dir='ltr'><em>(le</em></span> <span class='ocrx_word' id='word_1_54' title='bbox 1705 430 1847 484; x_wconf 78' lang='lat' dir='ltr'><em>facul-</em></span> 
     </span>
     <span class='ocr_line' id='line_1_7' title="bbox 78 496 1584 552; baseline -0.001 -14"><span class='ocrx_word' id='word_1_55' title='bbox 78 497 233 539; x_wconf 79' lang='lat' dir='ltr'><em>tatibus</em></span> <span class='ocrx_word' id='word_1_56' title='bbox 260 512 340 552; x_wconf 73' lang='lat' dir='ltr'><em>per</em></span> <span class='ocrx_word' id='word_1_57' title='bbox 371 512 414 539; x_wconf 89' lang='lat' dir='ltr'><em>se</em></span> <span class='ocrx_word' id='word_1_58' title='bbox 447 503 483 539; x_wconf 85' lang='lat' dir='ltr'><em>et</em></span> <span class='ocrx_word' id='word_1_59' title='bbox 517 498 740 539; x_wconf 76' lang='lat' dir='ltr'><em>Canisium</em></span> <span class='ocrx_word' id='word_1_60' title='bbox 773 511 799 538; x_wconf 87' lang='lat' dir='ltr'><em>a</em></span> <span class='ocrx_word' id='word_1_61' title='bbox 831 498 875 539; x_wconf 82' lang='lat' dir='ltr'><em>S.</em></span> <span class='ocrx_word' id='word_1_62' title='bbox 909 497 988 538; x_wconf 73' lang='lat' dir='ltr'><em>Pio</em></span> <span class='ocrx_word' id='word_1_63' title='bbox 1022 496 1066 537; x_wconf 82' lang='lat' dir='ltr'><em>V.</em></span> <span class='ocrx_word' id='word_1_64' title='bbox 1100 497 1291 550; x_wconf 79' lang='lat' dir='ltr'><em>pontifice</em></span> <span class='ocrx_word' id='word_1_65' title='bbox 1324 497 1584 550; x_wconf 72' lang='lat' dir='ltr'><em>impetratis:</em></span> 
     </span>
    </p>

    <p class='ocr_par' dir='ltr' id='par_1_4' title="bbox 77 559 1852 1135">
     <span class='ocr_line' id='line_1_8' title="bbox 197 559 1848 613; baseline -0.001 -10"><span class='ocrx_word' id='word_1_66' title='bbox 197 561 279 603; x_wconf 90' lang='lat' dir='ltr'><em>Die</em></span> <span class='ocrx_word' id='word_1_67' title='bbox 302 564 372 605; x_wconf 84' lang='lat'><em>22.</em></span> <span class='ocrx_word' id='word_1_68' title='bbox 395 561 656 604; x_wconf 89' lang='lat' dir='ltr'><em>Nouembris</em></span> <span class='ocrx_word' id='word_1_69' title='bbox 688 563 842 604; x_wconf 69' lang='lat'>,1568³</span> <span class='ocrx_word' id='word_1_70' title='bbox 874 561 977 603; x_wconf 87' lang='lat' dir='ltr'><em>Cum</em></span> <span class='ocrx_word' id='word_1_71' title='bbox 1002 561 1048 603; x_wconf 91' lang='lat' dir='ltr'><em>P.</em></span> <span class='ocrx_word' id='word_1_72' title='bbox 1073 560 1269 602; x_wconf 88' lang='lat' dir='ltr'><em>Canisius</em></span> <span class='ocrx_word' id='word_1_73' title='bbox 1292 564 1335 603; x_wconf 90' lang='lat' dir='ltr'><em>et</em></span> <span class='ocrx_word' id='word_1_74' title='bbox 1358 574 1438 613; x_wconf 84' lang='lat' dir='ltr'><em>ego</em></span> <span class='ocrx_word' id='word_1_75' title='bbox 1461 575 1675 602; x_wconf 89' lang='lat' dir='ltr'><em>summum</em></span> <span class='ocrx_word' id='word_1_76' title='bbox 1698 559 1848 603; x_wconf 91' lang='lat' dir='ltr'><em>Ponti-</em></span> 
     </span>
     <span class='ocr_line' id='line_1_9' title="bbox 79 625 1849 681; baseline -0.001 -13"><span class='ocrx_word' id='word_1_77' title='bbox 79 628 201 668; x_wconf 91' lang='lat' dir='ltr'><em>ficem</em></span> <span class='ocrx_word' id='word_1_78' title='bbox 220 626 437 669; x_wconf 89' lang='lat' dir='ltr'><em>adiremus</em></span> <span class='ocrx_word' id='word_1_79' title='bbox 454 629 553 681; x_wconf 90' lang='lat' dir='ltr'><em>post</em></span> <span class='ocrx_word' id='word_1_80' title='bbox 571 627 793 669; x_wconf 89' lang='lat' dir='ltr'><em>obtentam</em></span> <span class='ocrx_word' id='word_1_81' title='bbox 813 626 866 668; x_wconf 89' lang='lat' dir='ltr'><em>ab</em></span> <span class='ocrx_word' id='word_1_82' title='bbox 884 625 991 680; x_wconf 90' lang='lat' dir='ltr'><em>ipso,</em></span> <span class='ocrx_word' id='word_1_83' title='bbox 1010 625 1267 668; x_wconf 73' lang='lat' dir='ltr'><em>facultatem</em></span> <span class='ocrx_word' id='word_1_84' title='bbox 1286 625 1491 667; x_wconf 89' lang='lat' dir='ltr'><em>redeundi</em></span> <span class='ocrx_word' id='word_1_85' title='bbox 1509 625 1552 666; x_wconf 94' lang='lat' dir='ltr'><em>in</em></span> <span class='ocrx_word' id='word_1_86' title='bbox 1572 625 1849 667; x_wconf 80' lang='lat' dir='ltr'><em>Germaniam</em></span> 
     </span>
     <span class='ocr_line' id='line_1_10' title="bbox 80 689 1849 745; baseline -0.001 -13"><span class='ocrx_word' id='word_1_87' title='bbox 80 705 130 733; x_wconf 89' lang='lat' dir='ltr'><em>ac</em></span> <span class='ocrx_word' id='word_1_88' title='bbox 149 691 492 734; x_wconf 77' lang='lat' dir='ltr'><em>benedictionem</em></span> <span class='ocrx_word' id='word_1_89' title='bbox 507 693 534 741; x_wconf 83' lang='lat'><em>1,</em></span> <span class='ocrx_word' id='word_1_90' title='bbox 559 690 898 745; x_wconf 89' lang='lat' dir='ltr'><em>supplicauimus</em></span> <span class='ocrx_word' id='word_1_91' title='bbox 921 693 969 733; x_wconf 92' lang='lat' dir='ltr'><em>ut</em></span> <span class='ocrx_word' id='word_1_92' title='bbox 991 689 1218 732; x_wconf 81' lang='lat' dir='ltr'><em>societatib</em></span> <span class='ocrx_word' id='word_1_93' title='bbox 1240 690 1498 732; x_wconf 82' lang='lat' dir='ltr'><em>concederet</em></span> <span class='ocrx_word' id='word_1_94' title='bbox 1520 690 1563 731; x_wconf 92' lang='lat' dir='ltr'><em>in</em></span> <span class='ocrx_word' id='word_1_95' title='bbox 1586 690 1849 744; x_wconf 86' lang='lat' dir='ltr'><em>septentrio-</em></span> 
     </span>
     <span class='ocr_line' id='line_1_11' title="bbox 77 754 1849 809; baseline 0 -13"><span class='ocrx_word' id='word_1_96' title='bbox 77 755 248 797; x_wconf 87' lang='lat' dir='ltr'><em>nalibus</em></span> <span class='ocrx_word' id='word_1_97' title='bbox 281 756 386 797; x_wconf 88' lang='lat' dir='ltr'><em>locis</em></span> <span class='ocrx_word' id='word_1_98' title='bbox 420 755 590 809; x_wconf 89' lang='lat' dir='ltr'><em>(quales</em></span> <span class='ocrx_word' id='word_1_99' title='bbox 622 758 723 798; x_wconf 88' lang='lat' dir='ltr'><em>sunt</em></span> <span class='ocrx_word' id='word_1_100' title='bbox 757 755 1016 798; x_wconf 78' lang='lat' dir='ltr'><em>Germaniae</em></span> <span class='ocrx_word' id='word_1_101' title='bbox 1050 757 1093 798; x_wconf 91' lang='lat' dir='ltr'><em>et</em></span> <span class='ocrx_word' id='word_1_102' title='bbox 1127 754 1296 796; x_wconf 85' lang='lat' dir='ltr'><em>Galliae</em></span> <span class='ocrx_word' id='word_1_103' title='bbox 1330 755 1446 807; x_wconf 88' lang='lat' dir='ltr'><em>.etc.)</em></span> <span class='ocrx_word' id='word_1_104' title='bbox 1470 755 1728 797; x_wconf 74' lang='lat' dir='ltr'><em>facultatem</em></span> <span class='ocrx_word' id='word_1_105' title='bbox 1762 754 1849 796; x_wconf 89' lang='lat' dir='ltr'><em>dis-</em></span> 
     </span>
     <span class='ocr_line' id='line_1_12' title="bbox 80 819 1850 874; baseline -0.001 -12"><span class='ocrx_word' id='word_1_106' title='bbox 80 820 289 874; x_wconf 88' lang='lat' dir='ltr'><em>pensandi</em></span> <span class='ocrx_word' id='word_1_107' title='bbox 321 835 451 874; x_wconf 89' lang='lat' dir='ltr'><em>super</em></span> <span class='ocrx_word' id='word_1_108' title='bbox 482 821 821 874; x_wconf 80' lang='lat' dir='ltr'><em>irregularitate,</em></span> <span class='ocrx_word' id='word_1_109' title='bbox 865 835 961 862; x_wconf 90' lang='lat' dir='ltr'><em>cum</em></span> <span class='ocrx_word' id='word_1_110' title='bbox 994 820 1080 861; x_wconf 89' lang='lat' dir='ltr'><em>illis</em></span> <span class='ocrx_word' id='word_1_111' title='bbox 1112 819 1184 872; x_wconf 91' lang='lat' dir='ltr'><em>qui</em></span> <span class='ocrx_word' id='word_1_112' title='bbox 1224 819 1268 861; x_wconf 91' lang='lat' dir='ltr'><em>in</em></span> <span class='ocrx_word' id='word_1_113' title='bbox 1300 834 1396 862; x_wconf 89' lang='lat' dir='ltr'><em>eam</em></span> <span class='ocrx_word' id='word_1_114' title='bbox 1428 819 1684 862; x_wconf 78' lang='lat' dir='ltr'><em>incidissent</em></span> <span class='ocrx_word' id='word_1_115' title='bbox 1720 833 1850 874; x_wconf 86' lang='lat' dir='ltr'><em>prop-</em></span> 
     </span>
     <span class='ocr_line' id='line_1_13' title="bbox 81 884 1852 940; baseline -0.001 -13"><span class='ocrx_word' id='word_1_116' title='bbox 81 884 225 939; x_wconf 88' lang='lat' dir='ltr'><em>[terea</em></span> <span class='ocrx_word' id='word_1_117' title='bbox 266 884 424 940; x_wconf 77' lang='lat' dir='ltr'><em>qu]0dc</em></span> <span class='ocrx_word' id='word_1_118' title='bbox 455 900 604 928; x_wconf 88' lang='lat' dir='ltr'><em>sacros</em></span> <span class='ocrx_word' id='word_1_119' title='bbox 637 886 822 936; x_wconf 81' lang='lat' dir='ltr'><em>ordines,</em></span> <span class='ocrx_word' id='word_1_120' title='bbox 866 885 1052 927; x_wconf 81' lang='lat' dir='ltr'><em>irretitid</em></span> <span class='ocrx_word' id='word_1_121' title='bbox 1085 884 1278 926; x_wconf 86' lang='lat' dir='ltr'><em>censuris</em></span> <span class='ocrx_word' id='word_1_122' title='bbox 1311 885 1613 928; x_wconf 85' lang='lat' dir='ltr'><em>exercuissent</em></span> <span class='ocrx_word' id='word_1_123' title='bbox 1627 886 1657 935; x_wconf 81' lang='lat'><em>2,</em></span> <span class='ocrx_word' id='word_1_124' title='bbox 1691 899 1769 939; x_wconf 91' lang='lat' dir='ltr'><em>pro</em></span> <span class='ocrx_word' id='word_1_125' title='bbox 1802 886 1852 927; x_wconf 90' lang='lat' dir='ltr'><em>ut</em></span> 
     </span>
     <span class='ocr_line' id='line_1_14' title="bbox 80 950 1852 1004; baseline 0 -12"><span class='ocrx_word' id='word_1_126' title='bbox 80 951 164 992; x_wconf 93' lang='lat' dir='ltr'><em>illis</em></span> <span class='ocrx_word' id='word_1_127' title='bbox 197 951 355 993; x_wconf 86' lang='lat' dir='ltr'><em>accidit</em></span> <span class='ocrx_word' id='word_1_128' title='bbox 396 951 469 1004; x_wconf 84' lang='lat' dir='ltr'><em>qui</em></span> <span class='ocrx_word' id='word_1_129' title='bbox 510 952 563 993; x_wconf 89' lang='lat' dir='ltr'><em>ob</em></span> <span class='ocrx_word' id='word_1_130' title='bbox 605 951 834 993; x_wconf 88' lang='lat' dir='ltr'><em>lectionem</em></span> <span class='ocrx_word' id='word_1_131' title='bbox 877 951 1085 992; x_wconf 87' lang='lat' dir='ltr'><em>librorum</em></span> <span class='ocrx_word' id='word_1_132' title='bbox 1127 950 1446 992; x_wconf 87' lang='lat' dir='ltr'><em>haereticorum</em></span> <span class='ocrx_word' id='word_1_133' title='bbox 1479 952 1523 992; x_wconf 93' lang='lat' dir='ltr'><em>in</em></span> <span class='ocrx_word' id='word_1_134' title='bbox 1556 950 1852 992; x_wconf 85' lang='lat' dir='ltr'><em>excommuni-</em></span> 
     </span>
     <span class='ocr_line' id='line_1_15' title="bbox 80 1015 1852 1070; baseline -0.001 -12"><span class='ocrx_word' id='word_1_135' title='bbox 80 1015 296 1058; x_wconf 86' lang='lat' dir='ltr'><em>cationem</em></span> <span class='ocrx_word' id='word_1_136' title='bbox 336 1016 530 1058; x_wconf 89' lang='lat' dir='ltr'><em>incidunt</em></span> <span class='ocrx_word' id='word_1_137' title='bbox 546 1017 575 1065; x_wconf 78' lang='lat'><em>3,</em></span> <span class='ocrx_word' id='word_1_138' title='bbox 620 1020 664 1059; x_wconf 91' lang='lat' dir='ltr'><em>et</em></span> <span class='ocrx_word' id='word_1_139' title='bbox 705 1016 1032 1070; x_wconf 85' lang='lat' dir='ltr'><em>suspensionem</em></span> <span class='ocrx_word' id='word_1_140' title='bbox 1074 1018 1119 1058; x_wconf 90' lang='lat' dir='ltr'><em>et</em></span> <span class='ocrx_word' id='word_1_141' title='bbox 1159 1016 1292 1058; x_wconf 88' lang='lat' dir='ltr'><em>nihilo</em></span> <span class='ocrx_word' id='word_1_142' title='bbox 1327 1016 1468 1058; x_wconf 89' lang='lat' dir='ltr'><em>minus</em></span> <span class='ocrx_word' id='word_1_143' title='bbox 1501 1016 1739 1058; x_wconf 86' lang='lat' dir='ltr'><em>celebrant.</em></span> <span class='ocrx_word' id='word_1_144' title='bbox 1803 1015 1852 1057; x_wconf 88' lang='lat' dir='ltr'><em>Id</em></span> 
     </span>
     <span class='ocr_line' id='line_1_16' title="bbox 80 1081 1076 1135; baseline 0 -12"><span class='ocrx_word' id='word_1_145' title='bbox 80 1083 227 1123; x_wconf 89' lang='lat' dir='ltr'><em>autem</em></span> <span class='ocrx_word' id='word_1_146' title='bbox 259 1084 389 1134; x_wconf 89' lang='lat' dir='ltr'><em>prout</em></span> <span class='ocrx_word' id='word_1_147' title='bbox 420 1081 655 1135; x_wconf 86' lang='lat' dir='ltr'><em>petebatur</em></span> <span class='ocrx_word' id='word_1_148' title='bbox 688 1095 940 1123; x_wconf 87' lang='lat' dir='ltr'><em>concessum</em></span> <span class='ocrx_word' id='word_1_149' title='bbox 975 1083 1076 1124; x_wconf 58' lang='lat' dir='ltr'><em>este.</em></span> 
     </span>
    </p>

    <p class='ocr_par' dir='ltr' id='par_1_5' title="bbox 79 1145 1858 2170">
     <span class='ocr_line' id='line_1_17' title="bbox 199 1145 1852 1201; baseline 0 -14"><span class='ocrx_word' id='word_1_150' title='bbox 199 1145 365 1187; x_wconf 89' lang='lat' dir='ltr'><em>Deinde</em></span> <span class='ocrx_word' id='word_1_151' title='bbox 405 1160 483 1200; x_wconf 88' lang='lat' dir='ltr'><em>pro</em></span> <span class='ocrx_word' id='word_1_152' title='bbox 525 1146 592 1188; x_wconf 92' lang='lat' dir='ltr'><em>his</em></span> <span class='ocrx_word' id='word_1_153' title='bbox 634 1147 705 1199; x_wconf 89' lang='lat' dir='ltr'><em>qui</em></span> <span class='ocrx_word' id='word_1_154' title='bbox 746 1146 1000 1200; x_wconf 80' lang='lat' dir='ltr'><em>ignoranter</em></span> <span class='ocrx_word' id='word_1_155' title='bbox 1042 1149 1118 1189; x_wconf 87' lang='lat' dir='ltr'><em>aut</em></span> <span class='ocrx_word' id='word_1_156' title='bbox 1159 1147 1328 1189; x_wconf 88' lang='lat' dir='ltr'><em>occulte</em></span> <span class='ocrx_word' id='word_1_157' title='bbox 1369 1149 1624 1201; x_wconf 85' lang='lat' dir='ltr'><em>perpetrata</em></span> <span class='ocrx_word' id='word_1_158' title='bbox 1657 1145 1852 1196; x_wconf 86' lang='lat' dir='ltr'><em>simonia,</em></span> 
     </span>
     <span class='ocr_line' id='line_1_18' title="bbox 79 1211 1855 1266; baseline 0 -13"><span class='ocrx_word' id='word_1_159' title='bbox 79 1211 287 1253; x_wconf 88' lang='lat' dir='ltr'><em>beneficia</em></span> <span class='ocrx_word' id='word_1_160' title='bbox 320 1211 619 1254; x_wconf 89' lang='lat' dir='ltr'><em>ecclesiastica</em></span> <span class='ocrx_word' id='word_1_161' title='bbox 652 1211 900 1254; x_wconf 82' lang='lat' dir='ltr'><em>obtinerent</em></span> <span class='ocrx_word' id='word_1_162' title='bbox 940 1211 983 1253; x_wconf 92' lang='lat' dir='ltr'><em>in</em></span> <span class='ocrx_word' id='word_1_163' title='bbox 1024 1211 1260 1266; x_wconf 87' lang='lat' dir='ltr'><em>praedictis</em></span> <span class='ocrx_word' id='word_1_164' title='bbox 1301 1212 1420 1261; x_wconf 89' lang='lat' dir='ltr'><em>locis,</em></span> <span class='ocrx_word' id='word_1_165' title='bbox 1464 1212 1754 1266; x_wconf 83' lang='lat' dir='ltr'><em>supplicatum</em></span> <span class='ocrx_word' id='word_1_166' title='bbox 1787 1214 1855 1254; x_wconf 90' lang='lat' dir='ltr'><em>est</em></span> 
     </span>
     <span class='ocr_line' id='line_1_19' title="bbox 81 1275 1855 1331; baseline 0.001 -13"><span class='ocrx_word' id='word_1_167' title='bbox 81 1276 219 1318; x_wconf 90' lang='lat' dir='ltr'><em>eidem</em></span> <span class='ocrx_word' id='word_1_168' title='bbox 253 1276 435 1318; x_wconf 90' lang='lat' dir='ltr'><em>Domino</em></span> <span class='ocrx_word' id='word_1_169' title='bbox 468 1276 646 1327; x_wconf 86' lang='lat' dir='ltr'><em>Nostro,</em></span> <span class='ocrx_word' id='word_1_170' title='bbox 681 1280 729 1319; x_wconf 93' lang='lat' dir='ltr'><em>ut</em></span> <span class='ocrx_word' id='word_1_171' title='bbox 762 1275 982 1331; x_wconf 74' lang='lat' dir='ltr'><em>ea[dem]f</em></span> <span class='ocrx_word' id='word_1_172' title='bbox 1010 1276 1199 1318; x_wconf 88' lang='lat' dir='ltr'><em>retinere</em></span> <span class='ocrx_word' id='word_1_173' title='bbox 1230 1279 1411 1331; x_wconf 90' lang='lat' dir='ltr'><em>possent</em></span> <span class='ocrx_word' id='word_1_174' title='bbox 1444 1280 1539 1320; x_wconf 84' lang='lat' dir='ltr'><em>‚etc.</em></span> <span class='ocrx_word' id='word_1_175' title='bbox 1600 1277 1753 1319; x_wconf 88' lang='lat' dir='ltr'><em>Visum</em></span> <span class='ocrx_word' id='word_1_176' title='bbox 1787 1279 1855 1319; x_wconf 89' lang='lat' dir='ltr'><em>est</em></span> 
     </span>
     <span class='ocr_line' id='line_1_20' title="bbox 80 1342 1855 1395; baseline -0.001 -11"><span class='ocrx_word' id='word_1_177' title='bbox 80 1345 227 1385; x_wconf 87' lang='lat' dir='ltr'><em>tamen</em></span> <span class='ocrx_word' id='word_1_178' title='bbox 260 1355 364 1384; x_wconf 89' lang='lat' dir='ltr'><em>suae</em></span> <span class='ocrx_word' id='word_1_179' title='bbox 397 1342 623 1384; x_wconf 86' lang='lat' dir='ltr'><em>sanctitati</em></span> <span class='ocrx_word' id='word_1_180' title='bbox 661 1342 764 1384; x_wconf 87' lang='lat' dir='ltr'><em>licet</em></span> <span class='ocrx_word' id='word_1_181' title='bbox 796 1345 1113 1384; x_wconf 75' lang='lat' dir='ltr'><em>excusarentur</em></span> <span class='ocrx_word' id='word_1_182' title='bbox 1145 1342 1216 1395; x_wconf 90' lang='lat' dir='ltr'><em>qui</em></span> <span class='ocrx_word' id='word_1_183' title='bbox 1248 1342 1504 1395; x_wconf 82' lang='lat' dir='ltr'><em>ignoranter</em></span> <span class='ocrx_word' id='word_1_184' title='bbox 1536 1342 1781 1385; x_wconf 85' lang='lat' dir='ltr'><em>inciderant</em></span> <span class='ocrx_word' id='word_1_185' title='bbox 1811 1342 1855 1383; x_wconf 91' lang='lat' dir='ltr'><em>in</em></span> 
     </span>
     <span class='ocr_line' id='line_1_21' title="bbox 83 1407 1854 1461; baseline 0 -12"><span class='ocrx_word' id='word_1_186' title='bbox 83 1407 330 1458; x_wconf 82' lang='lat' dir='ltr'><em>Simoniam,</em></span> <span class='ocrx_word' id='word_1_187' title='bbox 365 1421 461 1448; x_wconf 89' lang='lat' dir='ltr'><em>cum</em></span> <span class='ocrx_word' id='word_1_188' title='bbox 488 1410 635 1449; x_wconf 87' lang='lat' dir='ltr'><em>tamen</em></span> <span class='ocrx_word' id='word_1_189' title='bbox 658 1407 725 1448; x_wconf 75' lang='lat' dir='ltr'><em>idg</em></span> <span class='ocrx_word' id='word_1_190' title='bbox 747 1407 809 1449; x_wconf 87' lang='lat' dir='ltr'><em>eis</em></span> <span class='ocrx_word' id='word_1_191' title='bbox 832 1408 1139 1458; x_wconf 86' lang='lat' dir='ltr'><em>innotesceret,</em></span> <span class='ocrx_word' id='word_1_192' title='bbox 1174 1407 1383 1449; x_wconf 88' lang='lat' dir='ltr'><em>beneficia</em></span> <span class='ocrx_word' id='word_1_193' title='bbox 1405 1408 1651 1461; x_wconf 84' lang='lat' dir='ltr'><em>relinquere</em></span> <span class='ocrx_word' id='word_1_194' title='bbox 1675 1408 1854 1457; x_wconf 73' lang='lat' dir='ltr'><em>debere3</em></span> 
     </span>
     <span class='ocr_line' id='line_1_22' title="bbox 81 1473 1855 1527; baseline 0 -13"><span class='ocrx_word' id='word_1_195' title='bbox 81 1473 158 1515; x_wconf 88' lang='lat' dir='ltr'><em>sed</em></span> <span class='ocrx_word' id='word_1_196' title='bbox 192 1487 287 1514; x_wconf 90' lang='lat' dir='ltr'><em>cum</em></span> <span class='ocrx_word' id='word_1_197' title='bbox 320 1475 568 1527; x_wconf 85' lang='lat' dir='ltr'><em>peteremus</em></span> <span class='ocrx_word' id='word_1_198' title='bbox 601 1473 702 1526; x_wconf 90' lang='lat' dir='ltr'><em>quid</em></span> <span class='ocrx_word' id='word_1_199' title='bbox 734 1473 857 1514; x_wconf 90' lang='lat' dir='ltr'><em>nobis</em></span> <span class='ocrx_word' id='word_1_200' title='bbox 890 1473 1106 1526; x_wconf 83' lang='lat' dir='ltr'><em>agendum</em></span> <span class='ocrx_word' id='word_1_201' title='bbox 1130 1475 1247 1515; x_wconf 90' lang='lat' dir='ltr'><em>esset</em></span> <span class='ocrx_word' id='word_1_202' title='bbox 1280 1487 1376 1515; x_wconf 85' lang='lat' dir='ltr'><em>cum</em></span> <span class='ocrx_word' id='word_1_203' title='bbox 1400 1473 1750 1515; x_wconf 87' lang='lat' dir='ltr'><em>adolescentibus</em></span> <span class='ocrx_word' id='word_1_204' title='bbox 1783 1474 1855 1526; x_wconf 90' lang='lat' dir='ltr'><em>qui</em></span> 
     </span>
     <span class='ocr_line' id='line_1_23' title="bbox 82 1538 1856 1593; baseline -0.001 -13"><span class='ocrx_word' id='word_1_205' title='bbox 82 1538 160 1580; x_wconf 89' lang='lat' dir='ltr'><em>sub</em></span> <span class='ocrx_word' id='word_1_206' title='bbox 205 1541 379 1592; x_wconf 88' lang='lat' dir='ltr'><em>patrum</em></span> <span class='ocrx_word' id='word_1_207' title='bbox 421 1540 568 1580; x_wconf 87' lang='lat' dir='ltr'><em>essent</em></span> <span class='ocrx_word' id='word_1_208' title='bbox 612 1540 855 1592; x_wconf 88' lang='lat' dir='ltr'><em>potestate,</em></span> <span class='ocrx_word' id='word_1_209' title='bbox 903 1553 1084 1592; x_wconf 88' lang='lat' dir='ltr'><em>quorum</em></span> <span class='ocrx_word' id='word_1_210' title='bbox 1130 1552 1264 1593; x_wconf 89' lang='lat' dir='ltr'><em>opera</em></span> <span class='ocrx_word' id='word_1_211' title='bbox 1309 1538 1458 1580; x_wconf 86' lang='lat' dir='ltr'><em>forsan</em></span> <span class='ocrx_word' id='word_1_212' title='bbox 1502 1538 1735 1580; x_wconf 89' lang='lat' dir='ltr'><em>simoniace</em></span> <span class='ocrx_word' id='word_1_213' title='bbox 1780 1538 1856 1580; x_wconf 92' lang='lat' dir='ltr'><em>ob-</em></span> 
     </span>
     <span class='ocr_line' id='line_1_24' title="bbox 81 1603 1856 1657; baseline -0.001 -11"><span class='ocrx_word' id='word_1_214' title='bbox 81 1603 315 1646; x_wconf 88' lang='lat' dir='ltr'><em>tinuissent</em></span> <span class='ocrx_word' id='word_1_215' title='bbox 346 1604 568 1655; x_wconf 87' lang='lat' dir='ltr'><em>beneficia,</em></span> <span class='ocrx_word' id='word_1_216' title='bbox 603 1617 714 1657; x_wconf 85' lang='lat' dir='ltr'><em>quae</em></span> <span class='ocrx_word' id='word_1_217' title='bbox 747 1603 839 1645; x_wconf 89' lang='lat' dir='ltr'><em>sine</em></span> <span class='ocrx_word' id='word_1_218' title='bbox 870 1604 1104 1645; x_wconf 88' lang='lat' dir='ltr'><em>eorundem</em></span> <span class='ocrx_word' id='word_1_219' title='bbox 1129 1617 1342 1645; x_wconf 88' lang='lat' dir='ltr'><em>consensu</em></span> <span class='ocrx_word' id='word_1_220' title='bbox 1366 1604 1588 1646; x_wconf 88' lang='lat' dir='ltr'><em>commode</em></span> <span class='ocrx_word' id='word_1_221' title='bbox 1611 1604 1856 1657; x_wconf 88' lang='lat' dir='ltr'><em>relinquere</em></span> 
     </span>
     <span class='ocr_line' id='line_1_25' title="bbox 82 1669 1857 1723; baseline 0 -12"><span class='ocrx_word' id='word_1_222' title='bbox 82 1684 167 1711; x_wconf 89' lang='lat' dir='ltr'><em>non</em></span> <span class='ocrx_word' id='word_1_223' title='bbox 208 1672 401 1723; x_wconf 88' lang='lat' dir='ltr'><em>possent,</em></span> <span class='ocrx_word' id='word_1_224' title='bbox 444 1672 489 1711; x_wconf 89' lang='lat' dir='ltr'><em>et</em></span> <span class='ocrx_word' id='word_1_225' title='bbox 521 1683 576 1711; x_wconf 89' lang='lat' dir='ltr'><em>an</em></span> <span class='ocrx_word' id='word_1_226' title='bbox 610 1669 904 1711; x_wconf 86' lang='lat' dir='ltr'><em>confessiones</em></span> <span class='ocrx_word' id='word_1_227' title='bbox 937 1669 1181 1711; x_wconf 87' lang='lat' dir='ltr'><em>huiusmodi</em></span> <span class='ocrx_word' id='word_1_228' title='bbox 1214 1669 1540 1712; x_wconf 85' lang='lat' dir='ltr'><em>adolescentum</em></span> <span class='ocrx_word' id='word_1_229' title='bbox 1573 1669 1723 1712; x_wconf 82' lang='lat' dir='ltr'><em>audire</em></span> <span class='ocrx_word' id='word_1_230' title='bbox 1756 1683 1857 1723; x_wconf 91' lang='lat' dir='ltr'><em>pos-</em></span> 
     </span>
     <span class='ocr_line' id='line_1_26' title="bbox 83 1734 1856 1789; baseline 0 -13"><span class='ocrx_word' id='word_1_231' title='bbox 83 1749 241 1786; x_wconf 86' lang='lat' dir='ltr'><em>semus,</em></span> <span class='ocrx_word' id='word_1_232' title='bbox 275 1749 359 1776; x_wconf 91' lang='lat' dir='ltr'><em>non</em></span> <span class='ocrx_word' id='word_1_233' title='bbox 382 1734 545 1777; x_wconf 87' lang='lat' dir='ltr'><em>relictis</em></span> <span class='ocrx_word' id='word_1_234' title='bbox 568 1735 786 1788; x_wconf 86' lang='lat' dir='ltr'><em>beneficijs</em></span> <span class='ocrx_word' id='word_1_235' title='bbox 801 1738 820 1776; x_wconf 72' lang='lat' dir='ltr'><em>i&gt;</em></span> <span class='ocrx_word' id='word_1_236' title='bbox 868 1735 1122 1789; x_wconf 85' lang='lat' dir='ltr'><em>Respondit,</em></span> <span class='ocrx_word' id='word_1_237' title='bbox 1152 1735 1265 1788; x_wconf 88' lang='lat' dir='ltr'><em>quod</em></span> <span class='ocrx_word' id='word_1_238' title='bbox 1288 1749 1514 1789; x_wconf 89' lang='lat' dir='ltr'><em>possemus</em></span> <span class='ocrx_word' id='word_1_239' title='bbox 1537 1735 1687 1777; x_wconf 87' lang='lat' dir='ltr'><em>audire</em></span> <span class='ocrx_word' id='word_1_240' title='bbox 1709 1735 1856 1776; x_wconf 90' lang='lat' dir='ltr'><em>huius-</em></span> 
     </span>
     <span class='ocr_line' id='line_1_27' title="bbox 85 1800 1855 1854; baseline 0.001 -13"><span class='ocrx_word' id='word_1_241' title='bbox 85 1800 199 1842; x_wconf 88' lang='lat' dir='ltr'><em>modi</em></span> <span class='ocrx_word' id='word_1_242' title='bbox 238 1800 441 1842; x_wconf 89' lang='lat' dir='ltr'><em>iuuenum</em></span> <span class='ocrx_word' id='word_1_243' title='bbox 475 1800 781 1851; x_wconf 86' lang='lat' dir='ltr'><em>confessiones,</em></span> <span class='ocrx_word' id='word_1_244' title='bbox 826 1800 1031 1854; x_wconf 86' lang='lat' dir='ltr'><em>quamdiu</em></span> <span class='ocrx_word' id='word_1_245' title='bbox 1073 1801 1133 1842; x_wconf 91' lang='lat' dir='ltr'><em>illi</em></span> <span class='ocrx_word' id='word_1_246' title='bbox 1172 1801 1251 1842; x_wconf 90' lang='lat' dir='ltr'><em>sub</em></span> <span class='ocrx_word' id='word_1_247' title='bbox 1293 1803 1523 1854; x_wconf 85' lang='lat' dir='ltr'><em>parentum</em></span> <span class='ocrx_word' id='word_1_248' title='bbox 1557 1803 1706 1842; x_wconf 88' lang='lat' dir='ltr'><em>essent</em></span> <span class='ocrx_word' id='word_1_249' title='bbox 1738 1815 1855 1851; x_wconf 84' lang='lat' dir='ltr'><em>cura,</em></span> 
     </span>
     <span class='ocr_line' id='line_1_28' title="bbox 84 1866 1858 1920; baseline 0.001 -14"><span class='ocrx_word' id='word_1_250' title='bbox 84 1866 313 1907; x_wconf 87' lang='lat' dir='ltr'><em>dummodo</em></span> <span class='ocrx_word' id='word_1_251' title='bbox 347 1879 442 1907; x_wconf 89' lang='lat' dir='ltr'><em>cum</em></span> <span class='ocrx_word' id='word_1_252' title='bbox 475 1866 541 1907; x_wconf 92' lang='lat' dir='ltr'><em>sui</em></span> <span class='ocrx_word' id='word_1_253' title='bbox 573 1866 678 1908; x_wconf 88' lang='lat' dir='ltr'><em>iuris</em></span> <span class='ocrx_word' id='word_1_254' title='bbox 712 1868 756 1908; x_wconf 91' lang='lat' dir='ltr'><em>et</em></span> <span class='ocrx_word' id='word_1_255' title='bbox 789 1869 917 1908; x_wconf 82' lang='lat' dir='ltr'><em>extra</em></span> <span class='ocrx_word' id='word_1_256' title='bbox 950 1880 1096 1908; x_wconf 86' lang='lat' dir='ltr'><em>curam</em></span> <span class='ocrx_word' id='word_1_257' title='bbox 1130 1868 1359 1920; x_wconf 90' lang='lat' dir='ltr'><em>parentum</em></span> <span class='ocrx_word' id='word_1_258' title='bbox 1389 1868 1549 1917; x_wconf 89' lang='lat' dir='ltr'><em>essent,</em></span> <span class='ocrx_word' id='word_1_259' title='bbox 1583 1866 1626 1908; x_wconf 89' lang='lat' dir='ltr'><em>id</em></span> <span class='ocrx_word' id='word_1_260' title='bbox 1659 1866 1858 1908; x_wconf 88' lang='lat' dir='ltr'><em>facerent</em></span> 
     </span>
     <span class='ocr_line' id='line_1_29' title="bbox 84 1931 1856 1986; baseline 0.001 -14"><span class='ocrx_word' id='word_1_261' title='bbox 84 1931 197 1985; x_wconf 88' lang='lat' dir='ltr'><em>quod</em></span> <span class='ocrx_word' id='word_1_262' title='bbox 242 1931 294 1972; x_wconf 89' lang='lat' dir='ltr'><em>de</em></span> <span class='ocrx_word' id='word_1_263' title='bbox 338 1931 430 1972; x_wconf 88' lang='lat' dir='ltr'><em>iure</em></span> <span class='ocrx_word' id='word_1_264' title='bbox 475 1931 683 1973; x_wconf 89' lang='lat' dir='ltr'><em>deberent</em></span> <span class='ocrx_word' id='word_1_265' title='bbox 726 1931 770 1972; x_wconf 88' lang='lat' dir='ltr'><em>in</em></span> <span class='ocrx_word' id='word_1_266' title='bbox 814 1931 1058 1973; x_wconf 88' lang='lat' dir='ltr'><em>huiusmodi</em></span> <span class='ocrx_word' id='word_1_267' title='bbox 1103 1932 1324 1986; x_wconf 89' lang='lat' dir='ltr'><em>beneficijs</em></span> <span class='ocrx_word' id='word_1_268' title='bbox 1369 1931 1603 1973; x_wconf 91' lang='lat' dir='ltr'><em>simoniace</em></span> <span class='ocrx_word' id='word_1_269' title='bbox 1648 1931 1810 1973; x_wconf 87' lang='lat' dir='ltr'><em>habitis</em></span> <span class='ocrx_word' id='word_1_270' title='bbox 1826 1932 1856 1974; x_wconf 81' lang='lat'><em>4.</em></span> 
     </span>
     <span class='ocr_line' id='line_1_30' title="bbox 83 1996 1857 2051; baseline 0.001 -14"><span class='ocrx_word' id='word_1_271' title='bbox 83 1997 238 2049; x_wconf 85' lang='lat' dir='ltr'><em>Itaque</em></span> <span class='ocrx_word' id='word_1_272' title='bbox 280 1996 483 2049; x_wconf 89' lang='lat' dir='ltr'><em>quamdiu</em></span> <span class='ocrx_word' id='word_1_273' title='bbox 521 2011 606 2038; x_wconf 93' lang='lat' dir='ltr'><em>non</em></span> <span class='ocrx_word' id='word_1_274' title='bbox 647 1999 827 2051; x_wconf 91' lang='lat' dir='ltr'><em>possent</em></span> <span class='ocrx_word' id='word_1_275' title='bbox 867 1997 1002 2039; x_wconf 90' lang='lat' dir='ltr'><em>libere</em></span> <span class='ocrx_word' id='word_1_276' title='bbox 1042 1997 1288 2050; x_wconf 88' lang='lat' dir='ltr'><em>relinquere</em></span> <span class='ocrx_word' id='word_1_277' title='bbox 1330 2000 1510 2051; x_wconf 91' lang='lat' dir='ltr'><em>propter</em></span> <span class='ocrx_word' id='word_1_278' title='bbox 1550 1999 1781 2051; x_wconf 89' lang='lat' dir='ltr'><em>parentum</em></span> <span class='ocrx_word' id='word_1_279' title='bbox 1814 1996 1857 2038; x_wconf 90' lang='lat' dir='ltr'><em>in</em></span> 
     </span>
     <span class='ocr_line' id='line_1_31' title="bbox 84 2061 1858 2112; baseline 0.001 -9"><span class='ocrx_word' id='word_1_280' title='bbox 84 2076 158 2103; x_wconf 92' lang='lat' dir='ltr'><em>eos</em></span> <span class='ocrx_word' id='word_1_281' title='bbox 200 2061 494 2112; x_wconf 86' lang='lat' dir='ltr'><em>autoritatem,</em></span> <span class='ocrx_word' id='word_1_282' title='bbox 539 2062 753 2104; x_wconf 89' lang='lat' dir='ltr'><em>concessit</em></span> <span class='ocrx_word' id='word_1_283' title='bbox 794 2066 842 2105; x_wconf 91' lang='lat' dir='ltr'><em>ut</em></span> <span class='ocrx_word' id='word_1_284' title='bbox 885 2063 999 2104; x_wconf 86' lang='lat' dir='ltr'><em>bona</em></span> <span class='ocrx_word' id='word_1_285' title='bbox 1041 2077 1135 2104; x_wconf 90' lang='lat' dir='ltr'><em>cum</em></span> <span class='ocrx_word' id='word_1_286' title='bbox 1179 2063 1444 2105; x_wconf 87' lang='lat' dir='ltr'><em>conscientia</em></span> <span class='ocrx_word' id='word_1_287' title='bbox 1476 2063 1586 2105; x_wconf 88' lang='lat' dir='ltr'><em>talia</em></span> <span class='ocrx_word' id='word_1_288' title='bbox 1617 2063 1858 2105; x_wconf 87' lang='lat' dir='ltr'><em>retinerent</em></span> 
     </span>
     <span class='ocr_line' id='line_1_32' title="bbox 85 2126 333 2170; baseline 0.008 -2"><span class='ocrx_word' id='word_1_289' title='bbox 85 2127 293 2169; x_wconf 87' lang='lat' dir='ltr'><em>beneficia</em></span> <span class='ocrx_word' id='word_1_290' title='bbox 305 2126 333 2170; x_wconf 80' lang='lat'><em>¹¹.</em></span> 
     </span>
    </p>

    <p class='ocr_par' dir='ltr' id='par_1_6' title="bbox 83 2192 1858 2443">
     <span class='ocr_line' id='line_1_33' title="bbox 201 2192 1856 2246; baseline 0.001 -13"><span class='ocrx_word' id='word_1_291' title='bbox 201 2192 349 2234; x_wconf 87' lang='lat' dir='ltr'><em>Tertio</em></span> <span class='ocrx_word' id='word_1_292' title='bbox 383 2207 478 2234; x_wconf 88' lang='lat' dir='ltr'><em>cum</em></span> <span class='ocrx_word' id='word_1_293' title='bbox 511 2192 832 2246; x_wconf 82' lang='lat' dir='ltr'><em>significaretur</em></span> <span class='ocrx_word' id='word_1_294' title='bbox 864 2193 1003 2235; x_wconf 89' lang='lat' dir='ltr'><em>eidem</em></span> <span class='ocrx_word' id='word_1_295' title='bbox 1036 2208 1204 2235; x_wconf 90' lang='lat' dir='ltr'><em>summo</em></span> <span class='ocrx_word' id='word_1_296' title='bbox 1237 2193 1450 2245; x_wconf 88' lang='lat' dir='ltr'><em>Pontifici,</em></span> <span class='ocrx_word' id='word_1_297' title='bbox 1486 2208 1566 2235; x_wconf 89' lang='lat' dir='ltr'><em>nos</em></span> <span class='ocrx_word' id='word_1_298' title='bbox 1598 2193 1641 2235; x_wconf 90' lang='lat' dir='ltr'><em>in</em></span> <span class='ocrx_word' id='word_1_299' title='bbox 1674 2192 1856 2246; x_wconf 82' lang='lat' dir='ltr'><em>singulis</em></span> 
     </span>
     <span class='ocr_line' id='line_1_34' title="bbox 83 2257 1856 2313; baseline 0.001 -15"><span class='ocrx_word' id='word_1_300' title='bbox 83 2257 280 2311; x_wconf 81' lang='lat' dir='ltr'><em>collegijs</em></span> <span class='ocrx_word' id='word_1_301' title='bbox 313 2271 368 2299; x_wconf 75' lang='lat' dir='ltr'><em>ex</em></span> <span class='ocrx_word' id='word_1_302' title='bbox 399 2257 535 2312; x_wconf 89' lang='lat' dir='ltr'><em>ipsius</em></span> <span class='ocrx_word' id='word_1_303' title='bbox 568 2259 845 2301; x_wconf 90' lang='lat' dir='ltr'><em>concessione</em></span> <span class='ocrx_word' id='word_1_304' title='bbox 879 2259 1039 2301; x_wconf 88' lang='lat' dir='ltr'><em>habere</em></span> <span class='ocrx_word' id='word_1_305' title='bbox 1072 2273 1200 2313; x_wconf 89' lang='lat' dir='ltr'><em>posse</em></span> <span class='ocrx_word' id='word_1_306' title='bbox 1232 2274 1362 2301; x_wconf 91' lang='lat' dir='ltr'><em>unum</em></span> <span class='ocrx_word' id='word_1_307' title='bbox 1393 2259 1580 2312; x_wconf 86' lang='lat' dir='ltr'><em>aliquem</em></span> <span class='ocrx_word' id='word_1_308' title='bbox 1604 2273 1659 2300; x_wconf 78' lang='lat' dir='ltr'><em>ex</em></span> <span class='ocrx_word' id='word_1_309' title='bbox 1682 2258 1856 2309; x_wconf 87' lang='lat' dir='ltr'><em>nostris,</em></span> 
     </span>
     <span class='ocr_line' id='line_1_35' title="bbox 84 2322 1858 2378; baseline 0.001 -14"><span class='ocrx_word' id='word_1_310' title='bbox 84 2323 155 2376; x_wconf 90' lang='lat' dir='ltr'><em>qui</em></span> <span class='ocrx_word' id='word_1_311' title='bbox 196 2322 453 2365; x_wconf 88' lang='lat' dir='ltr'><em>facultatem</em></span> <span class='ocrx_word' id='word_1_312' title='bbox 496 2322 678 2366; x_wconf 88' lang='lat' dir='ltr'><em>haberet</em></span> <span class='ocrx_word' id='word_1_313' title='bbox 710 2324 962 2366; x_wconf 86' lang='lat' dir='ltr'><em>absoluendi</em></span> <span class='ocrx_word' id='word_1_314' title='bbox 996 2339 1083 2376; x_wconf 89' lang='lat' dir='ltr'><em>eos,</em></span> <span class='ocrx_word' id='word_1_315' title='bbox 1128 2325 1200 2378; x_wconf 90' lang='lat' dir='ltr'><em>qui</em></span> <span class='ocrx_word' id='word_1_316' title='bbox 1240 2324 1496 2367; x_wconf 89' lang='lat' dir='ltr'><em>incidissent</em></span> <span class='ocrx_word' id='word_1_317' title='bbox 1532 2325 1576 2365; x_wconf 92' lang='lat' dir='ltr'><em>in</em></span> <span class='ocrx_word' id='word_1_318' title='bbox 1610 2338 1757 2366; x_wconf 86' lang='lat' dir='ltr'><em>casum</em></span> <span class='ocrx_word' id='word_1_319' title='bbox 1789 2337 1858 2365; x_wconf 89' lang='lat' dir='ltr'><em>re-</em></span> 
     </span>
     <span class='ocr_line' id='line_1_36' title="bbox 83 2388 1858 2443; baseline 0.001 -14"><span class='ocrx_word' id='word_1_320' title='bbox 83 2391 304 2430; x_wconf 89' lang='lat' dir='ltr'><em>seruatum</em></span> <span class='ocrx_word' id='word_1_321' title='bbox 327 2388 369 2429; x_wconf 92' lang='lat' dir='ltr'><em>in</em></span> <span class='ocrx_word' id='word_1_322' title='bbox 392 2389 511 2430; x_wconf 86' lang='lat' dir='ltr'><em>bulla</em></span> <span class='ocrx_word' id='word_1_323' title='bbox 529 2402 702 2439; x_wconf 89' lang='lat' dir='ltr'><em>coenae,</em></span> <span class='ocrx_word' id='word_1_324' title='bbox 726 2392 905 2443; x_wconf 88' lang='lat' dir='ltr'><em>propter</em></span> <span class='ocrx_word' id='word_1_325' title='bbox 921 2390 1129 2432; x_wconf 88' lang='lat' dir='ltr'><em>uiolatam</em></span> <span class='ocrx_word' id='word_1_326' title='bbox 1154 2390 1400 2432; x_wconf 87' lang='lat' dir='ltr'><em>libertatem</em></span> <span class='ocrx_word' id='word_1_327' title='bbox 1422 2394 1497 2432; x_wconf 89' lang='lat' dir='ltr'><em>aut</em></span> <span class='ocrx_word' id='word_1_328' title='bbox 1518 2389 1858 2431; x_wconf 89' lang='lat' dir='ltr'><em>iurisdictionem</em></span> 
     </span>
    </p>
   </div>
   <div class='ocr_carea' id='block_1_3' title="bbox 84 2463 1859 2580">
    <p class='ocr_par' dir='ltr' id='par_1_7' title="bbox 84 2463 1859 2580">
     <span class='ocr_line' id='line_1_37' title="bbox 203 2463 1858 2496; baseline 0.001 -10"><span class='ocrx_word' id='word_1_329' title='bbox 203 2463 230 2493; x_wconf 85' lang='lat' dir='ltr'><em>a)</em></span> <span class='ocrx_word' id='word_1_330' title='bbox 253 2463 308 2487; x_wconf 83' lang='lat' dir='ltr'><em>Hic</em></span> <span class='ocrx_word' id='word_1_331' title='bbox 328 2471 468 2487; x_wconf 74' lang='lat' dir='ltr'><em>numerus</em></span> <span class='ocrx_word' id='word_1_332' title='bbox 487 2471 581 2495; x_wconf 74' lang='lat' dir='ltr'><em>supra</em></span> <span class='ocrx_word' id='word_1_333' title='bbox 604 2471 717 2488; x_wconf 70' lang='lat' dir='ltr'><em>versum</em></span> <span class='ocrx_word' id='word_1_334' title='bbox 737 2464 868 2495; x_wconf 76' lang='lat' dir='ltr'><em>scriptus</em></span> <span class='ocrx_word' id='word_1_335' title='bbox 887 2467 936 2489; x_wconf 79' lang='lat' dir='ltr'><em>est.</em></span> <span class='ocrx_word' id='word_1_336' title='bbox 1017 2463 1047 2493; x_wconf 85' lang='lat' dir='ltr'><em>b)</em></span> <span class='ocrx_word' id='word_1_337' title='bbox 1070 2465 1209 2496; x_wconf 70' lang='lat' dir='ltr'><em>Sequitur</em></span> <span class='ocrx_word' id='word_1_338' title='bbox 1229 2464 1365 2495; x_wconf 80' lang='lat' dir='ltr'><em>nostrae,</em></span> <span class='ocrx_word' id='word_1_339' title='bbox 1385 2465 1475 2489; x_wconf 74' lang='lat' dir='ltr'><em>omitt.</em></span> <span class='ocrx_word' id='word_1_340' title='bbox 1550 2464 1576 2495; x_wconf 80' lang='lat' dir='ltr'><em>c)</em></span> <span class='ocrx_word' id='word_1_341' title='bbox 1598 2465 1658 2489; x_wconf 87' lang='lat' dir='ltr'><em>Hoc</em></span> <span class='ocrx_word' id='word_1_342' title='bbox 1677 2465 1735 2489; x_wconf 81' lang='lat' dir='ltr'><em>loco</em></span> <span class='ocrx_word' id='word_1_343' title='bbox 1754 2464 1858 2488; x_wconf 78' lang='lat' dir='ltr'><em>charta</em></span> 
     </span>
     <span class='ocr_line' id='line_1_38' title="bbox 84 2505 1859 2537; baseline 0.001 -8"><span class='ocrx_word' id='word_1_344' title='bbox 84 2507 250 2529; x_wconf 76' lang='lat' dir='ltr'><em>atramento</em></span> <span class='ocrx_word' id='word_1_345' title='bbox 270 2505 418 2529; x_wconf 72' lang='lat' dir='ltr'><em>maculata</em></span> <span class='ocrx_word' id='word_1_346' title='bbox 439 2508 499 2534; x_wconf 82' lang='lat' dir='ltr'><em>est‚·</em></span> <span class='ocrx_word' id='word_1_347' title='bbox 518 2505 654 2536; x_wconf 70' lang='lat' dir='ltr'><em>supplevi</em></span> <span class='ocrx_word' id='word_1_348' title='bbox 674 2506 744 2530; x_wconf 71' lang='lat' dir='ltr'><em>haec</em></span> <span class='ocrx_word' id='word_1_349' title='bbox 763 2513 799 2530; x_wconf 70' lang='lat' dir='ltr'><em>eac</em></span> <span class='ocrx_word' id='word_1_350' title='bbox 819 2506 1010 2537; x_wconf 66' lang='lat' dir='ltr'><em>apographis,</em></span> <span class='ocrx_word' id='word_1_351' title='bbox 1030 2514 1102 2537; x_wconf 77' lang='lat' dir='ltr'><em>qnae</em></span> <span class='ocrx_word' id='word_1_352' title='bbox 1123 2514 1216 2537; x_wconf 75' lang='lat' dir='ltr'><em>supra</em></span> <span class='ocrx_word' id='word_1_353' title='bbox 1237 2507 1310 2531; x_wconf 74' lang='lat' dir='ltr'><em>dixi.</em></span> <span class='ocrx_word' id='word_1_354' title='bbox 1369 2505 1398 2537; x_wconf 88' lang='lat' dir='ltr'><em>d)</em></span> <span class='ocrx_word' id='word_1_355' title='bbox 1419 2508 1466 2531; x_wconf 80' lang='lat' dir='ltr'><em>Ita</em></span> <span class='ocrx_word' id='word_1_356' title='bbox 1488 2507 1517 2531; x_wconf 75' lang='lat' dir='ltr'><em>in</em></span> <span class='ocrx_word' id='word_1_357' title='bbox 1537 2506 1616 2531; x_wconf 80' lang='lat' dir='ltr'><em>arch.</em></span> <span class='ocrx_word' id='word_1_358' title='bbox 1637 2508 1797 2530; x_wconf 81' lang='lat' dir='ltr'><em>correctum</em></span> <span class='ocrx_word' id='word_1_359' title='bbox 1818 2508 1859 2530; x_wconf 82' lang='lat' dir='ltr'><em>est</em></span> 
     </span>
     <span class='ocr_line' id='line_1_39' title="bbox 84 2545 1859 2580; baseline 0.001 -9"><span class='ocrx_word' id='word_1_360' title='bbox 84 2554 120 2571; x_wconf 70' lang='lat' dir='ltr'><em>esc</em></span> <span class='ocrx_word' id='word_1_361' title='bbox 140 2545 280 2572; x_wconf 77' lang='lat' dir='ltr'><em>irretitis.</em></span> <span class='ocrx_word' id='word_1_362' title='bbox 336 2546 363 2577; x_wconf 85' lang='lat' dir='ltr'><em>e)</em></span> <span class='ocrx_word' id='word_1_363' title='bbox 379 2547 518 2577; x_wconf 75' lang='lat' dir='ltr'><em>Sequitur</em></span> <span class='ocrx_word' id='word_1_364' title='bbox 531 2553 608 2577; x_wconf 83' lang='lat' dir='ltr'><em>cum,</em></span> <span class='ocrx_word' id='word_1_365' title='bbox 628 2547 718 2572; x_wconf 78' lang='lat' dir='ltr'><em>oblitt.</em></span> <span class='ocrx_word' id='word_1_366' title='bbox 743 2548 890 2572; x_wconf 59' lang='lat' dir='ltr'><em>Polaticus</em></span> <span class='ocrx_word' id='word_1_367' title='bbox 902 2548 970 2572; x_wconf 77' lang='lat' dir='ltr'><em>sz‘c</em></span> <span class='ocrx_word' id='word_1_368' title='bbox 981 2548 1121 2579; x_wconf 75' lang='lat' dir='ltr'><em>facultati</em></span> <span class='ocrx_word' id='word_1_369' title='bbox 1135 2548 1167 2572; x_wconf 75' lang='lat' dir='ltr'><em>in</em></span> <span class='ocrx_word' id='word_1_370' title='bbox 1181 2549 1314 2579; x_wconf 62' lang='lat' dir='ltr'><em>margine</em></span> <span class='ocrx_word' id='word_1_371' title='bbox 1328 2548 1485 2579; x_wconf 78' lang='lat' dir='ltr'><em>ascripsit:</em></span> <span class='ocrx_word' id='word_1_372' title='bbox 1504 2547 1646 2573; x_wconf 81' lang='lat' dir='ltr'><em>Facultas</em></span> <span class='ocrx_word' id='word_1_373' title='bbox 1661 2546 1859 2580; x_wconf 83' lang='lat' dir='ltr'><em>dispensandi</em></span> 
     </span>
    </p>
   </div>
   <div class='ocr_carea' id='block_1_4' title="bbox 83 2586 1859 2661">
    <p class='ocr_par' dir='ltr' id='par_1_8' title="bbox 83 2586 1859 2661">
     <span class='ocr_line' id='line_1_40' title="bbox 83 2586 1859 2621; baseline 0.001 -10"><span class='ocrx_word' id='word_1_374' title='bbox 83 2594 178 2620; x_wconf 82' lang='lat' dir='ltr'><em>super</em></span> <span class='ocrx_word' id='word_1_375' title='bbox 198 2586 436 2618; x_wconf 73' lang='lat' dir='ltr'><em>irregularitate.</em></span> <span class='ocrx_word' id='word_1_376' title='bbox 504 2587 528 2619; x_wconf 84' lang='lat' dir='ltr'><em>f)</em></span> <span class='ocrx_word' id='word_1_377' title='bbox 549 2590 583 2613; x_wconf 82' lang='lat' dir='ltr'><em>Ut</em></span> <span class='ocrx_word' id='word_1_378' title='bbox 601 2596 705 2620; x_wconf 62' lang='lat' dir='ltr'><em>supra,</em></span> <span class='ocrx_word' id='word_1_379' title='bbox 725 2589 792 2613; x_wconf 75' lang='lat' dir='ltr'><em>adn.</em></span> <span class='ocrx_word' id='word_1_380' title='bbox 808 2597 829 2613; x_wconf 85' lang='lat' dir='ltr'><em>c.</em></span> <span class='ocrx_word' id='word_1_381' title='bbox 903 2592 934 2621; x_wconf 88' lang='lat' dir='ltr'><em>g)</em></span> <span class='ocrx_word' id='word_1_382' title='bbox 955 2590 1016 2614; x_wconf 87' lang='lat' dir='ltr'><em>Hoc</em></span> <span class='ocrx_word' id='word_1_383' title='bbox 1036 2597 1060 2614; x_wconf 85' lang='lat' dir='ltr'><em>v.</em></span> <span class='ocrx_word' id='word_1_384' title='bbox 1080 2597 1173 2621; x_wconf 69' lang='lat' dir='ltr'><em>supra</em></span> <span class='ocrx_word' id='word_1_385' title='bbox 1194 2597 1309 2614; x_wconf 78' lang='lat' dir='ltr'><em>versam</em></span> <span class='ocrx_word' id='word_1_386' title='bbox 1329 2590 1472 2621; x_wconf 70' lang='lat' dir='ltr'><em>scriptam</em></span> <span class='ocrx_word' id='word_1_387' title='bbox 1492 2593 1542 2615; x_wconf 87' lang='lat' dir='ltr'><em>est.</em></span> <span class='ocrx_word' id='word_1_388' title='bbox 1611 2588 1643 2621; x_wconf 95' lang='lat' dir='ltr'><em>h)</em></span> <span class='ocrx_word' id='word_1_389' title='bbox 1664 2590 1809 2614; x_wconf 80' lang='lat' dir='ltr'><em>Polancas</em></span> <span class='ocrx_word' id='word_1_390' title='bbox 1827 2589 1859 2614; x_wconf 72' lang='lat' dir='ltr'><em>in</em></span> 
     </span>
     <span class='ocr_line' id='line_1_41' title="bbox 83 2629 1238 2661; baseline 0.003 -8"><span class='ocrx_word' id='word_1_391' title='bbox 83 2629 215 2661; x_wconf 53' lang='grc' dir='ltr'><em>μιαν-θίγω</em></span> <span class='ocrx_word' id='word_1_392' title='bbox 234 2629 323 2653; x_wconf 72' lang='lat' dir='ltr'><em>ltecz‘as</em></span> <span class='ocrx_word' id='word_1_393' title='bbox 341 2629 495 2659; x_wconf 70' lang='lat' dir='ltr'><em>facultatis</em></span> <span class='ocrx_word' id='word_1_394' title='bbox 514 2630 652 2661; x_wconf 69' lang='lat' dir='ltr'><em>scripsit:</em></span> <span class='ocrx_word' id='word_1_395' title='bbox 673 2629 710 2654; x_wconf 83' lang='lat' dir='ltr'><em>de</em></span> <span class='ocrx_word' id='word_1_396' title='bbox 731 2629 885 2655; x_wconf 80' lang='lat' dir='ltr'><em>beneficiis</em></span> <span class='ocrx_word' id='word_1_397' title='bbox 907 2630 1070 2656; x_wconf 86' lang='lat' dir='ltr'><em>simoniace</em></span> <span class='ocrx_word' id='word_1_398' title='bbox 1092 2630 1238 2656; x_wconf 65' lang='lat' dir='ltr'><em>obtentis</em></span> 
     </span>
    </p>
   </div>
   <div class='ocr_carea' id='block_1_5' title="bbox 83 2751 1859 3011">
    <p class='ocr_par' dir='ltr' id='par_1_9' title="bbox 83 2751 1859 2956">
     <span class='ocr_line' id='line_1_42' title="bbox 205 2751 1858 2797; baseline 0 -12"><span class='ocrx_word' id='word_1_399' title='bbox 205 2752 215 2771; x_wconf 86' lang='lat'>¹</span> <span class='ocrx_word' id='word_1_400' title='bbox 241 2751 359 2785; x_wconf 89' lang='lat' dir='ltr'><em>Medio</em></span> <span class='ocrx_word' id='word_1_401' title='bbox 385 2764 431 2786; x_wconf 89' lang='lat' dir='ltr'><em>m.</em></span> <span class='ocrx_word' id='word_1_402' title='bbox 450 2751 646 2786; x_wconf 88' lang='lat' dir='ltr'><em>Novembri</em></span> <span class='ocrx_word' id='word_1_403' title='bbox 675 2752 765 2787; x_wconf 80' lang='lat'>1568</span> <span class='ocrx_word' id='word_1_404' title='bbox 791 2751 1040 2786; x_wconf 82' lang='lat' dir='ltr'><em>Maximiliano</em></span> <span class='ocrx_word' id='word_1_405' title='bbox 1059 2752 1102 2786; x_wconf 92' lang='lat' dir='ltr'><em>II.</em></span> <span class='ocrx_word' id='word_1_406' title='bbox 1127 2752 1241 2786; x_wconf 83' lang='lat' dir='ltr'><em>Roma</em></span> <span class='ocrx_word' id='word_1_407' title='bbox 1265 2752 1441 2797; x_wconf 86' lang='lat' dir='ltr'><em>scriptum</em></span> <span class='ocrx_word' id='word_1_408' title='bbox 1468 2754 1540 2787; x_wconf 88' lang='lat' dir='ltr'><em>est:</em></span> <span class='ocrx_word' id='word_1_409' title='bbox 1569 2752 1714 2792; x_wconf 84' lang='lat' dir='ltr'><em>Ferunt,</em></span> <span class='ocrx_word' id='word_1_410' title='bbox 1741 2752 1858 2797; x_wconf 72' lang='lat' dir='ltr'><em>proxi·</em></span> 
     </span>
     <span class='ocr_line' id='line_1_43' title="bbox 83 2804 1859 2847; baseline 0.001 -9"><span class='ocrx_word' id='word_1_411' title='bbox 83 2805 151 2839; x_wconf 79' lang='lat' dir='ltr'><em>niis</em></span> <span class='ocrx_word' id='word_1_412' title='bbox 178 2805 278 2838; x_wconf 88' lang='lat' dir='ltr'><em>feriis</em></span> <span class='ocrx_word' id='word_1_413' title='bbox 304 2804 518 2839; x_wconf 87' lang='lat' dir='ltr'><em>Nativitatis</em></span> <span class='ocrx_word' id='word_1_414' title='bbox 544 2805 687 2840; x_wconf 90' lang='lat' dir='ltr'><em>Domini</em></span> <span class='ocrx_word' id='word_1_415' title='bbox 713 2806 734 2840; x_wconf 85' lang='lat'>8</span> <span class='ocrx_word' id='word_1_416' title='bbox 761 2805 964 2840; x_wconf 83' lang='lat' dir='ltr'><em>cardinales</em></span> <span class='ocrx_word' id='word_1_417' title='bbox 990 2808 1152 2839; x_wconf 77' lang='lat' dir='ltr'><em>creatum</em></span> <span class='ocrx_word' id='word_1_418' title='bbox 1177 2805 1231 2847; x_wconf 89' lang='lat' dir='ltr'><em>iri,</em></span> <span class='ocrx_word' id='word_1_419' title='bbox 1260 2808 1296 2840; x_wconf 87' lang='lat' dir='ltr'><em>et</em></span> <span class='ocrx_word' id='word_1_420' title='bbox 1322 2806 1356 2839; x_wconf 88' lang='lat' dir='ltr'><em>in</em></span> <span class='ocrx_word' id='word_1_421' title='bbox 1383 2805 1439 2840; x_wconf 89' lang='lat' dir='ltr'><em>his</em></span> <span class='ocrx_word' id='word_1_422' title='bbox 1459 2805 1661 2846; x_wconf 84' lang='lat' dir='ltr'><em>Canisium3</em></span> <span class='ocrx_word' id='word_1_423' title='bbox 1689 2805 1746 2840; x_wconf 89' lang='lat' dir='ltr'><em>hic</em></span> <span class='ocrx_word' id='word_1_424' title='bbox 1772 2817 1859 2840; x_wconf 83' lang='lat' dir='ltr'><em>vero</em></span> 
     </span>
     <span class='ocr_line' id='line_1_44' title="bbox 83 2858 1858 2905; baseline 0 -13"><span class='ocrx_word' id='word_1_425' title='bbox 83 2858 214 2892; x_wconf 87' lang='lat' dir='ltr'><em>dicitur</em></span> <span class='ocrx_word' id='word_1_426' title='bbox 240 2858 442 2893; x_wconf 85' lang='lat' dir='ltr'><em>cardinales</em></span> <span class='ocrx_word' id='word_1_427' title='bbox 468 2871 607 2903; x_wconf 83' lang='lat' dir='ltr'><em>rogare,</em></span> <span class='ocrx_word' id='word_1_428' title='bbox 635 2859 806 2900; x_wconf 85' lang='lat' dir='ltr'><em>efficiant,</em></span> <span class='ocrx_word' id='word_1_429' title='bbox 833 2861 871 2893; x_wconf 86' lang='lat' dir='ltr'><em>ut</em></span> <span class='ocrx_word' id='word_1_430' title='bbox 898 2859 1061 2904; x_wconf 87' lang='lat' dir='ltr'><em>pontifex</em></span> <span class='ocrx_word' id='word_1_431' title='bbox 1087 2859 1122 2893; x_wconf 91' lang='lat' dir='ltr'><em>id</em></span> <span class='ocrx_word' id='word_1_432' title='bbox 1150 2859 1192 2893; x_wconf 91' lang='lat' dir='ltr'><em>de</em></span> <span class='ocrx_word' id='word_1_433' title='bbox 1218 2871 1258 2894; x_wconf 87' lang='lat' dir='ltr'><em>se</em></span> <span class='ocrx_word' id='word_1_434' title='bbox 1285 2859 1473 2894; x_wconf 86' lang='lat' dir='ltr'><em>consilium</em></span> <span class='ocrx_word' id='word_1_435' title='bbox 1493 2859 1663 2905; x_wconf 82' lang='lat' dir='ltr'><em>deponat;</em></span> <span class='ocrx_word' id='word_1_436' title='bbox 1692 2871 1726 2894; x_wconf 90' lang='lat' dir='ltr'><em>v.</em></span> <span class='ocrx_word' id='word_1_437' title='bbox 1753 2859 1858 2900; x_wconf 83' lang='lat' dir='ltr'><em>infra,</em></span> 
     </span>
     <span class='ocr_line' id='line_1_45' title="bbox 86 2911 380 2956; baseline 0.007 -11"><span class='ocrx_word' id='word_1_438' title='bbox 86 2923 179 2946; x_wconf 87' lang='lat' dir='ltr'><em>mon.</em></span> <span class='ocrx_word' id='word_1_439' title='bbox 207 2924 283 2946; x_wconf 86' lang='lat' dir='ltr'><em>var.</em></span> <span class='ocrx_word' id='word_1_440' title='bbox 313 2911 380 2956; x_wconf 83' lang='lat'><strong>(7).</strong></span> 
     </span>
    </p>

    <p class='ocr_par' dir='ltr' id='par_1_10' title="bbox 206 2965 1063 3011">
     <span class='ocr_line' id='line_1_46' title="bbox 206 2965 1063 3011; baseline 0.001 -12"><span class='ocrx_word' id='word_1_441' title='bbox 206 2965 219 2985; x_wconf 74' lang='lat'><strong>²</strong></span> <span class='ocrx_word' id='word_1_442' title='bbox 245 2965 298 3000; x_wconf 91' lang='lat' dir='ltr'><em>De</em></span> <span class='ocrx_word' id='word_1_443' title='bbox 324 2966 392 3000; x_wconf 88' lang='lat' dir='ltr'><em>hac</em></span> <span class='ocrx_word' id='word_1_444' title='bbox 418 2966 688 3009; x_wconf 81' lang='lat' dir='ltr'><em>irregularitate</em></span> <span class='ocrx_word' id='word_1_445' title='bbox 715 2978 749 3000; x_wconf 89' lang='lat' dir='ltr'><em>V.</em></span> <span class='ocrx_word' id='word_1_446' title='bbox 777 2977 887 3010; x_wconf 84' lang='lat' dir='ltr'><em>supra</em></span> <span class='ocrx_word' id='word_1_447' title='bbox 913 2978 947 3011; x_wconf 90' lang='lat' dir='ltr'><em>p.</em></span> <span class='ocrx_word' id='word_1_448' title='bbox 967 2966 1063 3001; x_wconf 77' lang='lat'>2052.</span> 
     </span>
    </p>
   </div>
   <div class='ocr_carea' id='block_1_6' title="bbox 203 3018 1125 3107">
    <p class='ocr_par' dir='ltr' id='par_1_11' title="bbox 203 3018 1125 3107">
     <span class='ocr_line' id='line_1_47' title="bbox 203 3018 1125 3054; baseline 0.001 -2"><span class='ocrx_word' id='word_1_449' title='bbox 203 3020 216 3038; x_wconf 75' lang='lat'>3</span> <span class='ocrx_word' id='word_1_450' title='bbox 241 3018 294 3052; x_wconf 89' lang='lat' dir='ltr'><em>De</em></span> <span class='ocrx_word' id='word_1_451' title='bbox 320 3019 388 3053; x_wconf 87' lang='lat' dir='ltr'><em>hac</em></span> <span class='ocrx_word' id='word_1_452' title='bbox 413 3019 786 3053; x_wconf 84' lang='lat' dir='ltr'><em>excommunicatione</em></span> <span class='ocrx_word' id='word_1_453' title='bbox 812 3031 846 3054; x_wconf 88' lang='lat' dir='ltr'><em>v.</em></span> <span class='ocrx_word' id='word_1_454' title='bbox 870 3020 956 3054; x_wconf 73' lang='lat' dir='ltr'><em>Can.</em></span> <span class='ocrx_word' id='word_1_455' title='bbox 978 3019 1027 3053; x_wconf 89' lang='lat' dir='ltr'><em>IV</em></span> <span class='ocrx_word' id='word_1_456' title='bbox 1046 3019 1125 3054; x_wconf 83' lang='grc'><strong>862.</strong></span> 
     </span>
     <span class='ocr_line' id='line_1_48' title="bbox 203 3071 832 3107; baseline 0.002 -1"><span class='ocrx_word' id='word_1_457' title='bbox 203 3075 215 3092; x_wconf 66' lang='lat'>4</span> <span class='ocrx_word' id='word_1_458' title='bbox 242 3071 333 3106; x_wconf 89' lang='lat' dir='ltr'><em>Vide</em></span> <span class='ocrx_word' id='word_1_459' title='bbox 363 3073 449 3107; x_wconf 77' lang='lat' dir='ltr'><em>Can.</em></span> <span class='ocrx_word' id='word_1_460' title='bbox 469 3072 502 3106; x_wconf 89' lang='lat' dir='ltr'>V</span> <span class='ocrx_word' id='word_1_461' title='bbox 532 3073 614 3107; x_wconf 86' lang='lat'>191¹</span> <span class='ocrx_word' id='word_1_462' title='bbox 640 3073 725 3107; x_wconf 81' lang='lat'>2152</span> <span class='ocrx_word' id='word_1_463' title='bbox 752 3072 832 3107; x_wconf 83' lang='lat'>846.</span> 
     </span>
    </p>
   </div>
  </div>
 </body>
</html>
