2044 3335
571 85 740 128 Augusta
758 85 1029 120 Vindelicorum
1056 85 1113 120 26.
1133 84 1318 119 Februarii
1339 85 1440 119 1569.
1808 88 1890 129 259

122 205 321 245 extrema
352 203 425 245 ille
458 203 673 246 deueniat.
727 203 982 246 Liberemur
1014 218 1118 257 ergo
1151 204 1232 245 hac
1264 217 1423 257 quaeso
1447 217 1586 253 cruce,
1622 205 1666 245 et
1688 204 1757 245 uel
1780 204 1892 246 serio

122 270 351 310 reuocetur
382 268 427 309 in
461 268 636 318 Vrbem,
671 268 754 310 etsi
788 269 950 320 dubito,
995 284 1049 311 an
1082 271 1267 310 vocatus
1300 268 1431 310 etiam
1463 268 1727 322 prouintiam
1760 269 1892 310 relin-

121 346 253 385 quere
285 333 431 383 uellet,
474 333 544 374 uel
577 333 748 374 omnino
782 333 1043 385 dimittatur,
1087 333 1159 387 qui
1192 347 1276 375 non
1317 334 1494 387 procula
1525 348 1550 374 a
1582 334 1784 387 phrenesi
1817 334 1893 375 ab·

121 411 216 439 esse
248 397 433 440 uidetur.
488 397 645 440 Tristis
677 398 783 440 haec
816 413 1103 441 commemoro
1138 398 1189 440 de
1222 399 1424 449 Doctore,
1460 412 1586 451 quem
1619 399 1742 440 nobis
1774 399 1893 440 oneri

121 462 310 504 maximo
353 462 546 505 futurum
589 463 810 516 prouideo,
853 464 889 505 si
922 464 1177 507 retineatur.
1242 463 1327 504 Sed
1359 477 1486 517 spero
1521 464 1565 506 P.
1601 463 1737 505 Tuam
1770 463 1893 505 nobis

121 540 205 568 non
229 526 475 569 defuturam
509 527 553 568 in
585 528 665 568 hac
688 528 962 579 necessitate,
998 531 1046 571 vt
1067 542 1121 570 ne
1153 530 1332 582 propter
1355 542 1484 569 unum
1518 529 1664 582 plures
1687 542 1710 570 e
1733 528 1893 570 nostris

121 591 278 633 offendi
310 595 498 646 pergant
527 595 660 644 atque
683 593 912 647 corrumpi.
967 593 1175 634 Dominus
1208 592 1397 645 gratiam
1432 593 1554 634 nobis
1587 607 1707 635 suam
1743 596 1894 635 contra

121 656 228 699 istos
261 657 443 699 miseros
474 657 702 710 largiatur.
748 658 808 700 Vt
841 672 866 700 a
888 658 1012 700 nobis
1046 658 1289 707 adiuuetur,
1326 657 1442 698 nulla
1476 657 1646 710 quidem
1681 661 1748 700 est
1780 658 1893 700 ratio

120 721 163 763 10
187 725 411 776 promptu:
435 725 484 764 ut
506 722 607 764 alibi
631 726 807 765 curetur
829 737 974 776 aeger,
999 726 1214 777 optamUS,
1238 724 1314 764 sed
1337 722 1522 764 suadere
1545 737 1629 764 non
1653 737 1893 776 possumus,

239 787 535 841 Jmpetratum
570 790 637 830 est
669 788 762 830 fere
796 803 820 830 a
844 789 1021 839 Senatu,
1056 802 1156 830 nam
1189 787 1382 842 primarij
1406 787 1635 840 Augustae
1668 802 1893 830 consense-

121 854 235 902 runt,
278 856 328 894 vt
361 852 532 894 Domini
564 852 754 906 Fuggeri
796 853 876 895 hoc
916 854 1012 896 1000
1045 853 1237 895 001101οῐ0
1279 853 1494 906 publicam
1529 853 1618 894 suis
1651 852 1895 907 sumptibus

120 916 366 968 instituant,
410 920 454 959 et
485 917 573 959 illic
614 918 884 971 professores
926 919 1062 969 alant,
1106 918 1177 971 qui
1219 917 1358 970 gratis
1392 918 1578 959 doceant
1609 917 1892 960 iuuentutem.

122 981 395 1036 Expectatur
426 983 551 1024 modo
586 997 821 1025 consensus
853 983 1070 1026 inferioris
1104 984 1305 1033 Senatus,
1351 997 1477 1035 quem
1510 985 1669 1037 putant
1701 983 1798 1024 huic
1829 982 1894 1024 in-

121 1046 277 1089 stituto
321 1047 496 1089 minime
541 1051 884 1102 repugnaturum
901 1050 927 1091 1.
997 1049 1066 1091 Ita
1111 1049 1293 1089 liberum
1341 1048 1424 1090 erit
1469 1048 1623 1090 deinde
1668 1048 1893 1102 Fuggeris,

123 1113 484 1165 quemadmodum
519 1127 544 1155 a
571 1113 734 1156 Senatu
758 1113 1015 1167 Augustano
1049 1113 1314 1167 petiuerunt,
1349 1114 1478 1155 aedes
1512 1127 1722 1163 coemere,
1757 1114 1894 1155 solum

121 1181 165 1220 et
197 1178 338 1219 1001101
379 1178 560 1220 liberum
604 1179 843 1232 acquirere,
887 1182 931 1222 et
972 1181 1148 1233 praeter
1191 1178 1382 1220 scholam
1426 1178 1549 1220 nobis
1588 1178 1818 1232 collegium
1851 1183 1895 1221 et

119 1243 329 1297 templum
362 1243 460 1285 inde
493 1257 520 1285 a
551 1244 846 1287 fundamentis
879 1247 1096 1287 extruere.
1151 1244 1315 1286 Putant
1347 1247 1545 1298 sumptus
1579 1244 1895 1297 quinquaginta

120 1307 236 1349 mille
277 1309 537 1350 florenorum
580 1309 677 1351 huic
719 1309 839 1364 operi
871 1310 1073 1352 sufficere
1107 1323 1191 1351 non
1230 1323 1380 1363 posse:
1423 1312 1629 1363 certoque
1662 1309 1762 1351 mihi
1796 1324 1892 1364 per-

120 1373 293 1423 suadeo,
335 1373 399 1415 bis
431 1377 603 1417 tantum
637 1375 972 1429 impendendum
1004 1389 1112 1425 esse,
1157 1377 1206 1416 ut
1238 1374 1365 1416 simul
1399 1375 1581 1417 accedat
1614 1375 1783 1428 collegij
1819 1375 1894 1417 do-

120 1438 243 1481 tatio.
298 1439 407 1481 Sunt
439 1440 631 1494 primarij
667 1440 854 1493 quidam,
889 1444 937 1482 ut
959 1441 1068 1482 alias
1094 1440 1236 1482 isthuc
1269 1440 1480 1493 scriptum
1514 1443 1594 1491 est,
1629 1440 1700 1493 qui
1734 1440 1893 1483 contri-

120 1503 251 1545 buere
284 1505 460 1558 cupiant
488 1505 541 1547 ad
565 1506 644 1547 hoc
667 1506 917 1548 institutum
940 1505 1283 1559 promouendum
1297 1506 1326 1555 2,
1361 1505 1475 1558 quod
1498 1506 1705 1548 momenti
1738 1508 1895 1559 putant

121 1583 216 1611 esse
257 1570 434 1612 maximi
477 1571 531 1612 ad
568 1571 884 1614 restituendam
918 1571 986 1612 hic
1020 1571 1287 1614 Catholicam
1320 1570 1588 1624 religionem.
1652 1571 1895 1614 Prudenter

118 1634 292 1676 interim
326 1636 405 1677 hoc
428 1640 613 1688 egerunt
646 1639 690 1678 et
713 1639 850 1690 agunt
872 1636 1075 1690 Fugge'ri,
1110 1640 1158 1679 vt
1182 1650 1267 1677 non
1300 1636 1450 1679 statim
1483 1637 1672 1691 prodant
1705 1638 1893 1688 nostros,

122 1700 193 1753 qui
226 1701 314 1743 sint
345 1700 482 1743 futuri
516 1701 687 1755 collegij
729 1702 1023 1756 professores:
1065 1702 1128 1744 ita
1162 1701 1274 1743 enim
1308 1702 1518 1744 Societati
1551 1702 1760 1744 maiorem
1794 1716 1896 1744 con-

120 1766 277 1808 flarent
317 1766 524 1808 inuidiam
561 1768 675 1821 apud
718 1767 961 1821 plerosque,
1005 1771 1049 1809 et
1090 1767 1170 1809 hoc
1209 1781 1331 1808 suum
1366 1767 1615 1810 institutum
1649 1767 1896 1810 executioni

120 1831 383 1873 demandare
406 1846 488 1873 non
514 1836 704 1886 possent,
738 1847 878 1885 neque
901 1833 1087 1875 Senatus
1115 1831 1366 1875 annueretb.
1411 1832 1537 1874 Nunc
1561 1847 1665 1874 uero
1698 1836 1895 1886 potestas

120 1896 258 1938 omnis
299 1897 566 1951 professores
605 1898 835 1951 deligendi,
877 1898 1146 1948 instituendi,
1190 1898 1366 1939 fouendi
1399 1898 1612 1951 Fuggeris
1645 1898 1896 1940 conceditur

120 1965 164 2003 et
206 1976 411 2004 concessa
452 1966 621 2013 manet,
665 1963 852 2006 Senatus
892 1964 1027 2018 ipsius
1070 1963 1352 2005 authoritate.
1418 1963 1497 2013 Qui
1540 1963 1728 2017 Fuggeri
1771 1964 1894 2005 nobis

118 2027 413 2081 pollicentur⁰,
447 2042 494 2070 se
525 2031 678 2082 postea
711 2029 753 2069 in
787 2029 926 2070 literis
959 2028 1227 2072 fundationis
1260 2031 1305 2071 et
1338 2028 1574 2071 dotationis
1607 2043 1893 2083 expressuros

119 2093 275 2142 omnia,
310 2107 420 2146 quae
453 2096 602 2136 nostro
634 2094 835 2137 instituto
870 2097 1127 2148 congruunt.
1183 2095 1366 2137 Jnterea
1398 2108 1484 2136 non
1516 2095 1738 2147 ingratum
1773 2095 1818 2137 P.
1843 2095 1890 2136 T.

118 2158 211 2200 fore
243 2162 361 2212 puto,
396 2162 446 2201 vt
478 2159 670 2202 sinamus
700 2173 773 2201 eos
797 2174 966 2202 omnem
990 2173 1167 2202 mouere
1200 2159 1389 2214 lapidem
1413 2160 1467 2201 ad
1491 2161 1717 2202 emendum
1751 2161 1888 2202 locum

118 2223 289 2277 aliaque
311 2227 559 2267 structurae
581 2225 755 2267 futurae
778 2225 1028 2267 necessaria
1050 2225 1319 2268 instruenda.
1365 2225 1497 2268 Fiunt
1519 2226 1626 2268 haec
1659 2226 1891 2280 praecipue

117 2289 328 2342 singulari
361 2303 465 2331 cura
497 2293 541 2332 et
573 2291 716 2332 studio
750 2291 921 2332 Domini
953 2290 1136 2333 Joannis
1169 2290 1373 2344 Fuggeri,
1418 2291 1489 2344 qui
1522 2291 1672 2345 paucis
1706 2292 1760 2333 ab
1794 2291 1891 2334 hinc

117 2355 336 2396 mensibus
378 2355 442 2397 ita
483 2355 605 2397 nobis
647 2359 715 2398 est
756 2356 1024 2406 conciliatus,
1067 2356 1170 2398 licet
1212 2360 1344 2398 antea
1386 2357 1455 2398 uel
1488 2356 1678 2398 maxime
1711 2370 1736 2398 a
1768 2357 1891 2399 nobis

117 2420 284 2462 alienus
328 2420 572 2467 uideretur,
616 2424 665 2463 ut
708 2424 860 2464 noctes
906 2436 956 2463 ac
1002 2421 1093 2463 dies
1137 2422 1181 2463 in
1230 2422 1311 2464 hoc
1359 2422 1541 2475 collegio
1587 2422 1890 2465 constituendo

236 2505 263 2532 a)
284 2502 422 2533 Sequitur
441 2501 488 2533 ab,
509 2510 525 2526 a
547 2503 574 2526 C.
596 2502 685 2527 oblitt.
754 2502 784 2534 b)
807 2504 975 2534 Sequuntur
996 2511 1037 2527 ru.
1058 2509 1193 2535 unquam
1213 2502 1332 2535 postea,
1352 2503 1440 2527 oblitt.
1510 2506 1536 2533 c)
1557 2501 1720 2534 pollicetur
1739 2507 1853 2536 azctoyr.

238 2611 248 2630 ¹
275 2610 492 2654 Respublica
527 2611 730 2653 augustana
765 2621 786 2643 a
815 2612 964 2652 „senatu
991 2611 1147 2644 minore“
1182 2610 1345 2652 (Kleiner
1371 2609 1496 2653 Rath),
1536 2610 1596 2654 qui
1627 2611 1673 2645 45
1706 2610 1888 2645 hominum

117 2666 203 2705 erat,
239 2663 576 2703 administrabatur;
615 2676 659 2697 ex
695 2663 760 2697 hoc
797 2666 926 2697 senatu
964 2665 984 2698 6
1011 2663 1178 2707 magistri
1206 2664 1339 2697 civium
1375 2663 1454 2697 sive
1490 2663 1655 2698 consules
1692 2666 1727 2698 et
1761 2666 1780 2699 7
1809 2677 1889 2699 con-

116 2717 241 2751 siliarii
259 2717 337 2751 sive
356 2718 541 2751 senatores
565 2717 699 2758 „intimi
720 2717 777 2750 vel
803 2717 945 2751 arcani“
969 2717 1238 2760 deligebantur3
1267 2728 1312 2750 ex
1338 2717 1567 2752 senatoribus
1592 2717 1730 2752 intimis
1748 2718 1768 2751 2
1788 2722 1891 2753 erant

116 2773 300 2815 praetores
326 2770 425 2804 urbis
454 2770 801 2814 („Stadtpfleger“);
837 2782 946 2815 penes
973 2781 1063 2814 quos
1098 2781 1239 2804 summa
1264 2782 1385 2803 rerum
1420 2772 1582 2814 potestas
1608 2774 1686 2805 erat
1713 2770 1889 2815 (Historie

116 2824 179 2857 des
206 2824 415 2866 Regiments
443 2824 476 2857 10
504 2824 566 2858 des
594 2823 687 2858 Heil.
715 2824 815 2858 Rom.
843 2823 976 2858 Reichs
1002 2823 1107 2858 Stadt
1133 2825 1341 2868 Augspurg,
1368 2835 1402 2857 V.
1427 2825 1517 2858 Dav.
1544 2826 1829 2868 Lanyenmautel
1854 2838 1886 2860 u.

115 2878 201 2911 ιῙαῙε.
228 2878 402 2920 Brut-ker,
430 2878 626 2922 Augspurg
654 2877 754 2919 1734,
782 2878 826 2911 ad
853 2889 935 2922 pag.
963 2876 1061 2921 280).
1112 2877 1192 2911 Hoc
1217 2880 1378 2922 tempore
1414 2889 1458 2911 ex
1484 2879 1713 2913 senatoribus
1744 2879 1817 2913 illis
1844 2880 1888 2914 23

116 2933 219 2965 erant
253 2930 433 2972 catholici,
468 2931 513 2964 22
548 2933 792 2976 protestantes
832 2931 977 2971 (Stetteu
1006 2930 1027 2964 l.
1056 2942 1085 2964 0.
1114 2931 1182 2965 583
1210 2930 1308 2975 587).
1359 2931 1514 2965 Senatus
1548 2931 1606 2966 hic
1641 2932 1887 2976 Fuggerorum

115 2996 215 3029 spem
241 2983 391 3024 fefellit;
427 2983 517 3018 satis
543 2984 637 3018 enim
664 2985 769 3029 plane
795 2984 840 3018 iis
866 2984 1099 3027 significavit,
1131 2995 1171 3018 se
1205 2996 1275 3018 non
1302 2984 1572 3029 permissurum,
1604 2989 1644 3019 ut
1672 2986 1826 3020 Iesuitae
1851 2987 1887 3020 in

115 3038 202 3072 urbe
228 3037 397 3071 docerent
424 3036 609 3081 (Ayricola
636 3037 658 3072 1.
686 3049 715 3072 0.
744 3038 768 3078 Ι,
796 3038 880 3071 Dec.
908 3038 939 3078 3,
966 3050 999 3072 n.
1027 3037 1125 3081 220).

235 3091 248 3111 2
274 3090 330 3124 Ex
357 3089 481 3124 horum
507 3103 654 3125 numero
682 3093 785 3125 erant
811 3090 949 3134 llsungi
979 3091 1149 3135 (Ilsung).

1530 3152 1603 3185 17
