2044 3335
151 74 235 115 386
423 70 524 106 1702.
551 70 636 105 Can.
655 69 762 103 Petro
789 69 940 103 Busaeo.
983 68 1151 112 Augusta
1176 68 1281 104 Vind.
1300 69 1333 104 8.
1352 68 1508 103 Ianuarii
1536 68 1637 104 1570.

268 187 387 238 Quod
411 187 465 229 ad
486 185 720 238 Augustini
742 185 1003 228 sententiam
1031 185 1083 227 de
1109 185 1304 228 oratione
1335 186 1588 229 mutandam
1621 185 1792 235 attinet,
1826 199 1911 228 non

149 252 273 294 uideo
315 266 389 293 cur
428 250 667 304 scrupulosi
709 263 805 292 esse
845 249 1040 301 uelimus,
1082 250 1341 304 praesertim
1374 250 1446 292 vbi
1487 264 1573 292 non
1604 250 1749 304 agitur
1780 250 1833 293 de
1863 264 1911 293 re

150 320 434 359 controuersa
473 328 613 368 neque
655 314 707 356 de
748 314 922 368 negotio
954 314 1102 368 magni
1132 315 1340 358 momenti
1372 315 1436 358 vti
1468 315 1635 358 fateris.
1698 314 1913 369 Exempla

149 381 390 435 scripturae
423 393 534 432 quae
567 379 758 421 citantur
789 383 894 422 nota
925 381 1040 428 sunt,
1076 382 1121 422 et
1152 379 1326 421 breuius
1357 394 1443 421 non
1474 382 1657 434 possunt
1688 379 1910 434 explicari,

149 459 283 499 quare
323 446 464 486 locum
504 445 617 486 hunc
658 444 985 497 relinquendum
1026 446 1146 498 puto,
1189 448 1232 487 et
1265 444 1594 486 adscribendum
1625 444 1668 486 in
1701 444 1910 498 margine,

148 510 219 552 ubi
251 509 523 562 Augustinus
564 509 617 551 de
660 509 856 552 oratione
894 508 1051 551 similia
1083 509 1285 563 proponit
1317 509 1530 563 exempla,
1573 512 1617 552 et
1650 508 1802 551 deinde
1835 509 1911 551 ad-

148 575 363 617 scribatur
394 574 526 617 etiam
558 573 603 615 in
634 573 705 616 lib.
730 588 810 616 ser.
836 573 890 615 ad
922 573 1084 615 fratres
1116 573 1158 614 in
1182 573 1326 616 Erem.
1369 573 1569 615 Pluribus
1602 573 1715 615 enim
1740 573 1784 614 in
1805 573 1912 615 locis

147 639 305 682 similia
345 639 529 693 quedam
570 639 771 693 exempla
815 641 916 680 sunt
956 639 1069 692 apud
1107 638 1414 692 Augustinum.
1476 638 1630 692 Neque
1670 637 1827 680 dicitur
1866 638 1910 680 in

147 707 272 747 textu
314 704 513 759 exempla
554 703 743 746 adducta
776 717 831 745 ex
862 702 1108 756 Augustino
1149 703 1252 757 peti,
1295 703 1332 745 si
1364 705 1534 746 tantum
1568 703 1691 745 colon
1723 705 1911 757 ponatur

146 773 245 824 post
267 770 446 812 verbum
479 769 767 823 comprobata,
802 771 846 811 et
877 781 980 810 mox
1011 767 1073 810 ita
1104 768 1290 822 legatur.
1332 768 1546 811 Nimirum
1569 770 1722 810 orante
1743 768 1909 822 Moyse,

146 834 182 876 si
213 837 361 878 tamen
392 834 471 876 hec
503 833 687 876 mutatio
721 840 788 876 est
819 832 1107 876 necessaria1.

264 899 521 954 Accepimus
569 899 896 953 quaternionem
940 897 1125 952 primum
1173 898 1315 952 operis
1359 897 1675 949 Catechistici2‚
1724 898 1836 951 quod
1883 911 1910 940 a

147 964 294 1007 multis
325 964 499 1019 probari
521 963 716 1018 gaudeob
735 998 743 1006 .
763 964 920 1005 desunt
941 965 1089 1005 autem
1111 963 1250 1005 adhuc
1273 963 1457 1016 quedam
1479 977 1534 1005 ex
1557 962 1911 1016 quaternionibus

146 1030 231 1071 illis
272 1029 573 1079 anterioribus,
615 1028 651 1071 si
693 1042 745 1070 ea
776 1028 900 1070 nobis
940 1030 1123 1082 possunt
1156 1028 1474 1070 communicari.
1541 1028 1720 1070 Gratum
1753 1027 1910 1070 feceris

145 1094 385 1145 indicando,
428 1094 530 1147 quid
561 1093 763 1136 Coloniae
803 1093 847 1135 in
884 1093 1020 1135 sacris
1053 1093 1307 1144 excudatur,
1351 1095 1395 1135 et
1428 1107 1482 1135 an
1515 1093 1744 1135 Rossensis
1776 1106 1909 1147 opera

147 1174 231 1201 non
264 1163 411 1202 tamen
446 1158 707 1201 coniunctim
731 1158 1006 1201 aeda11tur03.
1051 1159 1347 1213 Expectamus
1380 1158 1432 1200 de
1464 1158 1627 1201 sanctis
1650 1157 1767 1212 Opus
1790 1157 1908 1200 Suri-

272 1250 300 1274 a)
321 1248 398 1272 Huic
418 1255 442 1272 v.
464 1247 542 1272 linea
561 1246 703 1271 subducta
723 1250 773 1271 est.
877 1244 907 1276 b)
928 1246 999 1270 Bas.
1022 1246 1051 1270 in
1072 1254 1181 1277 mara:
1201 1244 1364 1276 Quaternio
1384 1244 1509 1278 primus.
1611 1246 1637 1276 c)
1660 1246 1728 1270 Rus.
1751 1246 1781 1269 in
1801 1253 1909 1277 mastya

149 1287 313 1314 Rossensis
334 1295 434 1322 opera.

146 1460 168 1504 f.
191 1458 262 1501 13¹2,
298 1461 334 1493 et
368 1458 517 1493 Lovanii
546 1458 646 1499 1567,
682 1457 748 1492 col.
770 1457 849 1500 19);
886 1457 949 1491 sed
984 1456 1117 1490 multas
1152 1456 1325 1490 eiusmodi
1360 1456 1608 1491 annotationes
1642 1468 1706 1501 per
1740 1458 1908 1492 Ioannem

148 1512 344 1547 Soteallum
370 1512 577 1554 theologum
613 1514 649 1545 et
674 1511 862 1545 Horatium
890 1509 1032 1544 Lutium
1058 1510 1147 1544 iuris
1172 1509 1372 1544 consultum
1399 1510 1517 1544 factas
1542 1510 1760 1555 typographi
1785 1513 1910 1555 postea

145 1565 377 1606 addiderunt;
405 1565 506 1599 velut
531 1564 751 1608 Antverpiae
778 1575 808 1597 a.
830 1563 921 1598 1570
946 1563 1137 1597 Plautinus
1163 1565 1229 1597 etc.

267 1620 276 1640 ¹
308 1619 495 1661 „Summa“
524 1618 548 1652 1.
575 1629 605 1652 c.
631 1617 655 1651 f.
677 1618 759 1651 165³
793 1617 919 1651 habet:
958 1616 1116 1659 „Quibus
1150 1616 1325 1661 exemplis
1359 1615 1432 1650 uim
1468 1615 1648 1650 Orationis
1683 1619 1719 1651 et
1752 1617 1909 1652 fructum

146 1672 357 1716 colligemus
370 1673 389 1707 ⁶?
422 1672 574 1706 Iacobus
593 1670 797 1716 Apostolus,
824 1673 865 1704 vt
882 1670 1053 1704 orationis
1071 1669 1242 1703 virtutem
1261 1669 1458 1714 explicaret
1476 1669 1650 1714 exemplo,
1675 1670 1727 1704 ita
1744 1670 1910 1715 scripsit:

146 1726 244 1760 Elias
278 1726 382 1760 homo
409 1728 487 1759 erat
520 1724 649 1759 similis
684 1723 796 1765 nobis,
831 1723 1034 1768 passibilis:
1070 1725 1106 1756 et
1131 1724 1289 1757 oratione
1316 1722 1442 1765 orauit,
1478 1725 1517 1756 ut
1541 1734 1610 1756 non
1637 1723 1777 1767 plueret
1801 1735 1910 1768 super

145 1783 289 1818 terram,
316 1780 351 1813 et
376 1790 446 1812 non
471 1778 564 1823 pluit
589 1789 700 1811 annos
726 1780 810 1817 tres,
838 1779 873 1811 et
898 1787 1041 1811 menses
1066 1788 1142 1811 sex.
1193 1776 1240 1810 Et
1264 1787 1405 1810 rursum
1432 1776 1559 1817 orauit,
1585 1778 1622 1810 et
1647 1776 1785 1811 coelum
1812 1777 1910 1811 dedit

145 1832 314 1877 pluuiam,
349 1834 385 1866 et
409 1835 507 1866 terra
533 1831 630 1865 dedit
663 1830 820 1864 fructum
846 1841 961 1864 suum.
1012 1829 1180 1864 Pluribus
1206 1829 1381 1874 exemplis
1407 1828 1633 1872 Augustinus
1658 1841 1733 1863 rem
1759 1830 1907 1864 eandem

145 1885 370 1930 comprobat:
406 1884 540 1918 Orante
566 1884 665 1918 Mose
692 1886 728 1917 et
753 1882 915 1918 Samuele
940 1883 1135 1917 vincuntur
1161 1894 1181 1916 a
1207 1882 1348 1916 Iudaeis
1376 1881 1501 1916 hostes
1526 1882 1775 1917 Amalechitae
1801 1885 1909 1927 atque

146 1938 342 1973 Philistaei.
394 1937 511 1972 Orans
536 1937 737 1971 Hieremias
763 1936 986 1970 confortatur
1012 1936 1048 1969 in
1075 1947 1228 1970 carcere.
1271 1935 1389 1970 Orans
1415 1934 1541 1969 Daniel
1566 1936 1660 1969 inter
1686 1936 1822 1970 Leones
1849 1947 1908 1970 ex-

145 1992 247 2026 ultat.
290 1990 444 2026 orantes
469 1993 544 2024 tres
570 1990 671 2034 pueri
696 1990 731 2023 in
757 1989 902 2023 fornace
925 1989 1134 2033 tripudiant.
1177 1987 1293 2022 Orans
1320 1989 1363 2022 de
1389 1999 1494 2022 cruce
1520 1988 1627 2023 Latro
1645 1989 1782 2022 inuenit
1807 2001 1908 2034 para·

146 2045 272 2079 disum.
325 2044 488 2078 Susanna
521 2055 585 2088 per
611 2044 807 2077 orationem
832 2043 926 2076 iuter
951 2053 1057 2076 senes
1082 2041 1175 2076 falso
1202 2044 1414 2076 accusantes
1441 2042 1654 2076 defenditur.
1705 2041 1909 2087 Stephanus

145 2109 250 2132 orans
285 2098 320 2131 in
355 2097 493 2131 caelum
527 2096 733 2141 suscipitur,
768 2097 804 2129 et
829 2095 923 2129 inter
956 2095 1158 2140 lapidantes
1184 2107 1246 2139 pro
1273 2094 1378 2129 Saulo
1406 2095 1627 2129 exauditur.“
1680 2095 1721 2129 In
1746 2095 1908 2139 margine

145 2152 212 2186 loci
238 2151 381 2195 quidem
407 2150 459 2184 illi
485 2161 608 2184 sacrae
635 2148 841 2193 Scripturae
867 2151 903 2182 et
931 2148 1095 2191 „Hieron.
1123 2152 1247 2182 contra
1272 2147 1531 2190 Vigilantium·‘
1561 2150 1814 2189 memorantur,
1850 2160 1908 2183 ne—

145 2216 213 2249 que
226 2206 358 2245 tamen,
375 2203 437 2237 ubi
450 2203 676 2245 Augustinus
690 2201 753 2236 illa
767 2202 907 2242 habeat,
926 2202 1066 2236 dicitur.
1093 2202 1254 2235 Busaeus
1273 2204 1393 2235 autem
1409 2200 1674 2244 (Authoritates
1688 2201 1710 2235 l.
1723 2213 1752 2235 c.
1764 2201 1907 2246 p.218),

145 2269 225 2292 cum
258 2257 295 2291 in
328 2257 407 2302 ipsa
441 2255 671 2301 responsione
704 2254 794 2289 nihil
820 2255 985 2288 immutet
1019 2254 1170 2298 (relictis
1196 2254 1316 2288 verbis
1346 2254 1591 2299 „comprobatz
1627 2254 1781 2288 Orant&
1811 2255 1908 2298 etc),

144 2312 179 2345 in
214 2309 376 2353 margine
411 2309 499 2343 locis
525 2309 731 2354 Scripturas
765 2307 801 2342 in
827 2307 973 2342 Summa
1007 2307 1135 2352 positis
1169 2307 1306 2351 aliquot
1341 2307 1429 2341 alios
1464 2307 1573 2348 addit,
1609 2309 1645 2341 et
1679 2307 1722 2341 ad
1758 2307 1907 2342 verbum

149 2363 413 2407 „Augustinus‘
443 2362 607 2396 adnotat:
639 2363 750 2405 „Aug
769 2372 874 2395 serm.
890 2361 946 2395 22.
966 2361 1010 2395 ad
1036 2361 1168 2394 fratres
1194 2360 1231 2394 in
1258 2358 1410 2402 eremo‘¹,
1437 2362 1473 2394 et
1498 2362 1579 2405 post
1600 2359 1764 2403 „Hieron
1783 2363 1908 2394 contra

149 2415 400 2459 Vigilantium“
430 2415 548 2459 ponit:
579 2416 717 2457 „Augu
736 2425 840 2449 serm.
863 2415 892 2448 1.
912 2417 948 2448 et
965 2414 997 2448 4.
1017 2414 1059 2448 de
1077 2413 1255 2455 sanctis“;
1284 2413 1410 2448 deinde
1431 2413 1480 2458 (p.
1499 2412 1701 2456 234—235)
1729 2424 1792 2456 pro
1810 2425 1908 2447 more

145 2481 209 2504 suo
243 2471 324 2514 post
358 2468 625 2513 responsionem
650 2467 929 2512 Scripturaeque
964 2467 1061 2502 locos
1096 2467 1161 2501 has
1187 2466 1336 2501 Patrum
1372 2467 1571 2501 sententias
1602 2467 1646 2500 ad
1672 2466 1821 2500 verbum
1848 2478 1907 2501 ex-

145 2523 276 2566 primit.
310 2522 428 2566 Atque
455 2533 499 2555 ex
525 2521 585 2556 illo
612 2520 755 2565 quidem
785 2520 973 2563 „Sermone
1000 2520 1044 2554 ad
1070 2520 1220 2554 frat1·es“
1252 2519 1399 2563 (Miyne,
1426 2520 1464 2554 P.
1491 2519 1554 2554 lat.
1573 2518 1633 2553 XL
1656 2518 1902 2562 1271—1272)

147 2595 188 2598 —
209 2586 314 2619 quem
332 2574 415 2609 olim
433 2586 512 2608 cum
531 2573 727 2617 Augustini
751 2575 892 2608 nomine
918 2573 1029 2618 aliqui
1055 2573 1368 2613 circumferebunt‚
1395 2574 1464 2607 iam
1492 2575 1611 2606 autem
1639 2573 1714 2606 eius
1739 2583 1807 2606 non
1827 2583 1907 2606 esse

146 2639 267 2661 omnes
293 2628 453 2661 fatentur
478 2646 523 2651 ——-
549 2627 715 2672 exempla
740 2626 802 2661 illa
827 2627 1008 2668 Ieremiae,
1035 2626 1206 2668 Danielis,
1232 2626 1253 2660 3
1278 2637 1479 2671 puerorum,
1514 2625 1675 2667 latronis,
1711 2624 1907 2667 susannae,

147 2680 317 2724 Stephani
352 2680 387 2714 in
417 2679 639 2722 „Summanu
670 2692 782 2725 paene
812 2680 856 2714 ad
882 2680 1031 2714 verbum
1058 2680 1276 2724 transcripta
1302 2691 1380 2714 esse
1407 2679 1512 2713 facile
1539 2680 1649 2723 patet.
1699 2678 1835 2712 Deinde
1861 2690 1906 2712 ex

151 2732 398 2774 „Sermonibus
417 2733 460 2767 de
479 2733 638 2767 Sanctis“
672 2735 701 2767 1.
721 2736 756 2767 et
773 2734 804 2767 4.
828 2733 934 2776 (alias
951 2745 1114 2767 sermone
1140 2732 1314 2778 supposit.
1333 2733 1401 2766 215
1429 2734 1465 2766 et
1489 2743 1595 2766 serm.
1615 2731 1700 2774 382)
1727 2732 1907 2776 profertur

148 2785 349 2830 exemplum
380 2784 414 2819 S.
434 2784 602 2829 Stephani
640 2798 702 2830 pro
729 2786 835 2820 Saulo
870 2787 1006 2820 orantis
1045 2787 1199 2830 (Miyne,
1234 2786 1331 2820 Patr.
1367 2786 1430 2819 lat.
1458 2784 1611 2818 XXXIX
1646 2785 1740 2818 2146
1776 2784 1903 2827 1686);

147 2849 362 2882 quamquam
388 2838 543 2872 Maurini
569 2839 723 2873 editores
753 2850 952 2873 sermonem
981 2840 1010 2874 1.
1037 2839 1310 2884 suppositicium
1344 2834 1434 2879 esse,
1468 2839 1502 2872 4.
1533 2837 1709 2883 „speciem
1745 2837 1905 2871 centonis

148 2902 232 2936 prae
258 2902 296 2924 se
323 2891 435 2923 ferre“
465 2894 622 2925 censent.

267 2943 279 2964 ²
307 2942 628 2985 „Authoritatum“‚
656 2956 747 2988 quae
774 2948 896 2990 postea
927 2944 1046 2990 „Opus
1072 2944 1363 2979 catechisticun1“
1392 2943 1586 2988 inscriptae
1611 2945 1712 2984 sunt3
1739 2955 1772 2977 v.
1800 2943 1904 2983 infra,

149 3007 241 3031 mon.
261 2995 331 3029 litt.
353 2996 440 3038 (31).

268 3048 280 3068 3
305 3048 357 3081 De
383 3047 547 3091 operibus
573 3048 674 3082 Beati
701 3049 842 3084 Ioannis
868 3050 994 3084 Fisher
1020 3050 1177 3095 episcopi
1203 3050 1366 3085 roffensis
1392 3061 1426 3083 V.
1445 3060 1554 3094 supra
1580 3061 1612 3094 p.
1633 3048 1830 3084 330—332.
