2044 3335
188 131 270 172 100
730 127 833 162 1523.
860 126 1024 161 Canisius
1050 127 1214 162 Andreae
1239 127 1414 163 Fabricio.

185 248 225 280 ut
259 245 376 290 inquit
401 248 550 290 Hurter,
589 245 764 287 „ostendit
790 245 993 280 dissensum
1019 245 1201 280 variarum
1228 246 1422 280 editionum
1458 249 1495 281 et
1523 250 1708 282 auctorum
1734 247 1842 293 hujus
1868 259 1950 282 con-

185 299 352 334 fessionis
387 300 481 333 inter
516 310 555 333 se
581 301 617 333 et
643 310 663 333 a
689 299 759 333 fide
787 299 956 343 antiquae
983 299 1158 333 ecclesiae
1184 299 1409 344 singulisque
1437 300 1599 335 articulis
1635 300 1782 346 subjicit
1807 301 1948 343 breves,

182 352 244 387 sed
271 364 421 396 sagaces
448 352 652 396 solidasque
679 352 1029 387 animadversiones“
1055 352 1325 395 (Nomenclator
1350 353 1533 397 1113190).
1567 353 1753 388 Fabricius
1781 354 1818 398 (†
1839 353 1944 397 1581)

183 408 308 450 postea
333 418 397 451 per
423 405 625 450 complures
651 417 762 440 annos
788 405 825 439 in
851 406 951 440 curia
977 417 1125 440 romana
1143 406 1283 440 Alberti
1296 407 1338 440 V.
1367 408 1486 440 orator
1512 407 1600 448 fuit;
1629 408 1672 442 ab
1700 407 1823 441 eodem
1849 418 1948 452 prae-

182 458 343 503 positura
369 458 570 502 collegialis
596 458 770 493 ecclesiae
796 459 1146 503 vetere-ottinganae
1166 459 1378 504 (Alt'otting)
1408 462 1556 494 ornatus
1583 462 1639 494 est
1666 460 1845 504 (Mederer
1869 460 1892 494 l.
1917 472 1947 494 c.

182 512 215 546 ΙΙ
242 513 297 546 76.
348 514 398 547 Μ.
424 514 573 556 Paquot,
608 512 800 546 Memoires
835 524 925 557 pour
959 513 1077 546 servir
1112 514 1132 546 a
1158 512 1181 546 l'
1194 513 1352 547 Histoire
1380 513 1556 547 litteraire
1592 513 1655 548 des
1682 513 1843 558 dix-sept
1867 525 1947 558 pro-

181 565 306 600 vinces
333 566 395 600 des
422 565 608 610 Pays-Bas
636 568 702 600 etc.
722 565 820 607 VIII,
846 565 1008 600 Louvain
1029 566 1131 607 1766,
1158 567 1377 610 432—437).

304 631 473 665 Cani-sins
499 642 521 664 a
539 631 710 664 Fabricio
736 634 884 674 roqatus
909 642 984 664 eum
1012 632 1120 675 docet,
1147 633 1321 674 quomodo
1338 632 1512 665 Ernestus
1525 634 1694 675 princeps
1720 636 1750 665 et
1767 632 1950 676 episcopus

183 685 389 727 efficiendus
424 686 470 718 sit
498 687 528 718 1.
553 684 661 727 probe
687 684 901 726 catholicus;
934 686 966 717 2.
991 686 1097 728 pius,·
1123 687 1155 718 3.
1182 686 1313 719 doctus.
1365 686 1424 718 Ad
1452 688 1482 719 1.
1495 698 1505 718 .·
1534 686 1622 719 Cum
1646 685 1834 719 haereticis
1859 696 1948 719 com-

181 740 350 771 mercium
378 750 419 771 ne
436 738 586 779 habeat,·
611 738 780 771 adversus
797 738 956 772 haereses
974 739 1049 771 eius
1066 739 1209 772 animus
1226 738 1457 780 confirmetur
1467 751 1479 781 ;
1497 740 1702 782 pontificem
1724 744 1928 772 revereatur
1935 752 1949 782 ,-

181 792 310 825 bonum
336 793 612 825 coaeztz'onatorem
638 791 788 833 andiat;
814 792 925 825 libros
951 792 1057 825 bonos
1083 792 1185 835 leyat,
1212 792 1325 825 malos
1350 803 1393 825 ne
1418 793 1514 825 domi
1538 793 1646 834 ferat.
1689 793 1749 825 Ad
1773 794 1806 826 2.
1817 804 1828 825 .·
1857 792 1947 826 Con-

179 846 328 887 fessariz'
362 846 504 878 ductum
538 849 709 888 sequatur
720 857 733 886 ;
769 845 921 887 diliyens
957 847 1003 878 sit
1037 846 1076 878 *in
1113 845 1292 879 brea-tario
1328 850 1357 878 et
1390 846 1505 878 sacris
1540 846 1787 888 cccerimonz'is;
1823 846 1945 879 divina

180 899 368 932 meditetur
378 911 391 941 ,·
427 900 576 932 Sanctos
601 898 716 939 colat;
752 909 860 941 opera
887 899 1154 932 misericordiae
1178 899 1302 940 faciat.
1354 899 1413 932 Ad
1439 902 1471 932 3
1482 911 1493 932 .·
1527 899 1658 932 Latine
1683 900 1781 942 loqui
1806 904 1835 932 et
1859 900 1948 933 scri-

181 953 259 985 bere
284 953 418 993 discat;
453 956 585 985 certum
612 952 771 985 ordinem
797 956 917 985 servet.
968 953 1021 985 De
1047 952 1187 995 reliqua
1213 952 1406 994 disciplina
1441 955 1471 984 et
1503 953 1544 985 de
1569 952 1698 986 (culicis
1722 953 1855 996 leyibus
1880 953 1948 986 alii

180 1010 349 1040 statuant.

393 1071 564 1114 Jhesus.
629 1071 724 1113 Pax
756 1070 914 1113 Christi
946 1069 1115 1112 Domini
1150 1069 1370 1112 nobiscum
1406 1072 1599 1112 aeterna.

524 1136 780 1178 Reuerende
813 1135 1044 1177 admodum
1077 1135 1260 1177 Domine
1292 1136 1467 1178 Doctor.

298 1208 576 1250 Praeclarum
610 1211 654 1250 et
687 1208 875 1261 amplum
911 1207 991 1248 hoc
1024 1209 1091 1248 est
1123 1209 1442 1259 argumentum,
1485 1205 1605 1247 cuius
1637 1206 1945 1249 tractationem

181 1273 370 1327 dignitas
414 1275 491 1315 tua
536 1273 670 1314 semel
711 1275 755 1314 et
796 1272 953 1314 iterum
996 1285 1022 1313 a
1064 1285 1132 1313 me
1173 1271 1427 1325 postulauit.
1491 1271 1585 1324 Ego
1627 1271 1735 1313 satis
1777 1271 1944 1314 habebo

181 1339 373 1381 breuiter
405 1352 457 1380 ea
490 1341 645 1379 notare
679 1337 824 1391 capita
858 1351 969 1390 quae
1001 1336 1237 1390 praecipua
1269 1336 1373 1377 mihi
1404 1336 1621 1387 videntur,
1667 1339 1716 1379 ut
1758 1336 1944 1390 optimus

181 1404 388 1458 Princeps
421 1403 476 1445 ad
508 1402 822 1458 amplissimum
846 1402 1069 1444 Ecclesiae
1097 1416 1251 1443 munus
1274 1401 1663 1443 administrandum
1687 1401 1943 1452 destinatus,

180 1469 365 1524 primum
398 1468 639 1518 Catholice,
687 1468 840 1510 deinde
882 1468 972 1521 pie,
1018 1481 1070 1509 ac
1112 1467 1282 1508 demum
1322 1466 1453 1508 etiam
1487 1466 1614 1509 docte
1646 1466 1700 1508 ad
1733 1481 1944 1508 summam

181 1534 335 1578 summi
367 1534 468 1576 DEI
499 1534 683 1587 gloriam
715 1532 985 1576 instituatur.

299 1599 360 1642 Vt
392 1599 642 1642 Catholicae
683 1599 783 1640 fidei
825 1601 870 1640 et
901 1597 1140 1650 Religionis
1182 1597 1320 1639 solida
1361 1596 1433 1639 ille
1473 1596 1606 1639 iaciat
1644 1597 1942 1648 fundamenta,

181 1666 224 1708 in
256 1664 408 1720 primis
442 1667 510 1706 est
542 1664 866 1706 elaborandum.
920 1663 1017 1704 Huc
1049 1665 1196 1704 autem
1229 1662 1426 1704 conferet
1457 1675 1616 1714 magno
1649 1662 1791 1704 studio
1823 1662 1942 1704 illum

183 1732 236 1774 ab
269 1730 335 1772 his
369 1743 573 1779 auocare,
618 1729 690 1782 qui
722 1743 876 1783 parum
909 1727 1111 1770 catholici
1145 1741 1239 1769 esse
1272 1727 1555 1777 videbuntur,
1598 1740 1678 1768 nec
1710 1727 1818 1769 alios
1851 1727 1944 1780 qui-

184 1797 279 1838 dem
311 1796 354 1837 in
387 1795 501 1836 illius
534 1794 635 1836 aula
667 1794 849 1844 versari,
884 1807 1011 1846 quam
1046 1793 1118 1846 qui
1149 1793 1359 1847 probatae
1381 1795 1482 1834 sunt
1503 1792 1603 1833 fidei
1626 1795 1668 1834 et
1690 1792 1942 1846 Religionis.

182 1861 302 1904 Nihil
334 1859 467 1914 igitur
500 1874 596 1901 cum
619 1859 826 1912 Sectarijs
859 1861 936 1900 aut
968 1858 1020 1900 de
1052 1871 1157 1899 vera
1182 1857 1267 1899 fide
1289 1857 1501 1911 suspectis
1524 1871 1747 1899 commune
1770 1858 1942 1907 habeat,

184 1940 262 1969 nec
294 1926 392 1968 illos
425 1925 478 1967 ad
513 1925 785 1977 colloquium,
829 1927 874 1966 et
914 1924 1050 1966 multo
1084 1923 1224 1964 minus
1258 1923 1313 1965 ad
1344 1922 1691 1965 familiaritatem
1724 1922 1942 1965 admittat.

184 1992 296 2034 Solis
329 1990 554 2033 catholicis
586 1990 706 2040 fidat,
751 2003 984 2042 eorumque
1017 1987 1269 2030 sinceritate
1303 1990 1347 2030 et
1380 1988 1470 2029 zelo
1503 1987 1546 2029 in
1578 1988 1707 2029 rebus
1739 1988 1838 2030 fidei
1871 1988 1942 2029 de-

184 2056 410 2100 fendendis
444 2070 539 2097 cum
561 2054 712 2109 primis
735 2055 939 2108 gaudeat.
988 2053 1245 2096 Haereticos
1269 2067 1372 2094 vero
1396 2052 1532 2095 veluti
1554 2056 1701 2107 pestes
1723 2054 1944 2095 habendos

185 2125 230 2165 et
262 2121 530 2164 execrandos
562 2120 802 2173 intelligat3
836 2119 1008 2161 illorum
1041 2118 1184 2160 odium
1218 2118 1432 2171 quoddam
1457 2118 1673 2172 concipiat
1695 2132 1750 2160 ex
1771 2119 1945 2162 teterri-

185 2188 266 2229 mis
298 2186 526 2236 fructibus,
561 2199 667 2238 quos
700 2188 824 2227 aetas
856 2187 1008 2226 nostra
1041 2185 1084 2225 et
1110 2184 1306 2237 superior
1327 2183 1371 2225 in
1395 2183 1690 2226 Schismaticis
1713 2187 1757 2226 et
1779 2184 1945 2226 Haere-

185 2252 284 2295 ticis
317 2254 500 2305 experta
533 2253 599 2292 est
618 2251 644 2293 1.
710 2250 954 2303 Cognoscat
987 2248 1264 2291 absurdiores
1296 2248 1613 2291 haereticorum
1647 2262 1830 2299 errores,
1873 2249 1943 2302 qui

186 2317 346 2372 passim
389 2316 515 2358 hodie
556 2319 821 2369 sparguntur
854 2317 898 2357 et
930 2328 1061 2368 saepe
1095 2328 1187 2355 cum
1222 2313 1393 2356 ratione
1424 2313 1519 2367 ipsa
1551 2317 1759 2367 pugnant.
1822 2314 1944 2356 Judi-

187 2396 287 2425 care
319 2381 434 2424 norit
466 2381 518 2422 de
551 2383 618 2423 tot
640 2394 691 2422 ac
712 2379 849 2422 tantis
872 2382 1088 2422 sectarum
1115 2379 1453 2420 dissensionibus
1476 2392 1526 2420 ac
1548 2379 1716 2432 pugnis
1769 2379 1945 2422 Habeat

188 2448 417 2502 explorata
451 2445 595 2500 capita
628 2445 860 2499 quaedam,
905 2458 1014 2497 quae
1047 2444 1315 2486 Catholicum
1349 2446 1500 2498 pectus
1533 2444 1762 2485 aduersum
1795 2444 1945 2487 Secta—

187 2514 273 2554 rios
314 2512 406 2554 iure
448 2512 726 2560 confirmant,
773 2509 974 2551 nimirum
1023 2509 1075 2550 de
1123 2509 1391 2551 authoritate
1437 2509 1477 2551 S.
1512 2509 1667 2551 Matris
1708 2509 1942 2559 Ecclesiae,

188 2592 314 2631 quam
349 2577 421 2629 qui
452 2590 538 2618 non
571 2576 763 2626 audiunt,
799 2589 875 2629 pro
899 2574 1096 2616 Ethnicis
1130 2588 1224 2616 esse
1248 2574 1519 2623 dueendos2;
1554 2574 1606 2615 de
1629 2574 1771 2627 capite
1794 2575 1945 2617 Eccle-

188 2642 277 2684 siae
300 2641 543 2694 Christique
567 2640 739 2683 Vicario
763 2639 973 2682 Pontifice
999 2639 1192 2683 Maximo
1225 2639 1345 2681 cuius
1377 2638 1688 2682 authoritatem
1720 2639 1763 2680 in
1795 2640 1945 2693 primis

188 2710 454 2756 reuereatur‚
488 2706 539 2747 de
563 2719 644 2758 quo
669 2705 801 2747 etiam
823 2707 1076 2747 reuerenter
1099 2706 1143 2746 et
1165 2704 1328 2746 sentiat
1351 2706 1396 2745 et
1417 2705 1633 2756 loquatur,
1686 2704 1945 2748 Praetereaa

190 2773 242 2813 de
283 2770 483 2823 Concilijs
523 2770 822 2823 generalibus,
870 2770 921 2811 de
962 2769 1292 2819 traditionibus,
1339 2769 1541 2811 Patribus
1583 2771 1627 2810 et
1668 2769 1945 2813 Scholasticis

189 2835 460 2878 Doctoribus,
524 2835 752 2877 Caeterum
796 2835 847 2876 de
889 2834 955 2876 his
996 2834 1157 2876 rectius
1189 2833 1399 2888 paulatim
1431 2833 1669 2886 intelliget,
1715 2849 1808 2876 cum
1842 2849 1944 2877 vere

191 2900 448 2943 catholicum
492 2902 535 2941 et
574 2899 747 2953 ingenio
788 2914 864 2941 suo
898 2902 1046 2953 aptum
1080 2899 1280 2941 habuerit
1313 2901 1356 2940 et
1388 2912 1518 2952 saepe
1550 2898 1735 2940 audierit
1767 2899 1944 2942 Concio-

309 2976 336 3006 a)
358 2976 402 2999 Ita
423 2976 467 3005 B;
486 2981 557 3006 prae
578 2976 612 2998 A.

313 3072 322 3091 ¹
348 3070 438 3104 Vide
465 3080 555 3113 quae
581 3069 622 3102 de
649 3069 715 3102 hoc
743 3069 875 3103 Canisii
901 3068 1047 3103 consilio
1075 3069 1140 3103 sub
1168 3069 1265 3113 ipsas
1291 3068 1356 3102 has
1381 3068 1523 3102 litteras
1550 3068 1722 3102 dicentur.

310 3124 323 3143 ²
350 3123 402 3157 Cf.
430 3123 483 3156 Mt
511 3122 564 3162 18,
594 3123 646 3155 17.
