2044 3335
612 94 746 129 Diebus
774 94 827 128 14.
847 95 883 128 et
912 93 965 128 15.
985 92 1192 127 Decembris
1221 92 1323 127 1567.

92 212 263 255 cietatis
280 212 307 254 J
311 211 420 254 ESU
439 211 482 252 in
502 210 736 253 Germania
753 209 987 264 superiore,

90 278 174 320 iter
206 276 311 319 fecit
343 290 398 317 ex
432 275 610 319 ciuitate
633 276 836 329 Augusta
858 274 987 317 Oeni-

90 345 269 397 pontum
286 341 339 383 ad
355 340 619 383 uisitandum
634 341 738 382 illud
751 339 988 393 Collegium

91 407 323 449 secundum
358 406 727 455 consuetudinem,
767 405 837 446 uel
870 406 988 461 certe

91 472 145 514 ad
198 471 384 513 dandam
434 470 630 512 ultimam
679 469 987 512 resolutionem

91 535 385 579 Serenissimis
409 535 588 588 Reginis
622 535 735 577 circa
765 534 987 588 negotium

90 601 359 655 Monasterij,
385 601 498 653 quod
522 600 663 643 dictae
681 600 858 653 reginae
876 599 988 641 desi-

92 667 303 709 derabant
336 666 517 718 erigere,
552 668 597 707 et
628 666 671 706 in
699 679 749 707 eo
773 679 869 707 cum
893 664 988 717 alijs

90 731 367 773 nobilissimis
390 730 631 784 virginibus
654 730 847 772 inclusae
870 729 986 771 DEO

90 797 276 848 seruire,
323 799 366 839 et
411 796 537 838 simul
583 797 686 837 dare
731 795 987 849 principium

90 876 229 904 nouae
286 861 488 914 religioni
544 861 832 903 foeminarum
885 859 990 901 subb

90 927 405 980 gubernatione
445 927 587 968 dictae
620 925 904 968 Societatis1:
947 927 990 967 et

91 993 181 1035 eius
211 992 378 1035 itineris
400 1006 469 1034 me
493 991 661 1045 accepit
683 991 859 1034 socium.
893 990 992 1032 Dis-

91 1058 299 1100 cessimus
331 1057 458 1099 ambo
481 1057 561 1099 soli
591 1057 805 1110 Augusta,
839 1069 992 1097 uersus

91 1123 246 1177 Alpes;
272 1125 316 1165 et
339 1123 439 1176 quia
456 1122 634 1164 fuerant
651 1125 784 1164 antea
802 1121 990 1176 pluuiae,

91 1191 135 1230 et
168 1189 299 1231 etiam
332 1193 436 1231 tunc
469 1188 609 1230 adhuc
643 1188 872 1236 durabant,
907 1200 992 1228 non

91 1253 182 1295 sine
215 1254 419 1308 periculis
453 1257 497 1297 et
528 1253 761 1303 laboribus,
802 1252 992 1294 maxime

91 1319 605 1373 propterinundationem
618 1318 854 1369 fluminum,
873 1318 992 1371 equi-

91 1385 292 1427 tabamus
310 1385 426 1427 inter
443 1385 541 1427 illos
556 1384 791 1427 altissimos
807 1388 991 1426 montes.

92 1450 375 1492 Peruenimus
416 1453 564 1493 tamen
606 1449 884 1491 nihilominus
916 1462 994 1503 per

91 1515 191 1557 DEI
224 1516 413 1569 gratiam
443 1516 498 1557 ad
521 1515 833 1557 Monasterium
858 1514 993 1567 quod-

92 1581 190 1622 dam
209 1582 431 1634 nigrorum
462 1581 774 1623 Monachorum
794 1580 834 1622 S.
851 1580 991 1622 Bene-

92 1646 195 1701 dictj
209 1648 238 1689 2.
295 1647 457 1689 Verum
495 1646 625 1700 paulo
665 1648 899 1698 antequam
941 1659 991 1687 eo

91 1712 439 1766 perueniremus,
503 1712 815 1754 transeundum
869 1711 991 1753 nobis

91 1777 175 1819 fuit
192 1792 267 1832 per
285 1777 506 1819 fluuiolum
527 1777 739 1831 quendam
755 1778 783 1827 3,
808 1791 990 1831 paruum

92 1843 321 1895 ordinarie,
356 1844 431 1885 sed
459 1844 567 1886 adeo
591 1846 694 1885 tunc
717 1846 891 1885 auctum
914 1856 993 1896 per

90 1909 274 1962 pluuias,
305 1911 354 1951 ut
375 1912 507 1963 ponte
530 1908 654 1962 aquis
678 1910 891 1958 contecto,
916 1907 991 1949 uix

91 1974 344 2017 uiderentur
383 1974 572 2017 eiusdem
607 1974 752 2028 pontis
785 1973 990 2027 spondae,

92 2053 202 2092 (11136
236 2042 363 2082 erant
395 2040 506 2082 duae
537 2040 731 2094 perticae
759 2053 836 2080 seu
858 2038 990 2092 ligna.

91 2105 160 2147 Ab
192 2108 377 2158 utraque
410 2108 556 2147 autem
579 2106 725 2159 pontis
747 2107 873 2159 parte
895 2108 991 2147 tan-

90 2174 183 2212 tum
202 2173 298 2213 erat
316 2185 538 2224 aquarum,
558 2175 606 2213 ut
621 2170 843 2212 uideretur
857 2170 990 2212 lacus.

90 2236 159 2277 Ad
191 2236 301 2279 istas
334 2250 470 2290 aquas
504 2250 597 2278 cum
629 2236 990 2290 peruenissemUS,

92 2301 202 2344 dixit
234 2303 339 2344 mihi
361 2303 407 2345 P.
433 2301 644 2351 Canisius,
680 2302 812 2344 Pater
834 2301 992 2343 uidetis

91 2367 166 2409 illa
199 2368 282 2410 duo
316 2368 448 2421 ligna,
483 2368 525 2408 in
558 2367 701 2409 media
734 2366 876 2419 aqua?
916 2380 993 2420 per

212 2446 240 2475 a)
261 2442 470 2476 Henipontum
489 2444 524 2468 B.

599 2441 629 2473 b)
651 2442 791 2473 Sequitur
810 2449 835 2466 υ.
849 2442 1058 2471 oblitteratum,
1077 2441 1152 2472 quod
1174 2441 1232 2465 ium
1252 2449 1307 2466 mm
1318 2443 1415 2472 potest
1429 2440 1494 2472 leyi.

1768 92 1851 132 725

1025 208 1120 246 tatis
1167 208 1288 246 IESV

1025 275 1223 317 discessus
1253 279 1447 326 Augusta,
1481 276 1647 315 contulit
1676 289 1717 314 se
1740 276 1855 314 Oeni-

1339 207 1573 246 Germaniae
1619 206 1852 256 Superioris,

1023 352 1209 398 pontuma
1241 361 1392 394 uersus,
1423 347 1638 396 Collegium
1666 347 1762 384 illud
1783 359 1854 395 pro

1023 432 1130 457 more
1168 419 1335 463 uisurus,
1377 419 1439 456 uel
1476 418 1606 467 potius
1637 417 1684 454 ad
1714 415 1855 466 plenis·

1025 489 1120 526 sime
1141 489 1361 526 edocendas
1383 488 1664 526 Serenissimas
1682 486 1855 535 Reginas

1025 560 1071 597 de
1113 561 1230 596 rebus
1271 559 1527 607 Monasterij,
1576 558 1677 607 quod
1717 557 1859 606 ijsdem'

1024 643 1133 667 mens
1163 632 1248 666 erat
1276 629 1438 678 erigere,
1460 629 1500 665 in
1531 641 1650 677 eoque
1671 641 1749 666 una
1771 641 1857 665 cum

1024 699 1219 738 nobilibus
1240 699 1469 748 Virginibus
1499 698 1619 736 uitam
1641 711 1758 747 agere
1780 711 1858 735 ser-

1025 771 1166 808 uiendo
1196 771 1293 815 Deo,
1333 783 1406 807 nec
1445 783 1523 806 non
1562 772 1600 806 et
1630 770 1700 806 sub
1731 768 1858 806 Socie-

1025 835 1120 873 tatis
1162 835 1287 872 tutela
1328 847 1470 871 nouam
1512 834 1716 871 mulierum
1757 833 1858 870 Reli-

1027 902 1181 950 gionem
1212 899 1376 937 fundare
1394 903 1416 945 ¹,
1456 912 1529 947 (1110
1559 899 1600 936 111
1628 898 1769 936 itinere
1798 911 1858 935 me

1028 972 1103 1010 sibi
1133 972 1309 1010 Comiten
1339 971 1528 1008 adiunxit.

1088 1042 1168 1080 Soli
1214 1043 1327 1079 ambo
1376 1042 1559 1089 Augusta
1608 1039 1860 1088 discessimus

1028 1128 1166 1152 uersus
1196 1114 1331 1163 Alpes,
1372 1117 1410 1151 et
1441 1113 1531 1162 quia
1560 1114 1861 1162 praecesserant

1028 1185 1204 1234 pluuiae,
1244 1198 1317 1222 nec
1356 1185 1482 1222 adhuc
1522 1184 1743 1228 cessabant,
1783 1194 1862 1219 non

1029 1256 1114 1294 sine
1144 1255 1379 1299 discrimine,
1411 1258 1450 1292 et
1470 1253 1651 1291 molestia
1672 1254 1720 1290 ob
1740 1251 1862 1289 fiumi-

1028 1340 1120 1364 num
1158 1326 1392 1376 praesertim
1431 1325 1736 1363 exundationem
1775 1336 1862 1361 uas-

1028 1397 1203 1435 tissimos
1233 1397 1321 1434 illos
1350 1397 1453 1434 inter
1481 1398 1634 1434 montes
1664 1394 1862 1443 equitaba-

1029 1483 1126 1507 mus.
1159 1468 1376 1517 Attigimus
1397 1468 1567 1512 tandem,
1590 1467 1673 1503 Deo
1690 1466 1861 1510 fauente,

1029 1539 1314 1578 Monasterium
1355 1539 1444 1576 Mon
1452 1538 1637 1575 achorum
1649 1548 1660 1561 ⁶
1717 1536 1864 1574 ordinis

1031 1604 1165 1643 Sancti
1177 1603 1381 1642 Benedicti
1393 1605 1417 1649 2,
1433 1602 1500 1640 sed
1515 1602 1631 1652 paulo
1644 1604 1735 1638 ante
1748 1614 1861 1649 quam

1029 1675 1369 1725 peruenissemUS,
1434 1686 1598 1711 necesse
1654 1671 1861 1709 habuimus

1028 1746 1170 1783 flumen
1184 1745 1370 1794 traijcere
1384 1747 1408 1790 3,
1431 1743 1530 1793 quod
1545 1743 1688 1793 pluuijs
1704 1746 1861 1780 auctum

1028 1816 1085 1854 ita
1106 1815 1304 1854 eminebat
1323 1815 1445 1865 ponti,
1467 1818 1510 1852 ut
1530 1814 1704 1863 spondae
1724 1813 1860 1862 ipsius,

1029 1886 1128 1923 duae
1168 1886 1293 1924 solum
1331 1886 1465 1923 trabes
1496 1885 1544 1921 ad
1574 1885 1700 1922 latera
1730 1882 1860 1932 pontis

1030 1952 1181 1989 defixae
1201 1951 1271 1989 uix
1292 1954 1540 2001 apparerent,
1570 1953 1728 2000 praeter
1748 1960 1862 1998 quam

1029 2023 1129 2071 quod
1169 2023 1287 2060 etiam
1318 2035 1366 2059 ex
1396 2021 1526 2071 pontis
1556 2024 1720 2069 utraque
1750 2022 1861 2069 parte

1028 2096 1141 2131 tanta
1162 2096 1247 2130 erat
1267 2105 1391 2141 aquae
1408 2091 1532 2141 copia,
1554 2094 1596 2128 ut
1610 2091 1738 2127 lacum
1752 2101 1863 2138 prae-

1029 2165 1206 2202 seferret.
1246 2163 1341 2202 Cum
1370 2162 1491 2211 igitur
1521 2161 1622 2211 apud
1645 2161 1718 2198 has
1739 2172 1861 2209 aquas

1030 2248 1225 2281 essemus,
1275 2234 1330 2271 ait
1371 2233 1465 2271 mihi
1506 2233 1626 2270 Pater
1667 2230 1861 2276 canisius,

1030 2299 1159 2337 cernis
1191 2300 1264 2337 duo
1294 2299 1363 2336 illa
1391 2299 1501 2347 ligna
1529 2298 1568 2335 in
1598 2297 1725 2335 medio
1746 2309 1862 2345 aqua-

1029 2373 1141 2408 rum?
1180 2371 1272 2408 illac
1311 2371 1424 2408 nobis
1463 2372 1524 2407 est
1558 2367 1860 2406 transeundum:

1567 2444 1592 2465 c)
1612 2438 1809 2463 Monacorum
1828 2438 1864 2462 B.

214 2558 223 2577 ¹
251 2557 416 2593 Canisius
451 2556 518 2591 hoc
553 2556 622 2590 iter
647 2555 808 2600 suscepit
840 2566 910 2588 non
936 2557 976 2589 ut
1011 2554 1202 2597 collegium
1229 2553 1398 2588 visitaret
1436 2551 1558 2597 (paulo
1584 2554 1667 2585 ante
1693 2550 1728 2584 id
1763 2561 1862 2595 prae-

90 2611 262 2654 stiterat),
298 2611 359 2645 sed
395 2612 435 2644 ut
470 2609 504 2644 S.
531 2609 715 2643 Francisci
742 2609 895 2651 Borgiae
931 2608 1126 2653 praepositi
1161 2607 1342 2650 generalis
1377 2607 1519 2640 nomine
1546 2604 1799 2648 Magdalenam
1828 2606 1864 2637 et

93 2665 267 2699 Helenam
302 2663 567 2699 archiducissas
598 2662 768 2696 certiores
803 2662 949 2702 faceret,
987 2661 1204 2695 Societatem
1230 2672 1299 2694 non
1336 2671 1439 2705 posse
1474 2659 1509 2693 in
1537 2658 1687 2702 collegio
1723 2657 1862 2702 piarum

90 2719 291 2759 mulierum,
319 2718 412 2762 quod
439 2718 538 2762 ipsae
557 2717 672 2750 Halae
698 2716 888 2750 instituere
906 2715 1087 2756 volebant,
1116 2714 1218 2757 (licet
1243 2713 1498 2747 monasterium
1525 2725 1595 2747 non
1619 2711 1730 2755 esset)
1759 2722 1863 2745 sacra

91 2772 355 2816 administrare,
382 2774 490 2815 atque
516 2774 556 2805 ut
583 2771 653 2804 alia
680 2770 856 2814 quaedam
883 2781 963 2803 cum
990 2769 1078 2813 ipsis
1105 2770 1298 2808 tractaret;
1335 2779 1368 2801 v.
1397 2778 1505 2812 supra
1531 2779 1564 2811 p.
1594 2766 1658 2800 107
1690 2765 1755 2799 146
1782 2765 1861 2800 610.

211 2827 224 2846 2
250 2825 367 2866 Ettal;
396 2825 478 2859 vide
501 2836 610 2869 supra
637 2836 670 2869 p.
690 2824 769 2858 724.
809 2823 848 2856 111
874 2822 1064 2856 raderiana
1090 2823 1255 2855 versione
1282 2820 1447 2855 monachi
1474 2820 1669 2854 ettalenses
1687 2821 1864 2853 vocantur

95 2879 208 2922 „nigri
227 2879 391 2913 monachi
410 2878 444 2912 S.
463 2878 681 2917 Benedicti“‚
708 2878 749 2910 ut
773 2876 1007 2920 significetur,
1035 2887 1094 2909 eos
1121 2887 1166 2909 ex
1184 2887 1305 2909 eorum
1322 2886 1470 2908 numero
1496 2874 1619 2915 fuisse,
1647 2873 1706 2917 qui
1728 2873 1861 2915 „Bene—

91 2933 236 2967 dictini⁴⁴
259 2932 368 2976 vulgo
395 2931 631 2977 appellantur,
658 2943 729 2964 non
748 2930 1008 2965 Cistercienses
1034 2929 1094 2963 vel
1121 2928 1415 2962 Camaldulenses
1440 2927 1499 2961 vel
1523 2926 1756 2961 Silvestrinos
1784 2929 1864 2970 etc„

91 2987 153 3031 qui
188 2998 268 3021 cum
296 2988 332 3019 et
364 2986 432 3029 ipsi
467 2985 630 3029 regulam
658 2984 692 3018 S.
719 2984 904 3018 Benedicti
936 2995 999 3028 pro
1027 2994 1091 3016 suo
1117 2982 1249 3026 quique
1276 2981 1441 3016 instituto
1469 2981 1673 3022 observent,
1699 2980 1863 3015 vestibus

91 3041 183 3075 albis
210 3040 269 3074 vel
295 3039 470 3074 caeruleis
495 3041 655 3073 utuntur.

213 3095 224 3113 ³
250 3093 467 3127 Ambronem
496 3093 655 3138 (Amper,
683 3092 826 3133 Amber,
854 3090 1037 3134 Ammer);
1067 3090 1149 3124 vide
1175 3101 1284 3135 supra
1310 3101 1343 3134 p.
1372 3089 1451 3123 724.
