2044 3335
934 575 997 616 III

257 659 569 716 'FABULAE
607 659 1146 716 CHRONOLOG-ICAE
1184 658 1393 714 VITAE
1432 659 1683 716 CANISII

440 754 498 796 ab
533 753 575 796 1.
600 752 808 807 Augusti
842 752 957 797 1567
991 753 1050 796 ad
1084 754 1270 796 exitum
1302 766 1345 795 a.
1370 752 1498 797 1571.

206 854 303 895 Quae
320 853 368 885 ad
385 853 496 886 libros
517 853 658 886 Canisii
676 857 705 886 et
723 853 771 885 ad
796 853 928 886 simules
954 864 1010 886 res
1036 853 1238 886 litter-arias
1261 858 1430 897 spectant,
1457 854 1608 887 cursivis
1631 855 1701 888 sive
1728 856 1859 890 italicis

84 908 210 941 Zilterz's
236 907 415 949 descripta
442 911 535 940 sunt.

200 960 353 993 Numeri
378 961 482 993 mzcis
506 960 648 1002 inclusi,
676 960 739 1002 Qui
762 960 915 1002 sinyiclis
939 961 1121 993 sententiis
1145 961 1343 1003 adduntur,
1372 961 1567 1005 ostendunt,
1599 962 1726 1005 quibus
1747 964 1858 1006 potis-

81 1015 210 1047 se'imcm
237 1013 323 1047 libri
340 1014 489 1056 poyz'm's
513 1013 657 1055 sinyula
681 1013 781 1054 facta
809 1014 985 1056 copiosius
1011 1017 1222 1047 narrentur.

203 1067 239 1100 0.
267 1080 311 1095 z
342 1066 520 1110 Conscius,
550 1067 691 1099 Canisil
717 1071 777 1099 etc.

132 1138 221 1173 1567
324 1138 403 1182 post
430 1148 475 1171 m.
494 1136 602 1170 Mart.
678 1137 796 1180 Steph.
811 1138 852 1170 de
867 1137 1034 1170 Malescot
1050 1138 1204 1171 Parisiis
1223 1137 1273 1179 (et
1287 1138 1484 1182 Basileae)‚
1502 1140 1658 1182 exemplo
1677 1151 1699 1173 α
1720 1140 1861 1174 Canisii

738 1191 886 1223 Summa
923 1194 1082 1234 sumpto,
1123 1191 1369 1224 catechismum
1408 1192 1651 1226 calve'nianmn
1690 1195 1859 1228 adversus

738 1244 924 1277 Societatis
949 1244 1141 1278 cccteelzesin
1168 1245 1238 1278 edit
1266 1244 1379 1287 (659).

132 1298 220 1332 1567
264 1295 266 1339 Ξ
387 1297 482 1339 Aug.
503 1296 534 1331 1.
679 1296 844 1331 Canisius
887 1299 1114 1342 praepositus
1156 1298 1390 1343 provincialis
1432 1297 1669 1345 Oenipontem
1712 1301 1860 1335 advenit

264 1349 266 1380 ἰ
737 1353 773 1384 et
799 1351 991 1395 collegium
1019 1351 1168 1385 visitare
1195 1351 1321 1396 incipit
1348 1351 1384 1395 (6
1415 1353 1511 1396 156).

131 1405 220 1440 1567
283 1403 638 1446 inter1.et12.Aug.
678 1403 825 1438 Petrum
865 1405 1053 1439 Aretinum
1093 1405 1237 1448 collegii
1276 1406 1554 1440 credentiarium
1597 1419 1642 1441 ex
1681 1407 1859 1443 Societate

738 1458 889 1492 dimittit
917 1458 1008 1502 (10).

114 1527 224 1568 1567
343 1523 412 1565 Ab
452 1525 488 1566 1.
523 1523 579 1565 ad
678 1525 783 1567 Cum
816 1525 1090 1567 Ferdinando
1132 1526 1185 1567 Π.
1230 1526 1459 1569 archiduce
1502 1541 1552 1569 ac
1594 1528 1859 1581 Magdalena

361 1590 427 1631 19.
452 1587 565 1642 Aug.
737 1594 781 1633 et
805 1591 973 1633 Helena
1005 1591 1141 1645 ipsius
1174 1591 1394 1634 sororibus
1428 1593 1480 1634 de
1504 1593 1737 1636 Societatis
1770 1596 1860 1637 col-

736 1656 851 1709 legio
894 1657 1185 1711 oenipontano
1231 1671 1281 1699 ac
1327 1658 1379 1699 de
1421 1659 1547 1700 domo
1589 1659 1857 1702 noviciorum

737 1721 969 1765 Societatis
1015 1725 1060 1765 et
1108 1722 1290 1776 collegio
1338 1723 1556 1776 virginum
1602 1725 1743 1768 Halae
1795 1726 1860 1768 in-

736 1786 968 1829 stituendis
1001 1787 1094 1840 agit
1127 1786 1251 1842 (6ss24
1287 1787 1454 1844 602s4).

131 1864 219 1899 1567
387 1862 480 1905 Aug.
500 1862 532 1896 5.
677 1863 729 1896 Ad
758 1863 879 1897 Socios
906 1863 1192 1898 exhortationem
1220 1864 1298 1898 sive
1325 1865 1521 1899 orationem
1540 1865 1649 1900 habet
1671 1867 1734 1909 „de
1760 1879 1860 1902 reno-

263 1951 265 1958 ,
735 1918 881 1951 vatione
907 1918 1094 1951 votorum“
1127 1918 1177 1961 (Ῥ)
1211 1918 1326 1962 (602).

130 1972 219 2007 1567
283 1969 635 2013 ἰῃῒοῐ1.οῢ19.Αυς.
677 1969 766 2004 Cum
792 1970 832 2004 P.
861 1971 986 2015 Crispo
1013 1975 1049 2005 et
1076 1971 1305 2005 archiducem
1341 1974 1377 2006 et
1412 1973 1489 2006 eius
1520 1973 1859 2009 vicecancellarium

736 2023 811 2058 adit
850 2036 892 2058 ac
931 2025 973 2058 de
1009 2025 1143 2069 templo
1179 2025 1371 2060 Societatis
1407 2026 1657 2071 amplificando
1697 2039 1778 2062 cum
1816 2028 1860 2063 iis

736 2078 814 2121 agit
842 2079 879 2120 (6
907 2078 1004 2122 603).

130 2133 218 2167 1567
377 2130 471 2173 Aug.
493 2130 546 2165 15.
675 2131 741 2165 Die
768 2143 871 2166 sacro
891 2133 1158 2176 Assumptionis
1185 2132 1224 2166 Β.
1244 2132 1292 2167 Μ.
1310 2133 1352 2168 V.
1378 2145 1521 2167 sacrum
1548 2134 1704 2169 faciente
1732 2135 1769 2170 C.
1789 2136 1859 2171 col-

735 2184 821 2228 legii
847 2186 990 2220 sodales
1016 2189 1102 2220 vota
1127 2185 1297 2229 religiosa
1324 2189 1501 2221 renovant
1529 2187 1620 2231 (14).

129 2240 218 2275 1567
293 2236 410 2270 medio
437 2236 513 2270 fere
530 2237 625 2280 Aug.
677 2238 714 2274 G.
742 2250 823 2273 cum
850 2239 889 2274 P.
917 2239 1049 2273 Lanoio
1085 2239 1228 2283 collegii
1259 2242 1397 2274 rectore
1424 2239 1536 2276 Halae
1568 2241 1686 2276 locum
1713 2243 1858 2277 futurae

403 2289 522 2334 (16.‘?)
735 2293 861 2327 domus
889 2292 1081 2327 Societatis
1108 2293 1253 2338 inspicit
1283 2294 1374 2337 (19).

130 2353 219 2388 1567
377 2349 471 2393 Aug.
494 2350 548 2384 19.
676 2350 877 2398 Oeniponte
903 2353 938 2387 in
965 2353 1158 2387 Bavariam
1185 2354 1425 2398 proficiscitur
1452 2354 1543 2399 (13).

341 2402 396 2444 (ut
422 2403 579 2447 videtur)

129 2461 218 2496 1567
329 2457 395 2490 sub
422 2457 478 2491 21.
498 2457 590 2501 Aug.
676 2458 746 2492 Per
781 2459 873 2492 diem
909 2459 984 2494 fere
1020 2462 1141 2494 manet
1176 2459 1368 2495 Monachii.
1421 2461 1509 2495 Cum
1537 2462 1665 2496 Iacoba
1691 2465 1727 2497 et
1753 2464 1857 2498 Anna

735 2512 889 2547 ducissis
922 2515 957 2547 et
985 2525 1066 2548 cum
1093 2513 1205 2548 Eckio
1236 2514 1451 2549 cancellario
1487 2515 1529 2549 de
1564 2517 1720 2559 negotiis
1746 2517 1858 2552 variis

736 2566 813 2609 agit
842 2566 973 2610 (24s5).

128 2622 217 2656 1567
344 2617 388 2650 ab
416 2619 571 2651 exeunte
675 2620 862 2662 Epistulas
882 2622 1091 2664 pontificum
1124 2627 1153 2655 et
1180 2623 1437 2665 imperatorum
1466 2625 1744 2668 („collect2‘0ne7n
1770 2627 1861 2659 avel-

280 2670 459 2704 m.Iul.ad
474 2671 566 2706 med.
579 2671 656 2705 vel:
735 2672 916 2717 Zanam“),
942 2686 1031 2718 quas
1057 2676 1097 2708 P.
1121 2676 1330 2718 Onuphrms
1351 2677 1548 2711 Panvim‘us
1567 2680 1858 2721 Auyustim'anus

329 2726 473 2758 exeunt.
489 2723 587 2769 Sept.
734 2730 773 2761 in
798 2729 995 2762 Germania
1013 2730 1160 2772 vulyare
1177 2730 1260 2772 vult,
1280 2742 1302 2762 a
1321 2731 1505 2764 cardinali
1527 2732 1716 2765 Trnchsess
1734 2744 1858 2766 censor

735 2783 955 2825 constitutus,
982 2784 1196 2825 recoynoscit
1223 2788 1252 2816 et
1279 2785 1455 2827 approbat
1482 2784 1597 2829 (656).

128 2841 217 2875 1567
328 2840 395 2874 sub
422 2841 477 2875 23.
499 2842 592 2886 Aug.
676 2840 883 2887 Augustam
910 2841 1011 2875 venit
1038 2842 1131 2885 (29).

128 2901 217 2934 1567
280 2899 346 2933 sub
373 2903 517 2935 exeunt.
542 2902 636 2945 Aug.
675 2901 764 2935 Tres
783 2901 1035 2935 adulescentes
1050 2901 1199 2936 Romam
1219 2902 1254 2936 in
1273 2902 1464 2947 collegium
1484 2904 1730 2948 germanicum
1745 2905 1858 2940 mittit

727 2955 816 2998 (32).

111 3015 221 3056 1567
360 3017 550 3057 exeunte
675 3015 880 3071 Dilingae
905 3017 944 3059 S.
963 3016 1229 3059 Stanislaum
1242 3018 1459 3061 Kostkam
1475 3019 1734 3062 Vindobona
1756 3035 1856 3075 pro-

359 3094 414 3122 m.
434 3081 546 3134 Aug.
734 3081 886 3135 fugum
910 3082 1086 3137 excipit,
1113 3083 1346 3126 Societatis
1368 3085 1534 3127 Romae
1556 3085 1856 3140 impetrandae

1525 3154 1569 3189 c*
