<?xml version="1.0" encoding="UTF-8"?>
<!DOCTYPE html PUBLIC "-//W3C//DTD XHTML 1.0 Transitional//EN"
    "http://www.w3.org/TR/xhtml1/DTD/xhtml1-transitional.dtd">
<html xmlns="http://www.w3.org/1999/xhtml" xml:lang="en" lang="en">
 <head>
  <title>
</title>
<meta http-equiv="Content-Type" content="text/html;charset=utf-8" />
  <meta name='ocr-system' content='tesseract 3.04.00' />
  <meta name='ocr-capabilities' content='ocr_page ocr_carea ocr_par ocr_line ocrx_word'/>
</head>
<body>
  <div class='ocr_page' id='page_1' title='image "beatipetricanisi06cani_0399.png"; bbox 0 0 2044 3335; ppageno 0'>
   <div class='ocr_carea' id='block_1_1' title="bbox 96 102 1859 150">
    <p class='ocr_par' dir='ltr' id='par_1_1' title="bbox 96 102 1859 150">
     <span class='ocr_line' id='line_1_1' title="bbox 96 102 1859 150; baseline -0.007 -4"><span class='ocrx_word' id='word_1_1' title='bbox 96 112 197 146; x_wconf 89' lang='lat'>1667.</span> <span class='ocrx_word' id='word_1_2' title='bbox 218 110 303 145; x_wconf 88' lang='lat' dir='ltr'>Can.</span> <span class='ocrx_word' id='word_1_3' title='bbox 323 110 480 144; x_wconf 87' lang='lat' dir='ltr'>Thomae</span> <span class='ocrx_word' id='word_1_4' title='bbox 500 108 614 143; x_wconf 82' lang='lat' dir='ltr'>Gallo.</span> <span class='ocrx_word' id='word_1_5' title='bbox 658 108 758 142; x_wconf 87' lang='grc'>1668.</span> <span class='ocrx_word' id='word_1_6' title='bbox 780 106 865 142; x_wconf 87' lang='lat' dir='ltr'>Can.</span> <span class='ocrx_word' id='word_1_7' title='bbox 883 106 1037 150; x_wconf 85' lang='lat' dir='ltr'>Georgio</span> <span class='ocrx_word' id='word_1_8' title='bbox 1056 104 1274 140; x_wconf 84' lang='lat' dir='ltr'>Schorichio.</span> <span class='ocrx_word' id='word_1_9' title='bbox 1313 103 1384 138; x_wconf 93' lang='lat' dir='ltr'>Dil.</span> <span class='ocrx_word' id='word_1_10' title='bbox 1403 102 1601 145; x_wconf 80' lang='lat' dir='ltr'>Maiislunii</span> <span class='ocrx_word' id='word_1_11' title='bbox 1621 102 1723 136; x_wconf 89' lang='lat'>1569.</span> <span class='ocrx_word' id='word_1_12' title='bbox 1774 104 1859 145; x_wconf 82' lang='lat'>325</span> 
     </span>
    </p>
   </div>
   <div class='ocr_carea' id='block_1_2' title="bbox 91 219 1867 1228">
    <p class='ocr_par' dir='ltr' id='par_1_2' title="bbox 92 219 1862 432">
     <span class='ocr_line' id='line_1_2' title="bbox 212 219 1861 270; baseline -0.006 -8"><span class='ocrx_word' id='word_1_13' title='bbox 212 227 303 270; x_wconf 72' lang='lat' dir='ltr'>Quia</span> <span class='ocrx_word' id='word_1_14' title='bbox 322 226 487 261; x_wconf 82' lang='lat' dir='ltr'>Canisius</span> <span class='ocrx_word' id='word_1_15' title='bbox 513 225 549 260; x_wconf 90' lang='lat' dir='ltr'>in</span> <span class='ocrx_word' id='word_1_16' title='bbox 575 225 732 270; x_wconf 75' lang='lat' dir='ltr'>epistula</span> <span class='ocrx_word' id='word_1_17' title='bbox 752 225 805 260; x_wconf 91' lang='lat'>15.</span> <span class='ocrx_word' id='word_1_18' title='bbox 824 225 911 258; x_wconf 82' lang='lat' dir='ltr'>Maii</span> <span class='ocrx_word' id='word_1_19' title='bbox 933 225 1023 259; x_wconf 89' lang='lat'>1569</span> <span class='ocrx_word' id='word_1_20' title='bbox 1050 224 1094 258; x_wconf 87' lang='lat' dir='ltr'>ad</span> <span class='ocrx_word' id='word_1_21' title='bbox 1121 223 1154 257; x_wconf 80' lang='lat' dir='ltr'>S.</span> <span class='ocrx_word' id='word_1_22' title='bbox 1170 222 1402 256; x_wconf 86' lang='lat' dir='ltr'>Franciscum</span> <span class='ocrx_word' id='word_1_23' title='bbox 1421 220 1590 264; x_wconf 86' lang='lat' dir='ltr'>Borgiam</span> <span class='ocrx_word' id='word_1_24' title='bbox 1616 219 1861 264; x_wconf 83' lang='lat' dir='ltr'>praepositum</span> 
     </span>
     <span class='ocr_line' id='line_1_3' title="bbox 93 272 1862 326; baseline -0.006 -11"><span class='ocrx_word' id='word_1_25' title='bbox 93 280 297 326; x_wconf 79' lang='lat' dir='ltr'>generalem</span> <span class='ocrx_word' id='word_1_26' title='bbox 324 280 408 314; x_wconf 86' lang='lat' dir='ltr'>data</span> <span class='ocrx_word' id='word_1_27' title='bbox 433 279 541 313; x_wconf 86' lang='lat' dir='ltr'>huius</span> <span class='ocrx_word' id='word_1_28' title='bbox 565 278 701 322; x_wconf 80' lang='lat' dir='ltr'>negotii</span> <span class='ocrx_word' id='word_1_29' title='bbox 728 278 863 312; x_wconf 87' lang='lat' dir='ltr'>nullam</span> <span class='ocrx_word' id='word_1_30' title='bbox 890 278 979 312; x_wconf 85' lang='lat' dir='ltr'>facit</span> <span class='ocrx_word' id='word_1_31' title='bbox 1004 276 1231 315; x_wconf 81' lang='lat' dir='ltr'>menti-onem,</span> <span class='ocrx_word' id='word_1_32' title='bbox 1261 275 1426 319; x_wconf 81' lang='lat' dir='ltr'>equidem</span> <span class='ocrx_word' id='word_1_33' title='bbox 1451 273 1603 308; x_wconf 83' lang='lat' dir='ltr'>dixerim</span> <span class='ocrx_word' id='word_1_34' title='bbox 1628 273 1695 307; x_wconf 87' lang='lat' dir='ltr'>has</span> <span class='ocrx_word' id='word_1_35' title='bbox 1720 272 1862 306; x_wconf 77' lang='lat' dir='ltr'>litteras</span> 
     </span>
     <span class='ocr_line' id='line_1_4' title="bbox 92 326 1862 380; baseline -0.005 -12"><span class='ocrx_word' id='word_1_36' title='bbox 92 335 309 380; x_wconf 77' lang='lat' dir='ltr'>posteriores</span> <span class='ocrx_word' id='word_1_37' title='bbox 335 344 414 367; x_wconf 91' lang='lat' dir='ltr'>esse</span> <span class='ocrx_word' id='word_1_38' title='bbox 440 332 524 374; x_wconf 91' lang='lat' dir='ltr'>illis,</span> <span class='ocrx_word' id='word_1_39' title='bbox 551 343 642 376; x_wconf 85' lang='lat' dir='ltr'>quas</span> <span class='ocrx_word' id='word_1_40' title='bbox 668 332 762 366; x_wconf 83' lang='lat' dir='ltr'>inter</span> <span class='ocrx_word' id='word_1_41' title='bbox 789 332 820 366; x_wconf 88' lang='lat'>7.</span> <span class='ocrx_word' id='word_1_42' title='bbox 848 334 884 365; x_wconf 88' lang='lat' dir='ltr'>et</span> <span class='ocrx_word' id='word_1_43' title='bbox 913 331 966 365; x_wconf 95' lang='lat'>15.</span> <span class='ocrx_word' id='word_1_44' title='bbox 991 330 1078 364; x_wconf 88' lang='lat' dir='ltr'>Maii</span> <span class='ocrx_word' id='word_1_45' title='bbox 1107 329 1198 364; x_wconf 87' lang='grc'>1569</span> <span class='ocrx_word' id='word_1_46' title='bbox 1225 328 1269 362; x_wconf 86' lang='lat' dir='ltr'>ab</span> <span class='ocrx_word' id='word_1_47' title='bbox 1296 340 1336 362; x_wconf 88' lang='lat' dir='ltr'>eo</span> <span class='ocrx_word' id='word_1_48' title='bbox 1364 328 1408 362; x_wconf 88' lang='lat' dir='ltr'>ad</span> <span class='ocrx_word' id='word_1_49' title='bbox 1435 327 1623 361; x_wconf 84' lang='lat' dir='ltr'>Hoffaeum</span> <span class='ocrx_word' id='word_1_50' title='bbox 1651 326 1756 360; x_wconf 83' lang='lat' dir='ltr'>datas</span> <span class='ocrx_word' id='word_1_51' title='bbox 1782 336 1862 359; x_wconf 87' lang='lat' dir='ltr'>esse</span> 
     </span>
     <span class='ocr_line' id='line_1_5' title="bbox 94 386 463 432; baseline -0.008 -10"><span class='ocrx_word' id='word_1_52' title='bbox 94 388 167 422; x_wconf 84' lang='lat' dir='ltr'>dixi</span> <span class='ocrx_word' id='word_1_53' title='bbox 193 398 304 432; x_wconf 81' lang='lat' dir='ltr'>supra</span> <span class='ocrx_word' id='word_1_54' title='bbox 330 398 363 431; x_wconf 88' lang='lat' dir='ltr'>p.</span> <span class='ocrx_word' id='word_1_55' title='bbox 382 386 463 420; x_wconf 78' lang='lat'>320.</span> 
     </span>
    </p>

    <p class='ocr_par' dir='ltr' id='par_1_3' title="bbox 91 430 1867 1228">
     <span class='ocr_line' id='line_1_6' title="bbox 211 430 1862 482; baseline -0.006 -8"><span class='ocrx_word' id='word_1_56' title='bbox 211 440 252 474; x_wconf 90' lang='grc' dir='ltr'>Ρ.</span> <span class='ocrx_word' id='word_1_57' title='bbox 275 441 450 482; x_wconf 55' lang='lat' dir='ltr'>Geor-ydus</span> <span class='ocrx_word' id='word_1_58' title='bbox 478 438 708 472; x_wconf 70' lang='lat' dir='ltr'>Sclzorz&#39;cleius</span> <span class='ocrx_word' id='word_1_59' title='bbox 734 437 800 471; x_wconf 89' lang='lat' dir='ltr'>sub</span> <span class='ocrx_word' id='word_1_60' title='bbox 826 437 943 482; x_wconf 88' lang='lat' dir='ltr'>ipsum</span> <span class='ocrx_word' id='word_1_61' title='bbox 971 436 1107 470; x_wconf 86' lang='lat' dir='ltr'>exitum</span> <span class='ocrx_word' id='word_1_62' title='bbox 1133 446 1180 469; x_wconf 87' lang='lat' dir='ltr'>m.</span> <span class='ocrx_word' id='word_1_63' title='bbox 1199 434 1287 468; x_wconf 90' lang='lat' dir='ltr'>Maii</span> <span class='ocrx_word' id='word_1_64' title='bbox 1314 432 1494 467; x_wconf 88' lang='lat' dir='ltr'>Monachii</span> <span class='ocrx_word' id='word_1_65' title='bbox 1520 433 1556 466; x_wconf 89' lang='lat' dir='ltr'>in</span> <span class='ocrx_word' id='word_1_66' title='bbox 1583 431 1718 476; x_wconf 90' lang='lat' dir='ltr'>templo</span> <span class='ocrx_word' id='word_1_67' title='bbox 1745 430 1862 465; x_wconf 82' lang='lat' dir='ltr'>Socie-</span> 
     </span>
     <span class='ocr_line' id='line_1_7' title="bbox 93 483 1863 537; baseline -0.006 -10"><span class='ocrx_word' id='word_1_68' title='bbox 93 493 181 527; x_wconf 86' lang='lat' dir='ltr'>tatis</span> <span class='ocrx_word' id='word_1_69' title='bbox 209 492 285 536; x_wconf 91' lang='lat' dir='ltr'>(vel</span> <span class='ocrx_word' id='word_1_70' title='bbox 310 492 430 537; x_wconf 89' lang='lat' dir='ltr'>potius</span> <span class='ocrx_word' id='word_1_71' title='bbox 456 490 697 525; x_wconf 89' lang='lat' dir='ltr'>Eremitarum</span> <span class='ocrx_word' id='word_1_72' title='bbox 723 490 756 524; x_wconf 82' lang='lat' dir='ltr'>S.</span> <span class='ocrx_word' id='word_1_73' title='bbox 785 489 996 533; x_wconf 78' lang='lat' dir='ltr'>Augustini)</span> <span class='ocrx_word' id='word_1_74' title='bbox 1034 488 1290 523; x_wconf 72' lang='lat' dir='ltr'>contionatoris</span> <span class='ocrx_word' id='word_1_75' title='bbox 1316 497 1463 520; x_wconf 89' lang='lat' dir='ltr'>munere</span> <span class='ocrx_word' id='word_1_76' title='bbox 1489 485 1591 529; x_wconf 86' lang='lat' dir='ltr'>fungi</span> <span class='ocrx_word' id='word_1_77' title='bbox 1619 484 1736 529; x_wconf 89' lang='lat' dir='ltr'>coepit</span> <span class='ocrx_word' id='word_1_78' title='bbox 1765 483 1863 527; x_wconf 84' lang='lat' dir='ltr'>(vide</span> 
     </span>
     <span class='ocr_line' id='line_1_8' title="bbox 91 537 1862 591; baseline -0.006 -10"><span class='ocrx_word' id='word_1_79' title='bbox 91 557 202 591; x_wconf 89' lang='lat' dir='ltr'>supra</span> <span class='ocrx_word' id='word_1_80' title='bbox 219 558 253 591; x_wconf 88' lang='lat' dir='ltr'>p.</span> <span class='ocrx_word' id='word_1_81' title='bbox 273 545 392 589; x_wconf 80' lang='lat'>311²);</span> <span class='ocrx_word' id='word_1_82' title='bbox 418 545 510 579; x_wconf 86' lang='lat' dir='ltr'>unde</span> <span class='ocrx_word' id='word_1_83' title='bbox 530 544 585 578; x_wconf 88' lang='lat'>26.</span> <span class='ocrx_word' id='word_1_84' title='bbox 601 543 683 578; x_wconf 86' lang='lat' dir='ltr'>Iulii</span> <span class='ocrx_word' id='word_1_85' title='bbox 704 544 795 578; x_wconf 92' lang='lat'>1569</span> <span class='ocrx_word' id='word_1_86' title='bbox 814 543 852 578; x_wconf 90' lang='lat' dir='ltr'>P.</span> <span class='ocrx_word' id='word_1_87' title='bbox 869 542 991 577; x_wconf 88' lang='lat' dir='ltr'>Ioanni</span> <span class='ocrx_word' id='word_1_88' title='bbox 1010 542 1053 576; x_wconf 90' lang='lat' dir='ltr'>de</span> <span class='ocrx_word' id='word_1_89' title='bbox 1071 541 1227 575; x_wconf 90' lang='lat' dir='ltr'>Polanco</span> <span class='ocrx_word' id='word_1_90' title='bbox 1247 539 1438 574; x_wconf 70' lang='lat' dir='ltr'>societatis</span> <span class='ocrx_word' id='word_1_91' title='bbox 1456 538 1650 572; x_wconf 83' lang='lat' dir='ltr'>secretario</span> <span class='ocrx_word' id='word_1_92' title='bbox 1668 537 1862 582; x_wconf 84' lang='lat' dir='ltr'>*sc1·ipsit:</span> 
     </span>
     <span class='ocr_line' id='line_1_9' title="bbox 96 591 1863 643; baseline -0.005 -10"><span class='ocrx_word' id='word_1_93' title='bbox 96 599 209 642; x_wconf 84' lang='lat' dir='ltr'>„Illud</span> <span class='ocrx_word' id='word_1_94' title='bbox 234 599 381 633; x_wconf 90' lang='lat' dir='ltr'>vnicum</span> <span class='ocrx_word' id='word_1_95' title='bbox 406 598 510 643; x_wconf 91' lang='lat' dir='ltr'>cupio</span> <span class='ocrx_word' id='word_1_96' title='bbox 536 600 576 631; x_wconf 92' lang='lat' dir='ltr'>vt</span> <span class='ocrx_word' id='word_1_97' title='bbox 611 598 648 631; x_wconf 93' lang='lat' dir='ltr'>in</span> <span class='ocrx_word' id='word_1_98' title='bbox 673 598 798 631; x_wconf 88' lang='lat' dir='ltr'>nostra</span> <span class='ocrx_word' id='word_1_99' title='bbox 824 596 1004 630; x_wconf 83' lang='lat' dir='ltr'>Societate</span> <span class='ocrx_word' id='word_1_100' title='bbox 1029 595 1162 628; x_wconf 89' lang='lat' dir='ltr'>moriar</span> <span class='ocrx_word' id='word_1_101' title='bbox 1197 592 1291 638; x_wconf 86' lang='lat' dir='ltr'>quod</span> <span class='ocrx_word' id='word_1_102' title='bbox 1317 595 1438 626; x_wconf 79' lang='lat' dir='ltr'>tamen</span> <span class='ocrx_word' id='word_1_103' title='bbox 1465 592 1575 625; x_wconf 86' lang='lat' dir='ltr'>Pater</span> <span class='ocrx_word' id='word_1_104' title='bbox 1602 591 1768 625; x_wconf 87' lang='lat' dir='ltr'>Canisius</span> <span class='ocrx_word' id='word_1_105' title='bbox 1794 591 1863 625; x_wconf 87' lang='lat' dir='ltr'>sibi</span> 
     </span>
     <span class='ocr_line' id='line_1_10' title="bbox 92 644 1863 697; baseline -0.006 -10"><span class='ocrx_word' id='word_1_106' title='bbox 92 653 135 687; x_wconf 85' lang='lat' dir='ltr'>de</span> <span class='ocrx_word' id='word_1_107' title='bbox 160 664 218 686; x_wconf 87' lang='lat' dir='ltr'>me</span> <span class='ocrx_word' id='word_1_108' title='bbox 243 664 314 686; x_wconf 92' lang='lat' dir='ltr'>non</span> <span class='ocrx_word' id='word_1_109' title='bbox 339 651 518 697; x_wconf 89' lang='lat' dir='ltr'>promittit</span> <span class='ocrx_word' id='word_1_110' title='bbox 543 650 604 695; x_wconf 86' lang='lat' dir='ltr'>qui</span> <span class='ocrx_word' id='word_1_111' title='bbox 629 650 779 694; x_wconf 87' lang='lat' dir='ltr'>reliquis</span> <span class='ocrx_word' id='word_1_112' title='bbox 805 650 841 684; x_wconf 92' lang='lat' dir='ltr'>in</span> <span class='ocrx_word' id='word_1_113' title='bbox 868 648 1040 694; x_wconf 83' lang='lat' dir='ltr'>Collegijs</span> <span class='ocrx_word' id='word_1_114' title='bbox 1065 659 1122 682; x_wconf 90' lang='lat' dir='ltr'>me</span> <span class='ocrx_word' id='word_1_115' title='bbox 1148 646 1327 692; x_wconf 88' lang='lat' dir='ltr'>perditum</span> <span class='ocrx_word' id='word_1_116' title='bbox 1354 645 1564 690; x_wconf 89' lang='lat' dir='ltr'>predicauit,</span> <span class='ocrx_word' id='word_1_117' title='bbox 1591 644 1699 679; x_wconf 83' lang='lat' dir='ltr'>sicuti</span> <span class='ocrx_word' id='word_1_118' title='bbox 1718 644 1769 678; x_wconf 89' lang='lat' dir='ltr'>.P.</span> <span class='ocrx_word' id='word_1_119' title='bbox 1788 644 1863 678; x_wconf 88' lang='lat' dir='ltr'>Ma-</span> 
     </span>
     <span class='ocr_line' id='line_1_11' title="bbox 92 697 1864 750; baseline -0.006 -10"><span class='ocrx_word' id='word_1_120' title='bbox 92 706 206 750; x_wconf 81' lang='lat' dir='ltr'>gister</span> <span class='ocrx_word' id='word_1_121' title='bbox 224 705 483 740; x_wconf 84' lang='lat' dir='ltr'>Steuordianus</span> <span class='ocrx_word' id='word_1_122' title='bbox 508 704 552 739; x_wconf 86' lang='lat' dir='ltr'>ad</span> <span class='ocrx_word' id='word_1_123' title='bbox 578 715 634 738; x_wconf 92' lang='lat' dir='ltr'>me</span> <span class='ocrx_word' id='word_1_124' title='bbox 660 703 816 747; x_wconf 83' lang='lat' dir='ltr'>scripsit.</span> <span class='ocrx_word' id='word_1_125' title='bbox 857 702 948 737; x_wconf 88' lang='lat' dir='ltr'>Sane</span> <span class='ocrx_word' id='word_1_126' title='bbox 966 702 1077 736; x_wconf 85' lang='lat' dir='ltr'>Pater</span> <span class='ocrx_word' id='word_1_127' title='bbox 1103 703 1296 744; x_wconf 74' lang='lat' dir='ltr'>antequam</span> <span class='ocrx_word' id='word_1_128' title='bbox 1324 698 1391 732; x_wconf 87' lang='grc'>1100</span> <span class='ocrx_word' id='word_1_129' title='bbox 1410 698 1636 732; x_wconf 87' lang='lat' dir='ltr'>uerificetur:</span> <span class='ocrx_word' id='word_1_130' title='bbox 1664 708 1732 740; x_wconf 87' lang='lat' dir='ltr'>ego</span> <span class='ocrx_word' id='word_1_131' title='bbox 1758 697 1864 731; x_wconf 88' lang='lat' dir='ltr'>nudis</span> 
     </span>
     <span class='ocr_line' id='line_1_12' title="bbox 92 750 1864 804; baseline -0.006 -10"><span class='ocrx_word' id='word_1_132' title='bbox 92 759 242 804; x_wconf 87' lang='lat' dir='ltr'>pedibus</span> <span class='ocrx_word' id='word_1_133' title='bbox 277 758 355 793; x_wconf 89' lang='lat' dir='ltr'>sine</span> <span class='ocrx_word' id='word_1_134' title='bbox 380 758 454 792; x_wconf 90' lang='lat' dir='ltr'>vllo</span> <span class='ocrx_word' id='word_1_135' title='bbox 488 758 621 792; x_wconf 86' lang='lat' dir='ltr'>uiatico</span> <span class='ocrx_word' id='word_1_136' title='bbox 656 757 700 791; x_wconf 87' lang='lat' dir='ltr'>ad</span> <span class='ocrx_word' id='word_1_137' title='bbox 718 757 871 790; x_wconf 85' lang='lat' dir='ltr'>Vestras</span> <span class='ocrx_word' id='word_1_138' title='bbox 898 756 1142 790; x_wconf 87' lang='lat' dir='ltr'>Paternitates</span> <span class='ocrx_word' id='word_1_139' title='bbox 1168 765 1304 788; x_wconf 89' lang='lat' dir='ltr'>romam</span> <span class='ocrx_word' id='word_1_140' title='bbox 1341 764 1397 786; x_wconf 86' lang='lat' dir='ltr'>me</span> <span class='ocrx_word' id='word_1_141' title='bbox 1424 752 1605 786; x_wconf 85' lang='lat' dir='ltr'>conferam</span> <span class='ocrx_word' id='word_1_142' title='bbox 1643 753 1679 784; x_wconf 90' lang='lat' dir='ltr'>et</span> <span class='ocrx_word' id='word_1_143' title='bbox 1713 750 1762 784; x_wconf 90' lang='lat' dir='ltr'>ibi</span> <span class='ocrx_word' id='word_1_144' title='bbox 1797 750 1864 784; x_wconf 89' lang='lat' dir='ltr'>sub</span> 
     </span>
     <span class='ocr_line' id='line_1_13' title="bbox 94 803 1865 855; baseline -0.007 -8"><span class='ocrx_word' id='word_1_145' title='bbox 94 811 307 846; x_wconf 86' lang='lat' dir='ltr'>Obedientia</span> <span class='ocrx_word' id='word_1_146' title='bbox 334 812 399 846; x_wconf 89' lang='lat' dir='ltr'>deo</span> <span class='ocrx_word' id='word_1_147' title='bbox 425 812 533 845; x_wconf 88' lang='lat' dir='ltr'>dante</span> <span class='ocrx_word' id='word_1_148' title='bbox 560 810 724 855; x_wconf 88' lang='lat' dir='ltr'>sepeliar.</span> <span class='ocrx_word' id='word_1_149' title='bbox 775 810 906 844; x_wconf 88' lang='lat' dir='ltr'>Varias</span> <span class='ocrx_word' id='word_1_150' title='bbox 943 808 1086 853; x_wconf 82' lang='lat' dir='ltr'>quidem</span> <span class='ocrx_word' id='word_1_151' title='bbox 1121 806 1277 841; x_wconf 87' lang='lat' dir='ltr'>sustinui</span> <span class='ocrx_word' id='word_1_152' title='bbox 1310 804 1539 846; x_wconf 73' lang='lat' dir='ltr'>tentationes,</span> <span class='ocrx_word' id='word_1_153' title='bbox 1575 803 1638 838; x_wconf 91' lang='lat' dir='ltr'>sed</span> <span class='ocrx_word' id='word_1_154' title='bbox 1675 804 1769 837; x_wconf 87' lang='lat' dir='ltr'>circa</span> <span class='ocrx_word' id='word_1_155' title='bbox 1795 803 1865 837; x_wconf 93' lang='lat' dir='ltr'>Vo-</span> 
     </span>
     <span class='ocr_line' id='line_1_14' title="bbox 92 856 1865 906; baseline -0.006 -6"><span class='ocrx_word' id='word_1_156' title='bbox 92 866 269 900; x_wconf 83' lang='lat' dir='ltr'>cationem</span> <span class='ocrx_word' id='word_1_157' title='bbox 288 865 362 900; x_wconf 92' lang='lat' dir='ltr'>Deo</span> <span class='ocrx_word' id='word_1_158' title='bbox 388 865 467 899; x_wconf 86' lang='lat' dir='ltr'>laus</span> <span class='ocrx_word' id='word_1_159' title='bbox 484 864 612 899; x_wconf 87' lang='lat' dir='ltr'>nullas.</span> <span class='ocrx_word' id='word_1_160' title='bbox 656 864 737 898; x_wconf 88' lang='lat' dir='ltr'>Jmo</span> <span class='ocrx_word' id='word_1_161' title='bbox 763 863 807 897; x_wconf 87' lang='lat' dir='ltr'>ad</span> <span class='ocrx_word' id='word_1_162' title='bbox 826 863 979 906; x_wconf 84' lang='lat' dir='ltr'>gloriam</span> <span class='ocrx_word' id='word_1_163' title='bbox 997 862 1063 896; x_wconf 87' lang='lat' dir='ltr'>Dei</span> <span class='ocrx_word' id='word_1_164' title='bbox 1088 860 1204 894; x_wconf 88' lang='lat' dir='ltr'>indies</span> <span class='ocrx_word' id='word_1_165' title='bbox 1230 859 1348 903; x_wconf 83' lang='lat' dir='ltr'>magis</span> <span class='ocrx_word' id='word_1_166' title='bbox 1373 870 1431 891; x_wconf 88' lang='lat' dir='ltr'>me</span> <span class='ocrx_word' id='word_1_167' title='bbox 1457 858 1525 891; x_wconf 88' lang='lat' dir='ltr'>iste</span> <span class='ocrx_word' id='word_1_168' title='bbox 1551 859 1700 891; x_wconf 89' lang='lat' dir='ltr'>sanctus</span> <span class='ocrx_word' id='word_1_169' title='bbox 1718 856 1865 890; x_wconf 87' lang='lat' dir='ltr'>viuendi</span> 
     </span>
     <span class='ocr_line' id='line_1_15' title="bbox 93 910 1867 954; baseline -0.007 0"><span class='ocrx_word' id='word_1_170' title='bbox 93 920 218 954; x_wconf 81' lang='lat' dir='ltr'>modus</span> <span class='ocrx_word' id='word_1_171' title='bbox 244 919 461 953; x_wconf 86' lang='lat' dir='ltr'>consolatur.</span> <span class='ocrx_word' id='word_1_172' title='bbox 493 918 597 952; x_wconf 88' lang='lat' dir='ltr'>Vnde</span> <span class='ocrx_word' id='word_1_173' title='bbox 624 919 744 951; x_wconf 86' lang='lat' dir='ltr'>autem</span> <span class='ocrx_word' id='word_1_174' title='bbox 764 916 906 951; x_wconf 87' lang='lat' dir='ltr'>Oanisio</span> <span class='ocrx_word' id='word_1_175' title='bbox 926 916 1025 950; x_wconf 87' lang='lat' dir='ltr'>Patri</span> <span class='ocrx_word' id='word_1_176' title='bbox 1051 914 1140 948; x_wconf 81' lang='lat' dir='ltr'>mihi</span> <span class='ocrx_word' id='word_1_177' title='bbox 1167 912 1391 948; x_wconf 87' lang='lat' dir='ltr'>obseruando</span> <span class='ocrx_word' id='word_1_178' title='bbox 1417 911 1510 945; x_wconf 88' lang='lat' dir='ltr'>tales</span> <span class='ocrx_word' id='word_1_179' title='bbox 1537 910 1580 944; x_wconf 91' lang='lat' dir='ltr'>de</span> <span class='ocrx_word' id='word_1_180' title='bbox 1606 922 1663 944; x_wconf 89' lang='lat' dir='ltr'>me</span> <span class='ocrx_word' id='word_1_181' title='bbox 1689 912 1766 944; x_wconf 89' lang='lat' dir='ltr'>orte</span> <span class='ocrx_word' id='word_1_182' title='bbox 1792 910 1867 943; x_wconf 87' lang='lat' dir='ltr'>sint</span> 
     </span>
     <span class='ocr_line' id='line_1_16' title="bbox 92 962 1865 1017; baseline -0.006 -10"><span class='ocrx_word' id='word_1_183' title='bbox 92 972 311 1017; x_wconf 87' lang='lat' dir='ltr'>suspitiones</span> <span class='ocrx_word' id='word_1_184' title='bbox 342 972 448 1017; x_wconf 83' lang='lat' dir='ltr'>plane</span> <span class='ocrx_word' id='word_1_185' title='bbox 474 971 611 1015; x_wconf 85' lang='lat' dir='ltr'>ignoro.</span> <span class='ocrx_word' id='word_1_186' title='bbox 663 969 773 1014; x_wconf 85' lang='lat' dir='ltr'>Spero</span> <span class='ocrx_word' id='word_1_187' title='bbox 800 969 901 1004; x_wconf 89' lang='lat' dir='ltr'>breui</span> <span class='ocrx_word' id='word_1_188' title='bbox 927 969 968 1004; x_wconf 88' lang='lat' dir='ltr'>P.</span> <span class='ocrx_word' id='word_1_189' title='bbox 995 968 1037 1003; x_wconf 88' lang='lat' dir='ltr'>D.</span> <span class='ocrx_word' id='word_1_190' title='bbox 1065 967 1219 1002; x_wconf 86' lang='lat' dir='ltr'>Paulum</span> <span class='ocrx_word' id='word_1_191' title='bbox 1253 978 1328 1000; x_wconf 87' lang='lat' dir='ltr'>rem</span> <span class='ocrx_word' id='word_1_192' title='bbox 1355 963 1669 1009; x_wconf 85' lang='lat' dir='ltr'>compositurum.“</span> <span class='ocrx_word' id='word_1_193' title='bbox 1724 962 1865 1007; x_wconf 80' lang='lat' dir='ltr'>Reapse</span> 
     </span>
     <span class='ocr_line' id='line_1_17' title="bbox 93 1016 1866 1069; baseline -0.006 -9"><span class='ocrx_word' id='word_1_194' title='bbox 93 1027 269 1069; x_wconf 78' lang='lat' dir='ltr'>Hoffaeus</span> <span class='ocrx_word' id='word_1_195' title='bbox 285 1037 360 1059; x_wconf 86' lang='lat' dir='ltr'>rem</span> <span class='ocrx_word' id='word_1_196' title='bbox 379 1025 597 1069; x_wconf 85' lang='lat' dir='ltr'>composuit;</span> <span class='ocrx_word' id='word_1_197' title='bbox 618 1024 679 1067; x_wconf 85' lang='lat' dir='ltr'>qui</span> <span class='ocrx_word' id='word_1_198' title='bbox 698 1023 898 1068; x_wconf 88' lang='lat' dir='ltr'>Oeniponte</span> <span class='ocrx_word' id='word_1_199' title='bbox 919 1023 973 1057; x_wconf 90' lang='lat'>17.</span> <span class='ocrx_word' id='word_1_200' title='bbox 993 1021 1150 1065; x_wconf 82' lang='lat' dir='ltr'>Augusti</span> <span class='ocrx_word' id='word_1_201' title='bbox 1171 1020 1262 1054; x_wconf 91' lang='lat'>1569</span> <span class='ocrx_word' id='word_1_202' title='bbox 1282 1019 1436 1062; x_wconf 83' lang='lat' dir='ltr'>Borgiae</span> <span class='ocrx_word' id='word_1_203' title='bbox 1456 1017 1651 1062; x_wconf 44' lang='lat' dir='ltr'>&gt;*scripsitz</span> <span class='ocrx_word' id='word_1_204' title='bbox 1683 1016 1742 1059; x_wconf 87' lang='lat' dir='ltr'>„P.</span> <span class='ocrx_word' id='word_1_205' title='bbox 1759 1016 1866 1050; x_wconf 84' lang='lat' dir='ltr'>Scho—</span> 
     </span>
     <span class='ocr_line' id='line_1_18' title="bbox 91 1069 1866 1122; baseline -0.006 -9"><span class='ocrx_word' id='word_1_206' title='bbox 91 1079 213 1113; x_wconf 85' lang='lat' dir='ltr'>ritium</span> <span class='ocrx_word' id='word_1_207' title='bbox 249 1078 403 1112; x_wconf 86' lang='lat' dir='ltr'>amicum</span> <span class='ocrx_word' id='word_1_208' title='bbox 438 1077 589 1122; x_wconf 80' lang='lat' dir='ltr'>1·eliqui“</span> <span class='ocrx_word' id='word_1_209' title='bbox 628 1076 829 1117; x_wconf 88' lang='lat' dir='ltr'>Monachii;</span> <span class='ocrx_word' id='word_1_210' title='bbox 865 1077 942 1121; x_wconf 91' lang='lat' dir='ltr'>ipse</span> <span class='ocrx_word' id='word_1_211' title='bbox 978 1077 1100 1110; x_wconf 77' lang='lat' dir='ltr'>aut&#39;em</span> <span class='ocrx_word' id='word_1_212' title='bbox 1135 1074 1367 1109; x_wconf 47' lang='lat' dir='ltr'>Schorz&#39;chi&#39;zcs</span> <span class='ocrx_word' id='word_1_213' title='bbox 1402 1070 1591 1105; x_wconf 91' lang='lat' dir='ltr'>Monachio</span> <span class='ocrx_word' id='word_1_214' title='bbox 1627 1071 1681 1105; x_wconf 90' lang='lat'>11.</span> <span class='ocrx_word' id='word_1_215' title='bbox 1709 1069 1866 1113; x_wconf 84' lang='lat' dir='ltr'>Augusti</span> 
     </span>
     <span class='ocr_line' id='line_1_19' title="bbox 95 1124 1867 1171; baseline -0.006 -5"><span class='ocrx_word' id='word_1_216' title='bbox 95 1133 185 1167; x_wconf 89' lang='grc'>1569</span> <span class='ocrx_word' id='word_1_217' title='bbox 204 1132 359 1166; x_wconf 85' lang='grc' dir='ltr'>Ρο131100</span> <span class='ocrx_word' id='word_1_218' title='bbox 384 1132 474 1165; x_wconf 88' lang='lat' dir='ltr'>haec</span> <span class='ocrx_word' id='word_1_219' title='bbox 501 1131 543 1164; x_wconf 90' lang='lat' dir='ltr'>de</span> <span class='ocrx_word' id='word_1_220' title='bbox 567 1131 716 1165; x_wconf 86' lang='lat' dir='ltr'>Hoffaeo</span> <span class='ocrx_word' id='word_1_221' title='bbox 735 1130 947 1164; x_wconf 73' lang='lat' dir='ltr'>*narravitt</span> <span class='ocrx_word' id='word_1_222' title='bbox 979 1128 1041 1171; x_wconf 81' lang='lat' dir='ltr'>„R.</span> <span class='ocrx_word' id='word_1_223' title='bbox 1056 1129 1095 1162; x_wconf 90' lang='lat' dir='ltr'>P.</span> <span class='ocrx_word' id='word_1_224' title='bbox 1111 1126 1350 1162; x_wconf 89' lang='lat' dir='ltr'>Prouincialis</span> <span class='ocrx_word' id='word_1_225' title='bbox 1377 1125 1421 1159; x_wconf 91' lang='lat' dir='ltr'>ad</span> <span class='ocrx_word' id='word_1_226' title='bbox 1448 1137 1513 1159; x_wconf 88' lang='lat' dir='ltr'>nos</span> <span class='ocrx_word' id='word_1_227' title='bbox 1539 1124 1640 1158; x_wconf 89' lang='lat' dir='ltr'>uenit</span> <span class='ocrx_word' id='word_1_228' title='bbox 1743 1134 1867 1157; x_wconf 88' lang='lat' dir='ltr'>omnes</span> 
     </span>
     <span class='ocr_line' id='line_1_20' title="bbox 91 1177 1865 1228; baseline -0.006 -8"><span class='ocrx_word' id='word_1_229' title='bbox 91 1197 190 1220; x_wconf 89' lang='lat' dir='ltr'>meas</span> <span class='ocrx_word' id='word_1_230' title='bbox 208 1185 405 1226; x_wconf 80' lang='lat' dir='ltr'>molestias,</span> <span class='ocrx_word' id='word_1_231' title='bbox 433 1187 468 1218; x_wconf 88' lang='lat' dir='ltr'>et</span> <span class='ocrx_word' id='word_1_232' title='bbox 495 1186 686 1228; x_wconf 85' lang='lat' dir='ltr'>conceptas</span> <span class='ocrx_word' id='word_1_233' title='bbox 713 1183 820 1217; x_wconf 89' lang='lat' dir='ltr'>animi</span> <span class='ocrx_word' id='word_1_234' title='bbox 848 1182 1139 1227; x_wconf 83' lang='lat' dir='ltr'>perturbationes</span> <span class='ocrx_word' id='word_1_235' title='bbox 1157 1180 1328 1226; x_wconf 88' lang='lat' dir='ltr'>sepeliui;</span> <span class='ocrx_word' id='word_1_236' title='bbox 1434 1190 1492 1212; x_wconf 87' lang='lat' dir='ltr'>me</span> <span class='ocrx_word' id='word_1_237' title='bbox 1518 1179 1627 1219; x_wconf 81' lang='lat' dir='ltr'>amat,</span> <span class='ocrx_word' id='word_1_238' title='bbox 1655 1180 1691 1211; x_wconf 92' lang='lat' dir='ltr'>et</span> <span class='ocrx_word' id='word_1_239' title='bbox 1708 1177 1762 1211; x_wconf 81' lang='lat' dir='ltr'>vti</span> <span class='ocrx_word' id='word_1_240' title='bbox 1789 1188 1865 1211; x_wconf 88' lang='grc'>036-</span> 
     </span>
    </p>
   </div>
   <div class='ocr_carea' id='block_1_3' title="bbox 91 1233 1448 1282">
    <p class='ocr_par' dir='ltr' id='par_1_4' title="bbox 91 1233 1448 1282">
     <span class='ocr_line' id='line_1_21' title="bbox 91 1233 1448 1282; baseline -0.004 -9"><span class='ocrx_word' id='word_1_241' title='bbox 91 1242 188 1273; x_wconf 88' lang='lat' dir='ltr'>teros</span> <span class='ocrx_word' id='word_1_242' title='bbox 215 1239 353 1282; x_wconf 82' lang='lat' dir='ltr'>diligit“</span> <span class='ocrx_word' id='word_1_243' title='bbox 385 1239 447 1281; x_wconf 79' lang='lat' dir='ltr'>(ex</span> <span class='ocrx_word' id='word_1_244' title='bbox 473 1237 728 1282; x_wconf 78' lang='lat' dir='ltr'>autograpliis;</span> <span class='ocrx_word' id='word_1_245' title='bbox 756 1236 798 1271; x_wconf 82' lang='lat' dir='ltr'>Gr.</span> <span class='ocrx_word' id='word_1_246' title='bbox 818 1236 882 1281; x_wconf 86' lang='lat' dir='ltr'>Ep.</span> <span class='ocrx_word' id='word_1_247' title='bbox 902 1236 934 1270; x_wconf 90' lang='lat' dir='ltr'>X</span> <span class='ocrx_word' id='word_1_248' title='bbox 962 1236 986 1270; x_wconf 86' lang='lat' dir='ltr'>f.</span> <span class='ocrx_word' id='word_1_249' title='bbox 1009 1234 1196 1269; x_wconf 83' lang='lat'>117—118</span> <span class='ocrx_word' id='word_1_250' title='bbox 1225 1234 1308 1268; x_wconf 57' lang='grc' dir='ltr'>196ἃ</span> <span class='ocrx_word' id='word_1_251' title='bbox 1334 1233 1448 1276; x_wconf 64' lang='lat'>2312).</span> 
     </span>
    </p>
   </div>
   <div class='ocr_carea' id='block_1_4' title="bbox 93 1366 1389 1409">
    <p class='ocr_par' dir='ltr' id='par_1_5' title="bbox 93 1366 1389 1409">
     <span class='ocr_line' id='line_1_22' title="bbox 93 1366 1389 1409; baseline -0.005 0"><span class='ocrx_word' id='word_1_252' title='bbox 93 1372 246 1409; x_wconf 70' lang='grc'>1667.</span> <span class='ocrx_word' id='word_1_253' title='bbox 346 1371 564 1407; x_wconf 85' lang='lat' dir='ltr'>CANISIUS</span> <span class='ocrx_word' id='word_1_254' title='bbox 591 1370 653 1406; x_wconf 87' lang='lat' dir='ltr'>P.</span> <span class='ocrx_word' id='word_1_255' title='bbox 682 1369 972 1406; x_wconf 72' lang='lat' dir='ltr'>THOMAE</span> <span class='ocrx_word' id='word_1_256' title='bbox 1001 1366 1231 1405; x_wconf 68' lang='lat' dir='ltr'>GALLO</span> <span class='ocrx_word' id='word_1_257' title='bbox 1261 1366 1314 1403; x_wconf 79' lang='lat' dir='ltr'>S.</span> <span class='ocrx_word' id='word_1_258' title='bbox 1334 1366 1389 1403; x_wconf 81' lang='lat' dir='ltr'>J.</span> 
     </span>
    </p>
   </div>
   <div class='ocr_carea' id='block_1_5' title="bbox 212 1419 1817 1537">
    <p class='ocr_par' dir='ltr' id='par_1_6' title="bbox 212 1419 1817 1537">
     <span class='ocr_line' id='line_1_23' title="bbox 1172 1419 1817 1465; baseline -0.005 -9"><span class='ocrx_word' id='word_1_259' title='bbox 1172 1422 1318 1465; x_wconf 83' lang='lat' dir='ltr'>Dilinga</span> <span class='ocrx_word' id='word_1_260' title='bbox 1344 1423 1500 1455; x_wconf 80' lang='lat' dir='ltr'>exeunte</span> <span class='ocrx_word' id='word_1_261' title='bbox 1526 1432 1572 1455; x_wconf 90' lang='lat' dir='ltr'>m.</span> <span class='ocrx_word' id='word_1_262' title='bbox 1592 1419 1687 1454; x_wconf 81' lang='lat' dir='ltr'>Maio</span> <span class='ocrx_word' id='word_1_263' title='bbox 1717 1419 1817 1454; x_wconf 88' lang='lat'>1569.</span> 
     </span>
     <span class='ocr_line' id='line_1_24' title="bbox 212 1487 1283 1537; baseline -0.006 -10"><span class='ocrx_word' id='word_1_264' title='bbox 212 1492 267 1526; x_wconf 83' lang='lat' dir='ltr'>Ex</span> <span class='ocrx_word' id='word_1_265' title='bbox 293 1491 449 1537; x_wconf 86' lang='lat' dir='ltr'>epistula</span> <span class='ocrx_word' id='word_1_266' title='bbox 475 1491 520 1525; x_wconf 88' lang='lat' dir='ltr'>ad</span> <span class='ocrx_word' id='word_1_267' title='bbox 546 1490 728 1534; x_wconf 84' lang='lat' dir='ltr'>Borgiam,</span> <span class='ocrx_word' id='word_1_268' title='bbox 754 1490 797 1524; x_wconf 91' lang='lat' dir='ltr'>de</span> <span class='ocrx_word' id='word_1_269' title='bbox 824 1501 895 1534; x_wconf 83' lang='lat' dir='ltr'>qua</span> <span class='ocrx_word' id='word_1_270' title='bbox 921 1489 1025 1529; x_wconf 86' lang='lat' dir='ltr'>infra,</span> <span class='ocrx_word' id='word_1_271' title='bbox 1053 1500 1107 1533; x_wconf 91' lang='lat' dir='ltr'>ep.</span> <span class='ocrx_word' id='word_1_272' title='bbox 1126 1500 1160 1522; x_wconf 90' lang='lat' dir='ltr'>n.</span> <span class='ocrx_word' id='word_1_273' title='bbox 1183 1487 1283 1522; x_wconf 81' lang='lat'>1673.</span> 
     </span>
    </p>
   </div>
   <div class='ocr_carea' id='block_1_6' title="bbox 92 1558 1869 1751">
    <p class='ocr_par' dir='ltr' id='par_1_7' title="bbox 92 1558 1869 1751">
     <span class='ocr_line' id='line_1_25' title="bbox 215 1558 1869 1620; baseline -0.005 -13"><span class='ocrx_word' id='word_1_274' title='bbox 215 1566 416 1607; x_wconf 63' lang='lat' dir='ltr'>Caluisius</span> <span class='ocrx_word' id='word_1_275' title='bbox 458 1565 637 1620; x_wconf 71' lang='lat' dir='ltr'>Dilz&#39;nya</span> <span class='ocrx_word' id='word_1_276' title='bbox 670 1563 885 1606; x_wconf 56' lang='grc'>23110111</span> <span class='ocrx_word' id='word_1_277' title='bbox 918 1564 1036 1604; x_wconf 81' lang='grc'>1569</span> <span class='ocrx_word' id='word_1_278' title='bbox 1069 1563 1112 1604; x_wconf 84' lang='lat' dir='ltr'>S.</span> <span class='ocrx_word' id='word_1_279' title='bbox 1138 1561 1371 1602; x_wconf 73' lang='lat' dir='ltr'>Francisco</span> <span class='ocrx_word' id='word_1_280' title='bbox 1404 1560 1590 1615; x_wconf 70' lang='lat' dir='ltr'>Borqiae</span> <span class='ocrx_word' id='word_1_281' title='bbox 1626 1558 1869 1613; x_wconf 74' lang='lat' dir='ltr'>praeposito</span> 
     </span>
     <span class='ocr_line' id='line_1_26' title="bbox 92 1625 1869 1688; baseline -0.006 -14"><span class='ocrx_word' id='word_1_282' title='bbox 92 1632 282 1688; x_wconf 72' lang='lat' dir='ltr'>yeneralz&#39;</span> <span class='ocrx_word' id='word_1_283' title='bbox 323 1632 515 1685; x_wconf 75' lang='lat' dir='ltr'>scripsit:</span> <span class='ocrx_word' id='word_1_284' title='bbox 563 1631 754 1684; x_wconf 70' lang='lat' dir='ltr'>„Scripsi</span> <span class='ocrx_word' id='word_1_285' title='bbox 796 1630 853 1670; x_wconf 70' lang='lat' dir='ltr'>cul</span> <span class='ocrx_word' id='word_1_286' title='bbox 892 1629 946 1670; x_wconf 88' lang='lat' dir='ltr'>D.</span> <span class='ocrx_word' id='word_1_287' title='bbox 977 1628 1177 1669; x_wconf 79' lang='grc' dir='ltr'>ΤΙ101110111</span> <span class='ocrx_word' id='word_1_288' title='bbox 1212 1628 1398 1679; x_wconf 71' lang='lat' dir='ltr'>Gallum,</span> <span class='ocrx_word' id='word_1_289' title='bbox 1446 1627 1623 1680; x_wconf 71' lang='lat' dir='ltr'>misique</span> <span class='ocrx_word' id='word_1_290' title='bbox 1663 1625 1869 1678; x_wconf 69' lang='lat' dir='ltr'>scriptum</span> 
     </span>
     <span class='ocr_line' id='line_1_27' title="bbox 94 1691 1209 1751; baseline -0.004 -12"><span class='ocrx_word' id='word_1_291' title='bbox 94 1698 142 1740; x_wconf 84' lang='lat' dir='ltr'>P.</span> <span class='ocrx_word' id='word_1_292' title='bbox 174 1697 220 1739; x_wconf 89' lang='lat' dir='ltr'>T.</span> <span class='ocrx_word' id='word_1_293' title='bbox 255 1702 300 1739; x_wconf 78' lang='lat' dir='ltr'>ut</span> <span class='ocrx_word' id='word_1_294' title='bbox 333 1698 438 1738; x_wconf 66' lang='lat' dir='ltr'>sciat</span> <span class='ocrx_word' id='word_1_295' title='bbox 470 1710 511 1738; x_wconf 74' lang='lat' dir='ltr'>se</span> <span class='ocrx_word' id='word_1_296' title='bbox 543 1697 744 1751; x_wconf 70' lang='lat' dir='ltr'>reliyione</span> <span class='ocrx_word' id='word_1_297' title='bbox 776 1699 969 1736; x_wconf 76' lang='lat' dir='ltr'>uotorum</span> <span class='ocrx_word' id='word_1_298' title='bbox 1005 1691 1209 1736; x_wconf 75' lang='lat' dir='ltr'>absolui.“</span> 
     </span>
    </p>
   </div>
   <div class='ocr_carea' id='block_1_7' title="bbox 91 1769 1871 2624">
    <p class='ocr_par' dir='ltr' id='par_1_8' title="bbox 91 1769 1871 2624">
     <span class='ocr_line' id='line_1_28' title="bbox 212 1769 1871 1822; baseline -0.006 -10"><span class='ocrx_word' id='word_1_299' title='bbox 212 1777 264 1812; x_wconf 89' lang='lat' dir='ltr'>De</span> <span class='ocrx_word' id='word_1_300' title='bbox 291 1777 457 1822; x_wconf 85' lang='lat' dir='ltr'>epistula,</span> <span class='ocrx_word' id='word_1_301' title='bbox 493 1788 564 1821; x_wconf 93' lang='lat' dir='ltr'>qua</span> <span class='ocrx_word' id='word_1_302' title='bbox 590 1776 769 1810; x_wconf 86' lang='lat' dir='ltr'>Polancus</span> <span class='ocrx_word' id='word_1_303' title='bbox 796 1773 988 1809; x_wconf 86' lang='lat' dir='ltr'>Societatis</span> <span class='ocrx_word' id='word_1_304' title='bbox 1020 1772 1239 1808; x_wconf 83' lang='lat' dir='ltr'>secretarius</span> <span class='ocrx_word' id='word_1_305' title='bbox 1274 1771 1417 1806; x_wconf 90' lang='lat' dir='ltr'>nomine</span> <span class='ocrx_word' id='word_1_306' title='bbox 1444 1771 1598 1814; x_wconf 84' lang='lat' dir='ltr'>Borgiae</span> <span class='ocrx_word' id='word_1_307' title='bbox 1625 1769 1770 1805; x_wconf 81' lang='lat' dir='ltr'>Gallum</span> <span class='ocrx_word' id='word_1_308' title='bbox 1797 1780 1871 1803; x_wconf 84' lang='lat' dir='ltr'>cer-</span> 
     </span>
     <span class='ocr_line' id='line_1_29' title="bbox 92 1823 1870 1875; baseline -0.006 -9"><span class='ocrx_word' id='word_1_309' title='bbox 92 1832 220 1866; x_wconf 89' lang='lat' dir='ltr'>tiorem</span> <span class='ocrx_word' id='word_1_310' title='bbox 247 1831 415 1872; x_wconf 85' lang='lat' dir='ltr'>faciebat,</span> <span class='ocrx_word' id='word_1_311' title='bbox 441 1831 558 1875; x_wconf 90' lang='lat' dir='ltr'>ipsum</span> <span class='ocrx_word' id='word_1_312' title='bbox 577 1829 674 1864; x_wconf 86' lang='lat' dir='ltr'>votis</span> <span class='ocrx_word' id='word_1_313' title='bbox 691 1828 932 1874; x_wconf 89' lang='lat' dir='ltr'>(simplicibus</span> <span class='ocrx_word' id='word_1_314' title='bbox 951 1825 1279 1868; x_wconf 81' lang='lat' dir='ltr'>scholasticorum),</span> <span class='ocrx_word' id='word_1_315' title='bbox 1300 1824 1429 1869; x_wconf 89' lang='lat' dir='ltr'>quibus</span> <span class='ocrx_word' id='word_1_316' title='bbox 1449 1823 1621 1859; x_wconf 86' lang='lat' dir='ltr'>Societati</span> <span class='ocrx_word' id='word_1_317' title='bbox 1639 1835 1678 1857; x_wconf 89' lang='lat' dir='ltr'>se</span> <span class='ocrx_word' id='word_1_318' title='bbox 1693 1823 1870 1857; x_wconf 80' lang='lat' dir='ltr'>astrinxe-</span> 
     </span>
     <span class='ocr_line' id='line_1_30' title="bbox 91 1875 1869 1929; baseline -0.006 -10"><span class='ocrx_word' id='word_1_319' title='bbox 91 1887 158 1927; x_wconf 83' lang='lat' dir='ltr'>rat,</span> <span class='ocrx_word' id='word_1_320' title='bbox 183 1885 340 1925; x_wconf 84' lang='lat' dir='ltr'>liberari,</span> <span class='ocrx_word' id='word_1_321' title='bbox 376 1896 409 1918; x_wconf 87' lang='lat' dir='ltr'>v.</span> <span class='ocrx_word' id='word_1_322' title='bbox 437 1895 547 1929; x_wconf 88' lang='lat' dir='ltr'>supra</span> <span class='ocrx_word' id='word_1_323' title='bbox 572 1895 606 1928; x_wconf 90' lang='lat' dir='ltr'>p.</span> <span class='ocrx_word' id='word_1_324' title='bbox 634 1883 714 1918; x_wconf 87' lang='lat'>319.</span> <span class='ocrx_word' id='word_1_325' title='bbox 766 1882 960 1916; x_wconf 83' lang='lat' dir='ltr'>Praeterea</span> <span class='ocrx_word' id='word_1_326' title='bbox 987 1880 1139 1924; x_wconf 82' lang='lat' dir='ltr'>Borgias</span> <span class='ocrx_word' id='word_1_327' title='bbox 1173 1879 1337 1924; x_wconf 88' lang='lat' dir='ltr'>publicas</span> <span class='ocrx_word' id='word_1_328' title='bbox 1371 1890 1512 1922; x_wconf 86' lang='lat' dir='ltr'>quoque</span> <span class='ocrx_word' id='word_1_329' title='bbox 1545 1878 1699 1918; x_wconf 84' lang='lat' dir='ltr'>litteras,</span> <span class='ocrx_word' id='word_1_330' title='bbox 1738 1875 1869 1920; x_wconf 88' lang='lat' dir='ltr'>quibus</span> 
     </span>
     <span class='ocr_line' id='line_1_31' title="bbox 92 1931 1870 1983; baseline -0.006 -10"><span class='ocrx_word' id='word_1_331' title='bbox 92 1939 127 1973; x_wconf 86' lang='lat' dir='ltr'>id</span> <span class='ocrx_word' id='word_1_332' title='bbox 154 1939 272 1983; x_wconf 88' lang='lat' dir='ltr'>ipsum</span> <span class='ocrx_word' id='word_1_333' title='bbox 298 1939 473 1972; x_wconf 82' lang='lat' dir='ltr'>testatum</span> <span class='ocrx_word' id='word_1_334' title='bbox 499 1936 666 1977; x_wconf 83' lang='lat' dir='ltr'>faciebat,</span> <span class='ocrx_word' id='word_1_335' title='bbox 703 1936 844 1970; x_wconf 87' lang='lat' dir='ltr'>dedisse</span> <span class='ocrx_word' id='word_1_336' title='bbox 871 1935 1035 1975; x_wconf 86' lang='lat' dir='ltr'>videtur;</span> <span class='ocrx_word' id='word_1_337' title='bbox 1071 1945 1171 1978; x_wconf 88' lang='lat' dir='ltr'>quas,</span> <span class='ocrx_word' id='word_1_338' title='bbox 1208 1934 1278 1967; x_wconf 85' lang='lat' dir='ltr'>nisi</span> <span class='ocrx_word' id='word_1_339' title='bbox 1310 1932 1426 1974; x_wconf 83' lang='lat' dir='ltr'>fallor,</span> <span class='ocrx_word' id='word_1_340' title='bbox 1463 1932 1502 1966; x_wconf 91' lang='lat' dir='ltr'>P.</span> <span class='ocrx_word' id='word_1_341' title='bbox 1530 1933 1668 1965; x_wconf 70' lang='lat' dir='ltr'>Paulus</span> <span class='ocrx_word' id='word_1_342' title='bbox 1694 1931 1870 1973; x_wconf 79' lang='lat' dir='ltr'>Hoffaeus</span> 
     </span>
     <span class='ocr_line' id='line_1_32' title="bbox 92 1983 1870 2037; baseline -0.006 -11"><span class='ocrx_word' id='word_1_343' title='bbox 92 1991 327 2037; x_wconf 85' lang='lat' dir='ltr'>provincialis</span> <span class='ocrx_word' id='word_1_344' title='bbox 365 1990 611 2034; x_wconf 80' lang='lat' dir='ltr'>significabat,</span> <span class='ocrx_word' id='word_1_345' title='bbox 651 2002 730 2025; x_wconf 92' lang='lat' dir='ltr'>cum</span> <span class='ocrx_word' id='word_1_346' title='bbox 767 1991 935 2033; x_wconf 87' lang='lat' dir='ltr'>Augusta</span> <span class='ocrx_word' id='word_1_347' title='bbox 974 1988 1030 2023; x_wconf 90' lang='lat'>22.</span> <span class='ocrx_word' id='word_1_348' title='bbox 1058 1987 1150 2022; x_wconf 87' lang='lat' dir='ltr'>Iunii</span> <span class='ocrx_word' id='word_1_349' title='bbox 1179 1987 1271 2022; x_wconf 87' lang='lat'>1570</span> <span class='ocrx_word' id='word_1_350' title='bbox 1309 1987 1463 2030; x_wconf 84' lang='lat' dir='ltr'>Borgiae</span> <span class='ocrx_word' id='word_1_351' title='bbox 1501 1986 1518 2004; x_wconf 58' lang='lat'>²²</span> <span class='ocrx_word' id='word_1_352' title='bbox 1532 1985 1726 2019; x_wconf 86' lang='lat' dir='ltr'>scriberet:</span> <span class='ocrx_word' id='word_1_353' title='bbox 1770 1983 1870 2025; x_wconf 83' lang='lat' dir='ltr'>„Jste</span> 
     </span>
     <span class='ocr_line' id='line_1_33' title="bbox 92 2037 1870 2089; baseline -0.006 -9"><span class='ocrx_word' id='word_1_354' title='bbox 92 2046 134 2080; x_wconf 92' lang='lat' dir='ltr'>D.</span> <span class='ocrx_word' id='word_1_355' title='bbox 154 2045 311 2079; x_wconf 88' lang='lat' dir='ltr'>Thomas</span> <span class='ocrx_word' id='word_1_356' title='bbox 339 2044 466 2080; x_wconf 84' lang='lat' dir='ltr'>Gallus</span> <span class='ocrx_word' id='word_1_357' title='bbox 491 2044 670 2089; x_wconf 86' lang='lat' dir='ltr'>Apostata</span> <span class='ocrx_word' id='word_1_358' title='bbox 704 2044 754 2078; x_wconf 92' lang='lat' dir='ltr'>nil</span> <span class='ocrx_word' id='word_1_359' title='bbox 781 2045 884 2078; x_wconf 84' lang='lat' dir='ltr'>curat</span> <span class='ocrx_word' id='word_1_360' title='bbox 921 2054 941 2076; x_wconf 89' lang='lat' dir='ltr'>a</span> <span class='ocrx_word' id='word_1_361' title='bbox 967 2043 1063 2076; x_wconf 85' lang='lat' dir='ltr'>votis</span> <span class='ocrx_word' id='word_1_362' title='bbox 1090 2041 1370 2082; x_wconf 86' lang='lat' dir='ltr'>absolutionem,</span> <span class='ocrx_word' id='word_1_363' title='bbox 1407 2051 1514 2084; x_wconf 87' lang='lat' dir='ltr'>quam</span> <span class='ocrx_word' id='word_1_364' title='bbox 1542 2039 1581 2073; x_wconf 91' lang='lat' dir='ltr'>P.</span> <span class='ocrx_word' id='word_1_365' title='bbox 1609 2038 1653 2073; x_wconf 90' lang='lat' dir='ltr'>V.</span> <span class='ocrx_word' id='word_1_366' title='bbox 1689 2037 1741 2071; x_wconf 90' lang='lat' dir='ltr'>illi</span> <span class='ocrx_word' id='word_1_367' title='bbox 1778 2048 1870 2070; x_wconf 87' lang='lat' dir='ltr'>anno</span> 
     </span>
     <span class='ocr_line' id='line_1_34' title="bbox 92 2090 1871 2144; baseline -0.005 -11"><span class='ocrx_word' id='word_1_368' title='bbox 92 2099 268 2144; x_wconf 88' lang='lat' dir='ltr'>superiori</span> <span class='ocrx_word' id='word_1_369' title='bbox 294 2098 403 2140; x_wconf 85' lang='lat' dir='ltr'>misit,</span> <span class='ocrx_word' id='word_1_370' title='bbox 431 2101 466 2132; x_wconf 87' lang='lat' dir='ltr'>et</span> <span class='ocrx_word' id='word_1_371' title='bbox 493 2098 609 2133; x_wconf 85' lang='lat' dir='ltr'>adhuc</span> <span class='ocrx_word' id='word_1_372' title='bbox 628 2098 816 2142; x_wconf 83' lang='lat' dir='ltr'>Augustae</span> <span class='ocrx_word' id='word_1_373' title='bbox 843 2100 1021 2131; x_wconf 83' lang='lat' dir='ltr'>seruatur.</span> <span class='ocrx_word' id='word_1_374' title='bbox 1058 2096 1114 2129; x_wconf 91' lang='lat' dir='ltr'>An</span> <span class='ocrx_word' id='word_1_375' title='bbox 1134 2106 1220 2138; x_wconf 85' lang='lat' dir='ltr'>ergo</span> <span class='ocrx_word' id='word_1_376' title='bbox 1238 2093 1578 2128; x_wconf 82' lang='lat' dir='ltr'>Reuerendissimus</span> <span class='ocrx_word' id='word_1_377' title='bbox 1596 2090 1871 2136; x_wconf 84' lang='lat' dir='ltr'>Ratisponensis</span> 
     </span>
     <span class='ocr_line' id='line_1_35' title="bbox 94 2145 1871 2195; baseline -0.006 -8"><span class='ocrx_word' id='word_1_378' title='bbox 94 2153 137 2187; x_wconf 91' lang='lat' dir='ltr'>ob</span> <span class='ocrx_word' id='word_1_379' title='bbox 165 2152 572 2186; x_wconf 79' lang='lat' dir='ltr'>excommunicationem</span> <span class='ocrx_word' id='word_1_380' title='bbox 599 2151 754 2185; x_wconf 88' lang='lat' dir='ltr'>hominis</span> <span class='ocrx_word' id='word_1_381' title='bbox 781 2152 817 2185; x_wconf 90' lang='lat' dir='ltr'>et</span> <span class='ocrx_word' id='word_1_382' title='bbox 842 2152 1070 2195; x_wconf 88' lang='lat' dir='ltr'>receptorum</span> <span class='ocrx_word' id='word_1_383' title='bbox 1098 2148 1186 2189; x_wconf 89' lang='lat' dir='ltr'>eius,</span> <span class='ocrx_word' id='word_1_384' title='bbox 1223 2147 1420 2182; x_wconf 87' lang='lat' dir='ltr'>monendus</span> <span class='ocrx_word' id='word_1_385' title='bbox 1447 2148 1504 2188; x_wconf 83' lang='lat' dir='ltr'>sit,</span> <span class='ocrx_word' id='word_1_386' title='bbox 1540 2158 1623 2180; x_wconf 88' lang='lat' dir='ltr'>nam</span> <span class='ocrx_word' id='word_1_387' title='bbox 1653 2145 1871 2190; x_wconf 79' lang='lat' dir='ltr'>Ratisponae</span> 
     </span>
     <span class='ocr_line' id='line_1_36' title="bbox 93 2197 1871 2249; baseline -0.005 -9"><span class='ocrx_word' id='word_1_388' title='bbox 93 2206 225 2240; x_wconf 88' lang='lat' dir='ltr'>dicitur</span> <span class='ocrx_word' id='word_1_389' title='bbox 242 2217 321 2239; x_wconf 89' lang='lat' dir='ltr'>esse</span> <span class='ocrx_word' id='word_1_390' title='bbox 333 2206 371 2239; x_wconf 66' lang='lat'>‘3⁶‘</span> <span class='ocrx_word' id='word_1_391' title='bbox 406 2205 477 2248; x_wconf 83' lang='lat' dir='ltr'>(Ex</span> <span class='ocrx_word' id='word_1_392' title='bbox 495 2206 656 2248; x_wconf 86' lang='lat' dir='ltr'>autogr.;</span> <span class='ocrx_word' id='word_1_393' title='bbox 683 2204 726 2239; x_wconf 80' lang='lat' dir='ltr'>G.</span> <span class='ocrx_word' id='word_1_394' title='bbox 741 2204 805 2249; x_wconf 85' lang='lat' dir='ltr'>Ep.</span> <span class='ocrx_word' id='word_1_395' title='bbox 821 2204 871 2237; x_wconf 87' lang='lat' dir='ltr'>XI</span> <span class='ocrx_word' id='word_1_396' title='bbox 897 2204 922 2238; x_wconf 84' lang='lat' dir='ltr'>f.</span> <span class='ocrx_word' id='word_1_397' title='bbox 941 2202 1051 2246; x_wconf 65' lang='lat'>187³.)</span> <span class='ocrx_word' id='word_1_398' title='bbox 1092 2204 1248 2246; x_wconf 68' lang='lat' dir='ltr'>Boryz&#39;as</span> <span class='ocrx_word' id='word_1_399' title='bbox 1274 2204 1394 2235; x_wconf 85' lang='lat' dir='ltr'>autem</span> <span class='ocrx_word' id='word_1_400' title='bbox 1422 2201 1535 2235; x_wconf 85' lang='lat' dir='ltr'>Roma</span> <span class='ocrx_word' id='word_1_401' title='bbox 1554 2201 1586 2235; x_wconf 91' lang='lat'>5.</span> <span class='ocrx_word' id='word_1_402' title='bbox 1602 2199 1758 2242; x_wconf 84' lang='lat' dir='ltr'>Augusti</span> <span class='ocrx_word' id='word_1_403' title='bbox 1780 2197 1871 2232; x_wconf 89' lang='lat'>1570</span> 
     </span>
     <span class='ocr_line' id='line_1_37' title="bbox 92 2251 1871 2303; baseline -0.005 -9"><span class='ocrx_word' id='word_1_404' title='bbox 92 2259 243 2294; x_wconf 78' lang='lat' dir='ltr'>Hoffaeo</span> <span class='ocrx_word' id='word_1_405' title='bbox 270 2258 500 2303; x_wconf 82' lang='lat' dir='ltr'>*respondit:</span> <span class='ocrx_word' id='word_1_406' title='bbox 537 2258 715 2293; x_wconf 77' lang='lat' dir='ltr'>Convenit</span> <span class='ocrx_word' id='word_1_407' title='bbox 750 2258 917 2303; x_wconf 89' lang='lat' dir='ltr'>episcopo</span> <span class='ocrx_word' id='word_1_408' title='bbox 948 2256 999 2290; x_wconf 87' lang='lat' dir='ltr'>illi</span> <span class='ocrx_word' id='word_1_409' title='bbox 1029 2255 1176 2299; x_wconf 90' lang='lat' dir='ltr'>(Davidi</span> <span class='ocrx_word' id='word_1_410' title='bbox 1203 2254 1415 2299; x_wconf 85' lang='lat' dir='ltr'>Koelderer)</span> <span class='ocrx_word' id='word_1_411' title='bbox 1443 2253 1653 2298; x_wconf 85' lang='lat' dir='ltr'>significari,</span> <span class='ocrx_word' id='word_1_412' title='bbox 1690 2264 1759 2296; x_wconf 90' lang='lat' dir='ltr'>quo</span> <span class='ocrx_word' id='word_1_413' title='bbox 1794 2251 1871 2285; x_wconf 87' lang='grc'>1000</span> 
     </span>
     <span class='ocr_line' id='line_1_38' title="bbox 93 2304 1870 2357; baseline -0.005 -10"><span class='ocrx_word' id='word_1_414' title='bbox 93 2313 190 2348; x_wconf 77' lang='lat' dir='ltr'>Galli</span> <span class='ocrx_word' id='word_1_415' title='bbox 215 2324 274 2347; x_wconf 86' lang='lat' dir='ltr'>res</span> <span class='ocrx_word' id='word_1_416' title='bbox 300 2312 374 2347; x_wconf 91' lang='lat' dir='ltr'>sint</span> <span class='ocrx_word' id='word_1_417' title='bbox 402 2312 464 2356; x_wconf 85' lang='lat' dir='ltr'>(ex</span> <span class='ocrx_word' id='word_1_418' title='bbox 490 2323 614 2357; x_wconf 84' lang='lat' dir='ltr'>apogr.</span> <span class='ocrx_word' id='word_1_419' title='bbox 641 2311 753 2346; x_wconf 91' lang='lat' dir='ltr'>eiusd.</span> <span class='ocrx_word' id='word_1_420' title='bbox 780 2314 909 2356; x_wconf 82' lang='lat' dir='ltr'>temp.;</span> <span class='ocrx_word' id='word_1_421' title='bbox 938 2310 1059 2345; x_wconf 79' lang='lat' dir='ltr'>Germ.</span> <span class='ocrx_word' id='word_1_422' title='bbox 1088 2310 1133 2344; x_wconf 86' lang='lat'>70</span> <span class='ocrx_word' id='word_1_423' title='bbox 1159 2310 1185 2344; x_wconf 85' lang='lat' dir='ltr'>f.</span> <span class='ocrx_word' id='word_1_424' title='bbox 1214 2309 1328 2352; x_wconf 68' lang='lat'>1092).</span> <span class='ocrx_word' id='word_1_425' title='bbox 1364 2308 1496 2342; x_wconf 85' lang='lat' dir='ltr'>Postea</span> <span class='ocrx_word' id='word_1_426' title='bbox 1523 2310 1642 2342; x_wconf 87' lang='lat' dir='ltr'>tamen</span> <span class='ocrx_word' id='word_1_427' title='bbox 1671 2305 1798 2340; x_wconf 80' lang='lat' dir='ltr'>Gallus</span> <span class='ocrx_word' id='word_1_428' title='bbox 1825 2304 1870 2338; x_wconf 88' lang='lat' dir='ltr'>ad</span> 
     </span>
     <span class='ocr_line' id='line_1_39' title="bbox 93 2357 1870 2410; baseline -0.005 -9"><span class='ocrx_word' id='word_1_429' title='bbox 93 2367 222 2402; x_wconf 89' lang='lat' dir='ltr'>bonam</span> <span class='ocrx_word' id='word_1_430' title='bbox 260 2366 403 2408; x_wconf 80' lang='lat' dir='ltr'>frugem</span> <span class='ocrx_word' id='word_1_431' title='bbox 441 2377 480 2399; x_wconf 89' lang='lat' dir='ltr'>se</span> <span class='ocrx_word' id='word_1_432' title='bbox 518 2364 699 2410; x_wconf 87' lang='lat' dir='ltr'>recepisse</span> <span class='ocrx_word' id='word_1_433' title='bbox 735 2364 889 2398; x_wconf 82' lang='lat' dir='ltr'>videtur.</span> <span class='ocrx_word' id='word_1_434' title='bbox 940 2365 1045 2398; x_wconf 90' lang='lat' dir='ltr'>Anno</span> <span class='ocrx_word' id='word_1_435' title='bbox 1084 2364 1178 2397; x_wconf 86' lang='lat' dir='ltr'>enim</span> <span class='ocrx_word' id='word_1_436' title='bbox 1209 2363 1299 2397; x_wconf 88' lang='lat'>1579</span> <span class='ocrx_word' id='word_1_437' title='bbox 1336 2362 1555 2396; x_wconf 85' lang='lat' dir='ltr'>Ratisbonae</span> <span class='ocrx_word' id='word_1_438' title='bbox 1594 2360 1788 2394; x_wconf 86' lang='lat' dir='ltr'>canonicus</span> <span class='ocrx_word' id='word_1_439' title='bbox 1826 2357 1870 2391; x_wconf 86' lang='lat' dir='ltr'>ad</span> 
     </span>
     <span class='ocr_line' id='line_1_40' title="bbox 93 2413 1870 2463; baseline -0.006 -8"><span class='ocrx_word' id='word_1_440' title='bbox 93 2420 127 2455; x_wconf 83' lang='lat' dir='ltr'>S.</span> <span class='ocrx_word' id='word_1_441' title='bbox 148 2420 292 2454; x_wconf 85' lang='lat' dir='ltr'>Ioannis</span> <span class='ocrx_word' id='word_1_442' title='bbox 317 2419 386 2453; x_wconf 86' lang='lat' dir='ltr'>fuit</span> <span class='ocrx_word' id='word_1_443' title='bbox 415 2418 595 2463; x_wconf 82' lang='lat' dir='ltr'>(Mederer</span> <span class='ocrx_word' id='word_1_444' title='bbox 621 2418 644 2452; x_wconf 94' lang='grc'>1.</span> <span class='ocrx_word' id='word_1_445' title='bbox 664 2430 694 2453; x_wconf 86' lang='lat' dir='ltr'>c.</span> <span class='ocrx_word' id='word_1_446' title='bbox 713 2418 747 2451; x_wconf 89' lang='grc' dir='ltr'>Π</span> <span class='ocrx_word' id='word_1_447' title='bbox 773 2418 847 2461; x_wconf 89' lang='lat'>54).</span> <span class='ocrx_word' id='word_1_448' title='bbox 883 2418 924 2451; x_wconf 88' lang='lat' dir='ltr'>In</span> <span class='ocrx_word' id='word_1_449' title='bbox 952 2417 1077 2451; x_wconf 87' lang='lat' dir='ltr'>eadem</span> <span class='ocrx_word' id='word_1_450' title='bbox 1102 2417 1191 2451; x_wconf 87' lang='lat' dir='ltr'>urbe</span> <span class='ocrx_word' id='word_1_451' title='bbox 1217 2416 1440 2460; x_wconf 87' lang='lat' dir='ltr'>aliquamdiu</span> <span class='ocrx_word' id='word_1_452' title='bbox 1466 2413 1662 2460; x_wconf 89' lang='lat' dir='ltr'>parochum</span> <span class='ocrx_word' id='word_1_453' title='bbox 1690 2414 1726 2446; x_wconf 91' lang='lat' dir='ltr'>et</span> <span class='ocrx_word' id='word_1_454' title='bbox 1756 2422 1870 2454; x_wconf 87' lang='lat' dir='ltr'>„sum-</span> 
     </span>
     <span class='ocr_line' id='line_1_41' title="bbox 93 2464 1870 2518; baseline -0.005 -11"><span class='ocrx_word' id='word_1_455' title='bbox 93 2485 191 2507; x_wconf 86' lang='lat' dir='ltr'>mum</span> <span class='ocrx_word' id='word_1_456' title='bbox 217 2472 554 2518; x_wconf 82' lang='lat' dir='ltr'>poenitentiarium“</span> <span class='ocrx_word' id='word_1_457' title='bbox 585 2472 671 2515; x_wconf 87' lang='lat' dir='ltr'>egit.</span> <span class='ocrx_word' id='word_1_458' title='bbox 722 2472 825 2505; x_wconf 90' lang='lat' dir='ltr'>Anno</span> <span class='ocrx_word' id='word_1_459' title='bbox 852 2472 973 2504; x_wconf 86' lang='lat' dir='ltr'>autem</span> <span class='ocrx_word' id='word_1_460' title='bbox 1002 2470 1094 2505; x_wconf 84' lang='lat'>1584</span> <span class='ocrx_word' id='word_1_461' title='bbox 1129 2469 1260 2504; x_wconf 88' lang='lat' dir='ltr'>ibidem</span> <span class='ocrx_word' id='word_1_462' title='bbox 1288 2468 1452 2514; x_wconf 83' lang='lat' dir='ltr'>capituli,</span> <span class='ocrx_word' id='word_1_463' title='bbox 1490 2468 1583 2512; x_wconf 90' lang='lat' dir='ltr'>quod</span> <span class='ocrx_word' id='word_1_464' title='bbox 1614 2466 1778 2510; x_wconf 85' lang='lat' dir='ltr'>„Veteris</span> <span class='ocrx_word' id='word_1_465' title='bbox 1806 2464 1870 2499; x_wconf 88' lang='lat' dir='ltr'>Ca-</span> 
     </span>
     <span class='ocr_line' id='line_1_42' title="bbox 93 2519 1870 2572; baseline -0.005 -11"><span class='ocrx_word' id='word_1_466' title='bbox 93 2527 229 2572; x_wconf 85' lang='lat' dir='ltr'>pellae“</span> <span class='ocrx_word' id='word_1_467' title='bbox 259 2529 421 2568; x_wconf 85' lang='lat' dir='ltr'>vocatur,</span> <span class='ocrx_word' id='word_1_468' title='bbox 449 2526 608 2560; x_wconf 88' lang='lat' dir='ltr'>decanus</span> <span class='ocrx_word' id='word_1_469' title='bbox 635 2526 712 2559; x_wconf 87' lang='lat' dir='ltr'>erat</span> <span class='ocrx_word' id='word_1_470' title='bbox 741 2524 936 2568; x_wconf 88' lang='lat' dir='ltr'>(Chronica</span> <span class='ocrx_word' id='word_1_471' title='bbox 963 2524 1160 2558; x_wconf 85' lang='lat' dir='ltr'>domest-ica</span> <span class='ocrx_word' id='word_1_472' title='bbox 1187 2523 1331 2557; x_wconf 88' lang='lat' dir='ltr'>Ioannis</span> <span class='ocrx_word' id='word_1_473' title='bbox 1350 2522 1454 2557; x_wconf 86' lang='lat' dir='ltr'>Wolf</span> <span class='ocrx_word' id='word_1_474' title='bbox 1477 2522 1691 2566; x_wconf 84' lang='lat' dir='ltr'>Freymann,</span> <span class='ocrx_word' id='word_1_475' title='bbox 1728 2519 1824 2553; x_wconf 88' lang='lat' dir='ltr'>edita</span> <span class='ocrx_word' id='word_1_476' title='bbox 1849 2530 1870 2553; x_wconf 87' lang='lat' dir='ltr'>a</span> 
     </span>
     <span class='ocr_line' id='line_1_43' title="bbox 94 2574 1653 2624; baseline -0.004 -9"><span class='ocrx_word' id='word_1_477' title='bbox 94 2582 168 2615; x_wconf 64' lang='lat' dir='ltr'>Fet.</span> <span class='ocrx_word' id='word_1_478' title='bbox 196 2581 265 2615; x_wconf 82' lang='lat' dir='ltr'>Ios.</span> <span class='ocrx_word' id='word_1_479' title='bbox 293 2581 495 2624; x_wconf 61' lang='lat' dir='ltr'>Lipowsky,</span> <span class='ocrx_word' id='word_1_480' title='bbox 522 2577 813 2622; x_wconf 85' lang='lat' dir='ltr'>Urgeschichten</span> <span class='ocrx_word' id='word_1_481' title='bbox 839 2589 910 2612; x_wconf 92' lang='lat' dir='ltr'>von</span> <span class='ocrx_word' id='word_1_482' title='bbox 936 2577 1118 2612; x_wconf 73' lang='lat' dir='ltr'>Mfinchen</span> <span class='ocrx_word' id='word_1_483' title='bbox 1145 2577 1189 2618; x_wconf 86' lang='lat' dir='ltr'>ll,</span> <span class='ocrx_word' id='word_1_484' title='bbox 1216 2576 1397 2610; x_wconf 72' lang='lat' dir='ltr'>Mt&#39;mchen</span> <span class='ocrx_word' id='word_1_485' title='bbox 1427 2575 1527 2615; x_wconf 78' lang='lat'>1815,</span> <span class='ocrx_word' id='word_1_486' title='bbox 1555 2574 1653 2618; x_wconf 84' lang='lat'>630).</span> 
     </span>
    </p>
   </div>
   <div class='ocr_carea' id='block_1_8' title="bbox 94 2719 1871 2762">
    <p class='ocr_par' dir='ltr' id='par_1_9' title="bbox 94 2719 1871 2762">
     <span class='ocr_line' id='line_1_44' title="bbox 94 2719 1871 2762; baseline -0.005 -1"><span class='ocrx_word' id='word_1_487' title='bbox 94 2724 252 2762; x_wconf 86' lang='grc'>1668.</span> <span class='ocrx_word' id='word_1_488' title='bbox 337 2724 555 2760; x_wconf 84' lang='lat' dir='ltr'>CANISIUS</span> <span class='ocrx_word' id='word_1_489' title='bbox 582 2723 644 2759; x_wconf 85' lang='lat' dir='ltr'>P.</span> <span class='ocrx_word' id='word_1_490' title='bbox 666 2721 982 2759; x_wconf 73' lang='lat' dir='ltr'><strong>GEORGIO</strong></span> <span class='ocrx_word' id='word_1_491' title='bbox 1012 2719 1445 2758; x_wconf 73' lang='lat' dir='ltr'>SORORICHIO</span> <span class='ocrx_word' id='word_1_492' title='bbox 1475 2719 1529 2756; x_wconf 84' lang='lat' dir='ltr'>S.</span> <span class='ocrx_word' id='word_1_493' title='bbox 1549 2719 1604 2756; x_wconf 84' lang='lat' dir='ltr'>J.</span> <span class='ocrx_word' id='word_1_494' title='bbox 1631 2719 1871 2755; x_wconf 86' lang='lat' dir='ltr'>contionatori</span> 
     </span>
    </p>
   </div>
   <div class='ocr_carea' id='block_1_9' title="bbox 285 2778 1821 2868">
    <p class='ocr_par' dir='ltr' id='par_1_10' title="bbox 285 2778 1821 2868">
     <span class='ocr_line' id='line_1_45' title="bbox 285 2778 694 2822; baseline -0.002 -9"><span class='ocrx_word' id='word_1_495' title='bbox 285 2778 429 2822; x_wconf 87' lang='lat' dir='ltr'>collegii</span> <span class='ocrx_word' id='word_1_496' title='bbox 454 2778 694 2813; x_wconf 86' lang='lat' dir='ltr'>monacensis.</span> 
     </span>
     <span class='ocr_line' id='line_1_46' title="bbox 812 2821 1821 2868; baseline -0.002 -10"><span class='ocrx_word' id='word_1_497' title='bbox 812 2824 958 2868; x_wconf 89' lang='lat' dir='ltr'>Dilinga</span> <span class='ocrx_word' id='word_1_498' title='bbox 984 2824 1080 2858; x_wconf 89' lang='lat' dir='ltr'>inter</span> <span class='ocrx_word' id='word_1_499' title='bbox 1106 2824 1199 2858; x_wconf 89' lang='lat' dir='ltr'>med.</span> <span class='ocrx_word' id='word_1_500' title='bbox 1218 2823 1355 2857; x_wconf 86' lang='lat' dir='ltr'>Maium</span> <span class='ocrx_word' id='word_1_501' title='bbox 1383 2825 1419 2857; x_wconf 91' lang='lat' dir='ltr'>et</span> <span class='ocrx_word' id='word_1_502' title='bbox 1444 2822 1535 2857; x_wconf 90' lang='lat' dir='ltr'>med.</span> <span class='ocrx_word' id='word_1_503' title='bbox 1555 2821 1697 2856; x_wconf 90' lang='lat' dir='ltr'>Iunium</span> <span class='ocrx_word' id='word_1_504' title='bbox 1718 2822 1821 2856; x_wconf 91' lang='lat'>1569.</span> 
     </span>
    </p>
   </div>
   <div class='ocr_carea' id='block_1_10' title="bbox 89 2895 1869 3162">
    <p class='ocr_par' dir='ltr' id='par_1_11' title="bbox 215 2895 1290 2942">
     <span class='ocr_line' id='line_1_47' title="bbox 215 2895 1290 2942; baseline -0.002 -11"><span class='ocrx_word' id='word_1_505' title='bbox 215 2897 270 2931; x_wconf 81' lang='lat' dir='ltr'>Ex</span> <span class='ocrx_word' id='word_1_506' title='bbox 297 2897 453 2942; x_wconf 90' lang='lat' dir='ltr'>epistula</span> <span class='ocrx_word' id='word_1_507' title='bbox 479 2898 523 2932; x_wconf 86' lang='lat' dir='ltr'>ad</span> <span class='ocrx_word' id='word_1_508' title='bbox 551 2897 733 2942; x_wconf 83' lang='lat' dir='ltr'>Borgiam,</span> <span class='ocrx_word' id='word_1_509' title='bbox 760 2896 802 2930; x_wconf 90' lang='lat' dir='ltr'>de</span> <span class='ocrx_word' id='word_1_510' title='bbox 829 2907 900 2940; x_wconf 90' lang='lat' dir='ltr'>qua</span> <span class='ocrx_word' id='word_1_511' title='bbox 925 2896 1030 2937; x_wconf 83' lang='lat' dir='ltr'>infra,</span> <span class='ocrx_word' id='word_1_512' title='bbox 1058 2907 1112 2940; x_wconf 88' lang='lat' dir='ltr'>ep.</span> <span class='ocrx_word' id='word_1_513' title='bbox 1131 2907 1165 2929; x_wconf 91' lang='lat' dir='ltr'>n.</span> <span class='ocrx_word' id='word_1_514' title='bbox 1187 2895 1290 2929; x_wconf 83' lang='lat'>1673.</span> 
     </span>
    </p>

    <p class='ocr_par' dir='ltr' id='par_1_12' title="bbox 89 2974 1869 3162">
     <span class='ocr_line' id='line_1_48' title="bbox 215 2974 1869 3030; baseline -0.003 -12"><span class='ocrx_word' id='word_1_515' title='bbox 215 2977 414 3018; x_wconf 74' lang='lat' dir='ltr'>Canisius</span> <span class='ocrx_word' id='word_1_516' title='bbox 456 2976 635 3030; x_wconf 69' lang='lat' dir='ltr'>Dilinya</span> <span class='ocrx_word' id='word_1_517' title='bbox 666 2975 882 3018; x_wconf 60' lang='grc'>23101111·</span> <span class='ocrx_word' id='word_1_518' title='bbox 915 2976 1030 3016; x_wconf 74' lang='grc'>1569</span> <span class='ocrx_word' id='word_1_519' title='bbox 1063 2975 1106 3016; x_wconf 82' lang='lat' dir='ltr'>S.</span> <span class='ocrx_word' id='word_1_520' title='bbox 1131 2974 1362 3016; x_wconf 73' lang='lat' dir='ltr'>Francisco</span> <span class='ocrx_word' id='word_1_521' title='bbox 1404 2974 1590 3028; x_wconf 69' lang='lat' dir='ltr'>Boryz&#39;ae</span> <span class='ocrx_word' id='word_1_522' title='bbox 1625 2974 1869 3028; x_wconf 75' lang='lat' dir='ltr'>praeposito</span> 
     </span>
     <span class='ocr_line' id='line_1_49' title="bbox 92 3040 1868 3097; baseline -0.003 -13"><span class='ocrx_word' id='word_1_523' title='bbox 92 3043 280 3097; x_wconf 66' lang='lat' dir='ltr'>qeneralc&#39;</span> <span class='ocrx_word' id='word_1_524' title='bbox 311 3042 481 3096; x_wconf 70' lang='lat' dir='ltr'>scripsit</span> <span class='ocrx_word' id='word_1_525' title='bbox 504 3043 555 3082; x_wconf 74' lang='lat' dir='ltr'>(Ze</span> <span class='ocrx_word' id='word_1_526' title='bbox 576 3043 694 3096; x_wconf 71' lang='lat' dir='ltr'>stipe,</span> <span class='ocrx_word' id='word_1_527' title='bbox 730 3055 857 3096; x_wconf 72' lang='lat' dir='ltr'>quam</span> <span class='ocrx_word' id='word_1_528' title='bbox 880 3040 1064 3095; x_wconf 67' lang='lat' dir='ltr'>Borqias</span> <span class='ocrx_word' id='word_1_529' title='bbox 1094 3054 1173 3095; x_wconf 75' lang='lat' dir='ltr'>pro</span> <span class='ocrx_word' id='word_1_530' title='bbox 1204 3041 1352 3095; x_wconf 71' lang='lat' dir='ltr'>templo</span> <span class='ocrx_word' id='word_1_531' title='bbox 1375 3040 1535 3081; x_wconf 79' lang='lat' dir='ltr'>Romae</span> <span class='ocrx_word' id='word_1_532' title='bbox 1557 3040 1676 3095; x_wconf 75' lang='lat' dir='ltr'>apud</span> <span class='ocrx_word' id='word_1_533' title='bbox 1699 3040 1868 3080; x_wconf 76' lang='lat' dir='ltr'>domum</span> 
     </span>
     <span class='ocr_line' id='line_1_50' title="bbox 89 3106 1869 3162; baseline -0.003 -13"><span class='ocrx_word' id='word_1_534' title='bbox 89 3107 331 3162; x_wconf 75' lang='lat' dir='ltr'>professam</span> <span class='ocrx_word' id='word_1_535' title='bbox 364 3107 583 3149; x_wconf 76' lang='lat' dir='ltr'>Societatis</span> <span class='ocrx_word' id='word_1_536' title='bbox 615 3107 871 3148; x_wconf 73' lang='lat' dir='ltr'>exstruendo</span> <span class='ocrx_word' id='word_1_537' title='bbox 904 3106 955 3147; x_wconf 79' lang='lat' dir='ltr'>ab</span> <span class='ocrx_word' id='word_1_538' title='bbox 979 3106 1150 3147; x_wconf 72' lang='lat' dir='ltr'>Alberto</span> <span class='ocrx_word' id='word_1_539' title='bbox 1172 3106 1217 3148; x_wconf 84' lang='lat' dir='ltr'>V.</span> <span class='ocrx_word' id='word_1_540' title='bbox 1252 3106 1471 3148; x_wconf 75' lang='lat' dir='ltr'>Bavariae</span> <span class='ocrx_word' id='word_1_541' title='bbox 1505 3106 1609 3147; x_wconf 78' lang='lat' dir='ltr'>duce</span> <span class='ocrx_word' id='word_1_542' title='bbox 1641 3107 1869 3159; x_wconf 73' lang='lat' dir='ltr'>impetrare</span> 
     </span>
    </p>
   </div>
  </div>
 </body>
</html>
