2044 3335
578 63 673 97 Mon.
702 63 793 98 1013
820 62 898 97 sive
924 62 994 97 litt.
1015 61 1082 105 (8).
1128 61 1372 96 1567—1568.
1772 61 1856 102 663

210 178 240 212 3.
267 178 306 211 ln
335 177 478 221 collegii
503 177 765 223 herbipolensis
782 181 896 224 primo
919 179 1108 222 ,cataloyo
1133 176 1361 217 lectionum“‚
1390 187 1459 220 quo
1485 174 1691 210 scholarum
1717 174 1857 208 initium

90 231 126 266 in
153 231 184 265 d.
206 231 260 265 11.
279 230 494 265 Novembris
515 231 605 266 1567
631 232 811 273 indicitur,
837 232 889 266 ita
907 231 1098 266 statuitur:
1131 231 1190 272 „in
1208 229 1453 273 Theologicis:
1483 256 1489 262 .
1511 256 1516 262 .
1539 256 1545 262 .
1565 227 1717 262 Veneris
1735 227 1860 263 diebus

91 283 255 328 singulis,
281 285 387 318 sexta
412 283 499 318 hora
525 283 757 326 Dialecticae‚
785 284 1011 325 Rhetoricae,
1047 286 1082 318 et
1108 282 1369 317 Humaniorum
1404 281 1592 316 literarum
1627 280 1861 320 auditoribus,

92 337 194 372 Doct.
230 337 330 371 Petri
366 336 498 371 Canisii
535 337 760 372 Christianae
796 338 979 372 doctrinae
1014 348 1173 377 summa,
1212 347 1277 370 seu
1313 335 1563 369 Catechismus
1599 335 1768 368 accurate
1803 344 1861 367 ex-

91 389 304 435 plicabitur:
331 389 563 434 Reliquarum
582 402 668 425 vero
688 391 867 425 Classium
891 389 1087 434 discipulis,
1114 391 1274 434 tempore
1293 388 1417 422 eodem
1443 399 1578 433 parvus
1597 386 1861 421 Catholicorum

95 443 355 478 Catechismus.
373 471 379 476 .
397 471 404 478 .
421 471 427 477 .
462 443 502 477 In
529 443 778 488 Etymologia:
807 471 813 477 .
831 471 837 477 .
855 443 979 488 .[Hora
1005 445 1087 488 post
1111 440 1312 485 meridiem]
1336 442 1462 486 prima,
1490 452 1626 485 parvus
1644 440 1746 474 Doct.
1765 439 1863 473 Petri

96 496 229 531 Canisii
256 496 507 531 Catechismus
538 497 617 531 rudi
645 500 681 531 et
706 497 850 540 vulgari
875 496 980 531 modo
1006 495 1256 541 explicabitur.
1277 522 1284 528 .
1305 522 1311 528 .
1333 523 1339 529 .
1384 494 1423 528 In
1451 493 1714 529 Grammatices
1741 492 1864 528 Classe

94 550 236 584 infima:
265 578 271 584 .
293 578 298 583 .
320 577 326 583 .
346 549 466 594 [Mane
492 549 592 594 hora]
630 562 732 592 nona,
768 549 1035 585 Catechismum
1070 560 1222 593 parvum
1257 548 1382 590 lingua
1408 547 1551 590 vulgari
1586 547 1685 592 prius
1712 558 1732 580 a
1758 546 1864 580 Prae-

95 606 238 648 ceptore
264 603 483 648 explicatum
511 603 660 645 discent,
688 606 724 638 et
749 602 963 644 recitabunt,
990 602 1069 647 pias
1087 601 1319 635 Precationes
1337 601 1528 634 memoriae
1546 599 1778 634 mandabunt.
1799 625 1807 632 .
1829 626 1835 632 .
1857 625 1865 632 .

95 657 284 691 Lectiones
319 658 356 690 et
381 656 669 691 Exercitationes
697 656 931 690 Communes:
1052 654 1186 699 [Sacris
1222 654 1359 696 diebus]
1396 653 1684 698 vespertinarum
1720 663 1865 697 precum

96 710 225 751 officio,
252 712 289 744 et
314 709 532 745 Catechismi
560 709 764 744 Germanici
790 710 959 744 intersint
985 707 1226 753 explicationi.
1278 707 1356 741 Erit
1388 709 1507 741 autem
1544 718 1630 741 cura
1664 706 1867 750 praecipua.

95 765 135 797 ut
162 763 323 798 doctrina
351 763 556 798 Christiana
581 765 617 797 et
643 763 744 798 bonis
770 763 928 797 moribus
954 762 1055 807 pueri
1081 761 1338 796 instituantur“
1362 760 1508 804 (Weqele
1533 759 1555 794 1.
1576 771 1605 794 c.
1624 760 1641 793 1
1671 759 1867 793 118-121.

98 817 263 851 Paclztler
288 816 312 851 1.
338 828 368 851 0.
395 817 410 851 Ι
437 816 655 859 208-211).

217 869 391 911 Quoniam
426 870 461 903 in
497 869 564 904 hoc
600 869 764 912 catalogo
790 881 810 903 a
837 869 950 904 Sociis
985 868 1192 911 „Summae“
1232 867 1438 902 canisianae
1473 866 1666 911 explicatio
1702 866 1736 899 in
1772 865 1869 899 theo-

96 923 295 967 logicarum
320 923 588 957 institutionum
614 935 762 957 numero
789 923 941 967 ponitur,
968 925 1063 963 noto,
1089 921 1133 955 ab
1161 920 1321 955 externis
1348 931 1488 964 quoque
1524 931 1604 953 eum
1630 919 1758 954 librum
1786 930 1870 952 non-

96 988 280 1020 nunquam
306 976 349 1010 ad
375 975 564 1019 theologos
590 976 832 1011 instituendos
850 975 1050 1010 adhibitum
1069 986 1159 1009 esse.
1201 974 1258 1008 Ita
1277 973 1445 1008 Coloniae
1466 973 1520 1008 19.
1540 972 1760 1018 Septembris
1781 972 1870 1006 1579

98 1030 140 1064 de
169 1029 358 1063 Gebhardo
385 1028 596 1070 Truchsess,
633 1030 693 1074 qui
720 1029 1012 1074 archiepiscopus
1048 1027 1263 1063 coloniensis
1299 1027 1435 1061 electus
1472 1029 1559 1067 erat,
1594 1038 1714 1061 coram
1740 1026 1871 1060 Ioanne

98 1082 264 1127 Baptista
299 1082 483 1125 Castagna
516 1083 643 1116 nuntio
679 1083 875 1128 apostolico
904 1084 1068 1117 szerus
1101 1083 1201 1115 Petri
1235 1081 1424 1125 episcopus
1459 1080 1720 1114 leovardiensis
1747 1079 1872 1123 (110011-

99 1135 261 1178 warden)
289 1137 445 1170 testatus
472 1138 547 1170 est:
574 1136 668 1170 Ante
698 1137 740 1171 12
767 1147 890 1177 annos,
918 1147 1000 1170 cum
1025 1135 1103 1180 ipse
1129 1134 1279 1168 Lovanii
1306 1134 1479 1169 ecclesiae
1499 1134 1532 1169 S.
1552 1133 1651 1168 Petri
1678 1135 1872 1179 praeesset,

98 1189 328 1224 Gebhardum
357 1200 437 1223 cum
466 1189 722 1234 Christophoro
749 1190 862 1223 fratre
889 1192 924 1224 et
951 1189 998 1224 M.
1027 1189 1185 1222 Adriano
1212 1187 1419 1222 Alblacensi
1449 1187 1526 1232 (qui
1552 1187 1655 1222 modo
1683 1187 1874 1221 canonicus

99 1242 289 1277 duacensis
316 1244 352 1276 et
378 1242 501 1277 doctor
527 1243 732 1287 theologiae
751 1243 863 1287 esset)
884 1243 978 1276 domi
1004 1253 1091 1276 suae
1117 1253 1181 1287 per
1206 1241 1287 1286 plus
1306 1253 1413 1285 quam
1432 1241 1520 1275 duos
1539 1252 1650 1275 annos
1672 1240 1873 1279 habitasse;

99 1296 296 1330 Adrianum
323 1295 513 1331 Gebhardo
544 1296 850 1338 „cathechismum
870 1295 1023 1330 Canisii“
1055 1295 1278 1340 explicasse3
1315 1294 1546 1329 Gebhardum
1574 1294 1610 1328 in
1636 1294 1874 1328 universitate

100 1350 135 1383 in
161 1349 410 1393 theologorum
444 1349 588 1384 scholas
623 1350 735 1384 ivisse
771 1361 965 1393 eorumque
1001 1348 1305 1393 disputationibus
1340 1347 1548 1382 interfuisse
1578 1348 1631 1390 (J.
1658 1348 1807 1381 Hansen
1839 1346 1873 1380 in

104 1402 405 1445 „Mittheilungen
431 1414 496 1437 aus
523 1403 602 1437 dem
630 1403 862 1437 Stadtarchiv
890 1415 959 1437 von
988 1403 1098 1436 Koln“
1130 1402 1186 1436 20.
1216 1401 1313 1442 Heft,
1340 1401 1433 1435 Koln
1464 1401 1565 1442 1891,
1594 1401 1668 1440 64).

220 1456 253 1490 4.
280 1455 406 1499 Neque
431 1459 552 1491 tamen
580 1456 713 1491 Canisii
741 1456 983 1491 catechismus
1009 1468 1050 1490 eo
1085 1457 1245 1500 tempore
1281 1455 1316 1489 in
1344 1455 1537 1489 Germania
1564 1454 1678 1489 Sociis
1714 1453 1876 1488 omnibus

103 1509 154 1543 ita
179 1509 356 1554 placebat,
382 1512 422 1544 ut
441 1522 522 1544 eum
548 1510 698 1554 reliquis
717 1510 881 1544 omnibus
907 1509 1081 1554 potiorem
1108 1509 1293 1543 haberent.
1328 1509 1368 1543 P.
1388 1510 1611 1542 Laurentius
1628 1509 1773 1551 Maye'us
1790 1507 1824 1542 S.
1843 1507 1875 1541 J.

103 1563 308 1608 provinciae
345 1564 547 1598 austriacae
582 1563 811 1609 praepositus
846 1563 1007 1597 alitteris
1032 1562 1244 1597 Vindobona
1279 1562 1311 1596 3.
1339 1561 1548 1597 Decembris
1576 1562 1666 1596 1567
1701 1560 1796 1595 datis
1833 1572 1876 1594 ex

103 1617 137 1651 S.
157 1616 348 1651 Francisco
366 1617 500 1661 Borgia
526 1618 729 1662 praeposito
757 1616 916 1663 generali
939 1616 1129 1660 quaesivit,
1156 1628 1242 1650 num
1261 1615 1374 1651 Sociis
1400 1615 1728 1650 vindobonensibus
1754 1614 1877 1648 liceret

103 1670 362 1705 catechismum
389 1670 429 1705 P.
456 1671 634 1705 Edmundi
660 1671 808 1713 Augerii
829 1670 862 1705 S.
882 1670 914 1704 J.
945 1670 1003 1713 (de
1030 1681 1099 1714 quo
1126 1682 1160 1704 V.
1183 1671 1270 1703 Can.
1290 1669 1341 1703 IV
1370 1669 1475 1713 1012)
1504 1668 1710 1713 germanice
1737 1670 1878 1701 vertere

104 1726 138 1758 et
165 1723 198 1757 in
225 1723 343 1757 locum
370 1723 579 1758 catechismi
606 1724 780 1758 canisiani
807 1723 1047 1763 substituere;
1084 1735 1199 1767 neque
1235 1723 1329 1756 enim
1365 1722 1511 1757 dubium
1548 1734 1637 1763 esse,
1673 1722 1758 1766 quin
1785 1723 1879 1755 cate-

105 1777 264 1811 chismus
291 1777 439 1821 Augerii
464 1777 596 1822 pueris,
631 1778 788 1811 maxime
824 1777 987 1822 parvulis
1022 1780 1058 1810 et
1091 1776 1305 1814 rudioribus,
1341 1776 1447 1820 longe
1482 1776 1652 1810 maiorem
1685 1774 1878 1809 utilitatem

106 1831 283 1865 allaturus
315 1833 413 1865 esset
444 1842 552 1875 quam
585 1830 827 1865 catechismus
855 1830 989 1865 Canisii
1017 1829 1078 1873 (ex
1113 1829 1368 1875 autographo).
1420 1831 1575 1874 Boryias
1600 1829 1715 1863 Roma
1741 1828 1797 1863 30.
1826 1828 1877 1861 la-

105 1884 220 1918 nuarii
248 1884 339 1918 1568
375 1885 599 1929 *respondit,
634 1896 683 1925 se,
720 1884 805 1929 quid
838 1884 1017 1928 agendum
1055 1886 1167 1924 esset,
1204 1883 1515 1918 consideraturum
1551 1894 1630 1917 esse
1660 1882 1719 1926 (ex
1756 1893 1879 1926 apogr.

106 1938 218 1972 eiusd.
244 1940 374 1982 temp.;
403 1937 523 1973 Germ.
551 1938 593 1972 67
622 1939 646 1972 f.
676 1938 788 1982 104³).
839 1937 990 1981 Augerii
1016 1937 1105 1971 liber
1130 1937 1335 1980 germanice
1362 1948 1490 1971 versus
1526 1948 1606 1971 esse
1633 1948 1702 1970 non
1729 1936 1883 1970 videtur.

109 2069 239 2107 1013
267 2071 345 2105 sive
371 2068 483 2106 litt.
504 2068 606 2115 (8).
650 2069 876 2106 1567—1568.

229 2138 372 2171 canisii
396 2137 623 2169 catechismus
650 2141 731 2169 ante
757 2147 790 2169 a.
814 2138 906 2169 1571
932 2136 1069 2179 (mytice
1095 2138 1257 2168 vertitur.
1307 2135 1379 2168 Nec
1404 2140 1518 2168 tamen
1548 2139 1638 2168 recte
1662 2135 1883 2176 affirmatur,

108 2191 352 2224 catechismum
379 2190 569 2232 cmqlicum,
597 2191 658 2232 qui
684 2201 716 2223 α.
747 2190 902 2230 1567f68
929 2190 1085 2222 Lovanti
1111 2200 1259 2222 excusus
1285 2194 1341 2232 est,
1372 2190 1566 2222 versionem
1594 2199 1662 2221 esse
1688 2187 1885 2221 catechismi

110 2245 300 2277 canisiani.
356 2244 574 2286 Conscripsit
599 2243 712 2286 illum,
739 2243 910 2276 adhibitis
936 2243 1154 2276 catechismis
1180 2244 1258 2276 Soti
1284 2246 1313 2276 et
1343 2243 1494 2285 Cani-sii,
1521 2242 1744 2275 Laurentius
1768 2241 1883 2273 Vauoe.

227 2309 267 2342 P.
288 2309 468 2342 Antonius
487 2308 695 2341 Possem'nus
713 2307 747 2341 S.
768 2308 812 2349 J.‚
839 2307 899 2352 qui
920 2307 1102 2341 Canisium
1130 2307 1261 2341 summi
1287 2307 1445 2341 faciebat
1472 2307 1620 2351 eiusque
1647 2305 1885 2340 catechismos

109 2361 302 2405 diligenter
337 2360 606 2402 disseminabat,
641 2361 677 2394 in
712 2360 844 2395 lit-teris
878 2361 1107 2395 dedicatoriis
1135 2361 1190 2395 15.
1216 2360 1373 2394 Ianuarii
1404 2361 1491 2394 1571
1527 2360 1632 2400 datis,
1669 2370 1759 2404 quas
1789 2358 1886 2402 (cum

109 2416 251 2449 nomine
278 2415 443 2449 Andreae
471 2413 629 2448 Charitei
655 2414 928 2458 Augustiniani)
958 2413 1129 2458 opusculo
1161 2413 1408 2455 „Instruttioni
1434 2413 1506 2447 alla
1532 2413 1688 2447 dottrina
1715 2411 1884 2447 Catolica‘

112 2472 147 2502 et
173 2468 244 2502 alla
270 2468 386 2513 111013.ιι
418 2467 582 2511 Lugduni
619 2479 649 2501 a.
680 2467 767 2501 1571
807 2467 902 2501 edito
934 2466 1188 2511 praeponebat,
1225 2466 1432 2508 affirmavit,
1460 2466 1594 2501 Canisii
1629 2465 1885 2500 catechismum

112 2522 183 2556 iam
210 2521 352 2565 anglice
388 2532 529 2565 quoque
565 2532 645 2555 esse
681 2532 846 2560 versum;
884 2532 920 2554 v,
946 2520 1052 2559 infra,
1088 2531 1181 2554 mon.
1209 2519 1279 2554 litt.
1309 2520 1399 2563 (47).
1451 2520 1503 2554 Ac
1532 2519 1569 2553 P.
1598 2521 1824 2563 Auyustinus
1847 2520 1889 2553 de

111 2576 251 2609 Becker
278 2574 311 2609 S.
332 2575 376 2615 J.,
413 2586 493 2608 cum
529 2573 740 2608 catechismi
779 2573 954 2607 canisiani
992 2574 1177 2607 versiones
1217 2573 1379 2616 anglicas
1418 2575 1603 2614 recenset,
1643 2573 1743 2618 ponit
1776 2571 1888 2606 hanc:

116 2630 166 2670 „A
195 2627 422 2662 Catechisme
448 2639 487 2661 or
517 2639 537 2661 a
565 2627 747 2661 Christian
773 2626 944 2661 Doctrine
978 2627 1181 2661 necessarie
1216 2626 1271 2660 for
1303 2626 1485 2671 Chyldren
1521 2626 1590 2660 and
1626 2626 1687 2660 the
1721 2626 1889 2669 ignorant

112 2681 248 2726 people,
279 2681 417 2722 (Lovan
447 2681 568 2723 1567),
598 2681 674 2715 160“
709 2680 976 2724 (Bibliotheque
1003 2680 1065 2714 des
1096 2681 1278 2714 ecrivains
1304 2680 1347 2714 de
1382 2679 1417 2714 la
1444 2680 1664 2725 Compagnie
1700 2679 1743 2714 de
1769 2679 1888 2720 ι105115,

111 2734 227 2769 NouV.
255 2735 339 2768 edit.
367 2734 392 2775 Ι,
420 2734 650 2777 Liege-Paris
678 2734 781 2775 1869,
812 2733 930 2777 1058).
974 2732 1030 2767 Ex
1055 2733 1145 2767 libro
1172 2733 1326 2767 Backeri
1352 2733 1442 2767 haec
1467 2733 1698 2778 transcripsit
1717 2734 1889 2767 Sommer-

112 2789 216 2832 voyel,
243 2787 333 2822 Bibl.
360 2788 393 2821 11
421 2788 501 2822 630.
554 2787 716 2831 Uterque
742 2786 850 2827 addit,
888 2786 1067 2821 versionis
1103 2786 1309 2832 exemplum
1345 2788 1490 2821 exstare
1516 2787 1668 2821 Londini
1702 2786 1739 2820 in
1764 2786 1890 2820 Museo

113 2841 333 2875 Britannico.
369 2840 487 2883 Quare
514 2840 662 2875 dubium
688 2852 758 2874 non
786 2843 852 2881 est,
879 2841 964 2884 quin
991 2840 1149 2885 ipsorum
1177 2840 1307 2874 animis
1333 2840 1547 2875 obversatus
1573 2841 1623 2874 sit
1647 2840 1801 2880 libellus,
1830 2839 1891 2884 qui

113 2895 147 2928 in
167 2895 285 2928 Musei
304 2894 469 2937 catalogo
487 2894 586 2938 typis
605 2894 787 2938 exscripto
814 2894 908 2927 inter
927 2893 1173 2927 Catechismos
1192 2904 1390 2937 anonymos
1414 2894 1465 2927 ita
1484 2896 1685 2938 comparet:
1717 2895 1767 2936 „A
1787 2893 1892 2928 Cate-

115 2949 270 2988 chisme;
297 2960 346 2988 or,
374 2959 394 2981 a
413 2947 596 2982 Christian
623 2947 793 2988 doctrine,
821 2952 880 2981 etc.
907 2947 947 2980 B.
968 2946 1005 2980 L.
1025 2945 1213 2989 [Loca-am
1232 2947 1357 2989 1568J.
1395 2947 1464 2982 16⁰.
1491 2947 1702 2992 imperfect:
1731 2946 1891 2990 wanting

115 3003 238 3036 leaves
264 3002 296 3043 2,
334 3002 365 3041 3,
396 3002 462 3035 100
488 3001 558 3037 and
595 3001 673 3035 107.
725 3000 762 3034 C.
790 3001 845 3035 36.
882 3012 914 3034 a.
941 3000 1005 3034 35“
1037 3000 1193 3043 (British
1219 3001 1392 3035 Museum.
1444 3000 1642 3044 Catalogue
1680 3002 1719 3034 of
1751 3000 1890 3046 printed

116 3055 246 3090 Books.
299 3054 510 3096 Cat—CaW,
545 3054 688 3088 London
720 3054 820 3096 1885,
851 3054 923 3096 15).
975 3053 1118 3087 Titulus
1144 3064 1231 3087 sane
1257 3053 1467 3088 catechismi
1492 3054 1590 3088 illius
1617 3053 1749 3098 anglici
1776 3053 1892 3088 titulis
