2044 3335
720 115 866 159 Dilinga
892 116 947 149 27.
967 115 1121 149 Ianuarii
1144 115 1244 149 1571.
1777 114 1861 154 429

94 235 137 277 111
170 234 308 289 pretio
341 235 567 282 habeatur,
602 233 677 274 sed
710 233 753 274 in
787 231 1037 286 quotidiano
1071 231 1202 274 etiam
1236 233 1366 284 atque
1399 232 1609 284 perpetuo
1642 228 1865 271 Ecclesiae

95 314 174 341 usu
204 299 458 341 retineatur.
513 298 740 340 Caeterum
766 312 861 339 cum
892 297 928 338 is
960 297 1069 338 liber
1101 296 1318 338 nonnullis
1351 299 1395 338 et
1428 295 1654 345 difficilior,
1690 297 1734 336 et
1766 308 1865 348 pro-

94 364 223 406 iixior
254 365 488 414 uideretur,
523 377 649 416 quam
675 363 746 415 qui
771 362 825 404 ad
857 362 1075 404 rudiorum
1105 361 1440 413 intelligentiam
1475 362 1591 401 esset
1623 372 1865 401 accommo-

95 430 235 479 datus,
270 429 476 471 Parochis
508 428 664 482 quippe
698 427 968 481 conscriptus
998 430 1078 477 est,
1112 440 1197 467 non
1230 426 1417 479 pessime
1450 425 1620 478 quidem
1654 424 1714 466 illi
1748 423 1866 476 cogi·-

94 497 256 544 tarunt,
291 493 363 547 qui
385 496 525 536 totum
549 507 657 547 opus
679 493 722 534 in
746 492 976 546 epitomen,
1011 494 1245 545 aptamque
1269 490 1516 532 methodum
1541 489 1596 531 ad
1619 490 1864 531 scholarum

93 573 230 609 usum,
264 559 604 601 contrahendum
627 558 885 600 iudicarunt.
930 558 978 598 In
1002 571 1084 609 quo
1119 569 1279 609 genere
1311 569 1423 596 nunc
1456 554 1619 608 scripta
1653 555 1864 608 quaedam

93 624 347 678 compendia
388 624 736 666 circunferuntur
778 625 822 665 et
854 621 1224 669 commendantur,
1268 620 1421 673 quibus
1462 633 1539 673 per
1572 633 1649 660 nos
1692 619 1863 673 quidem

92 703 172 730 sua
204 692 376 731 constet
416 688 556 742 gloria
572 690 596 731 1.
661 688 754 729 Nec
797 687 908 729 enim
941 687 1010 728 uel
1052 686 1328 740 prohibemus
1362 685 1430 726 uel
1463 683 1719 734 inuidemus‚
1763 685 1864 737 quin

93 755 206 807 quod
239 755 293 796 ab
326 754 411 796 illis
434 753 608 808 optimis
631 753 735 794 uiris
759 755 827 795 est
850 752 1025 801 editum,
1060 751 1179 805 operi
1210 753 1359 793 nostro
1394 750 1524 792 etiam
1559 751 1865 803 anteponatur.

94 820 255 861 Verum
288 819 507 861 enimuero
542 819 613 872 alij
647 818 744 872 alijs
777 816 1136 870 quemadmodum
1173 816 1214 856 in
1250 815 1368 866 cibis,
1412 816 1473 857 sic
1506 814 1638 857 etiam
1670 815 1713 856 in
1746 814 1866 855 libris

92 888 137 927 et
169 885 423 927 authoribus
457 884 742 932 delectantur,
778 886 822 925 et
854 896 957 924 usus
989 896 1134 923 rerum
1167 881 1379 934 magister
1411 881 1550 931 docet,
1586 881 1809 924 doctrinae
1841 893 1866 921 a

93 949 227 1003 uarijs
267 949 457 992 traditae
499 948 775 990 collationem
818 948 932 989 haud
974 961 1126 1001 parum
1168 947 1374 1000 prodesse
1415 947 1633 998 studiosis,
1679 949 1728 987 ut
1768 944 1866 986 hinc

93 1029 223 1069 saepe
255 1014 403 1057 multis
425 1016 609 1056 acuatur
630 1013 846 1063 iudicium,
881 1012 1130 1065 ueritasque
1163 1012 1257 1066 ipsa
1290 1014 1336 1054 et
1367 1012 1528 1054 rectius
1561 1010 1865 1067 perspiciatur,

93 1084 137 1122 et
160 1080 318 1122 certius
343 1081 633 1129 confirmetur,
669 1079 794 1120 modo
829 1092 939 1131 quae
966 1077 1236 1126 adferuntur,
1271 1077 1324 1118 ad
1358 1077 1456 1119 fidei
1478 1077 1727 1120 Catholicae
1760 1089 1866 1117 ana-

93 1144 252 1198 logiam
294 1145 408 1187 haud
450 1144 562 1186 male
601 1143 874 1193 conueniant,
919 1146 963 1185 et
996 1143 1050 1184 ab
1083 1142 1352 1185 authoritate
1384 1146 1563 1185 sanctae
1597 1142 1750 1185 matris
1783 1142 1866 1183 Ec-

94 1209 265 1260 clesiae,
300 1224 411 1263 quae
444 1210 697 1251 columna
730 1211 783 1250 et
814 1208 1223 1250 firmamentum
1258 1207 1531 1250 ueritatis
1563 1209 1604 1250 in
1630 1207 1710 1249 Dei
1733 1207 1864 1248 uerbo

94 1275 292 1325 dicitur2,
326 1276 445 1317 nulla
478 1288 533 1316 ex
555 1277 680 1329 parte
714 1274 951 1316 discedant.
997 1274 1142 1326 Atque
1165 1273 1247 1314 huc
1270 1274 1473 1327 pertinet,
1509 1274 1623 1327 quod
1645 1272 1867 1326 sapienter

95 1341 318 1382 admonuit
350 1340 634 1393 Augustinus,
670 1339 775 1382 utile
808 1339 1009 1380 nimirum
1042 1352 1151 1386 esse,
1186 1339 1331 1393 plures
1353 1339 1487 1380 libros
1510 1353 1535 1381 a
1558 1339 1751 1393 pluribus
1774 1336 1867 1379 fieri

95 1405 266 1447 diuerso
299 1405 412 1457 stilo,
448 1419 531 1447 non
566 1405 738 1446 diuersa
770 1404 867 1455 fide,
902 1404 1033 1447 etiam
1068 1404 1119 1445 de
1153 1403 1479 1457 quaestionibus
1512 1405 1687 1454 eisdem,
1732 1406 1779 1446 ut
1812 1402 1866 1445 ad

94 1471 302 1525 plurimos
333 1485 404 1512 res
436 1470 530 1525 ipsa
563 1484 673 1524 quae
707 1470 949 1512 orthodoxe
982 1471 1214 1519 tractatur,
1248 1469 1476 1523 peruenire
1509 1470 1687 1523 possitss.

213 1535 366 1578 Visum
409 1539 553 1579 autem
597 1538 664 1578 est
705 1535 845 1585 mihia,
889 1549 984 1576 cum
1027 1535 1107 1576 hac
1150 1549 1263 1576 noua
1304 1534 1402 1576 libri
1436 1535 1637 1585 editione,
1681 1533 1867 1588 quaein

95 1615 216 1643 usum
260 1602 504 1643 scholarum
546 1601 737 1655 inclytae
769 1600 1074 1642 BAVARIAE
1112 1600 1363 1654 parabatur,
1408 1614 1564 1642 nouam
1607 1600 1868 1653 coniungere

94 1666 425 1721 praefationem,
466 1681 647 1720 eamque
679 1666 758 1709 tibi
791 1665 1052 1719 generosiss.
1088 1665 1295 1720 Princeps
1327 1665 1585 1707 inscribere:
1629 1665 1786 1720 partim
1821 1667 1869 1707 ut

95 1746 202 1786 opus
234 1732 347 1785 quod
380 1733 458 1774 sub
490 1732 552 1774 tui
580 1731 764 1774 nominis
788 1731 991 1785 auspicijs
1024 1732 1066 1772 in
1099 1731 1318 1785 publicum
1351 1731 1508 1785 prodit,
1542 1731 1627 1773 illis
1660 1731 1868 1773 reddatur

95 1797 449 1848 commendatius,
488 1798 543 1839 ad
576 1811 755 1850 quorum
789 1796 1017 1851 perueniet
1049 1811 1225 1838 manus:
1268 1797 1428 1850 partim
1461 1800 1509 1839 ut
1542 1796 1730 1838 officium
1763 1810 1869 1849 quo-

94 1877 176 1916 que
210 1876 351 1905 meum
384 1863 464 1905 hac
498 1862 724 1904 occasione
758 1862 989 1912 declarem,
1024 1862 1137 1914 quod
1172 1863 1412 1904 Bauaricae
1446 1862 1590 1904 domui
1623 1864 1798 1904 uestrae
1832 1860 1868 1902 si

95 1928 208 1970 ullus
249 1942 304 1970 ex
345 1928 505 1971 nostris
547 1928 679 1979 alius,
724 1941 804 1981 ego
847 1927 1019 1980 quidem
1061 1928 1104 1969 in
1146 1927 1296 1982 primis
1338 1928 1496 1970 debere
1537 1942 1605 1969 me
1648 1928 1868 1969 confiteor.

97 1993 206 2035 Sunt
239 1993 352 2035 enim
384 1993 485 2036 anni
517 1994 643 2035 modo
676 1993 772 2048 plus
797 1993 936 2034 minus
960 1993 1128 2045 uiginti,
1164 1994 1276 2046 quod
1310 1993 1353 2034 in
1386 1993 1613 2047 spectabili
1645 1992 1870 2035 academia

96 2062 245 2101 uestra
292 2059 620 2112 Ingolstadiana
672 2062 717 2101 et
763 2058 1033 2112 Theologum
1087 2061 1131 2100 et
1180 2059 1476 2101 Ecclesiasten
1526 2059 1648 2113 coepi
1696 2059 1870 2111 agere&

219 2135 245 2165 a)
266 2133 343 2159 miht
369 2134 411 2159 ed.
435 2135 532 2166 princ.

223 2260 232 2278 ¹
259 2257 493 2301 significatur
528 2257 704 2302 imprimis
731 2257 878 2301 Georgii
906 2257 999 2291 Eder
1030 2257 1302 2299 „Catechismus
1329 2257 1565 2299 catholicus“,
1602 2258 1644 2291 de
1671 2269 1740 2301 quo
1766 2269 1875 2302 supra

100 2324 134 2356 p.
154 2312 257 2352 377⁵;
286 2312 346 2356 qui
373 2312 502 2345 iterum
530 2311 648 2344 editus
675 2313 731 2345 est
756 2322 787 2346 a.
805 2311 896 2345 1570
916 2310 1084 2345 Coloniae
1111 2323 1191 2345 cum
1220 2311 1286 2345 hac
1313 2311 1566 2356 inscriptione:
1599 2311 1875 2355 „Compendium

99 2365 311 2399 catechismi
337 2364 525 2399 catholici“
557 2364 617 2403 (Ν.
639 2365 776 2397 Paulus·
802 2365 838 2398 in
870 2364 1301 2409 „Historisch-politische
1331 2364 1487 2399 Blatter“
1512 2364 1607 2398 CXV
1627 2365 1725 2408 27¹);
1753 2364 1876 2398 eodem

102 2430 195 2453 anno
222 2418 373 2452 eundem
401 2417 606 2462 germanice
633 2429 778 2452 versum
809 2417 1004 2460 („Kurtzer
1023 2417 1271 2452 Catholischer
1291 2418 1561 2452 Catecliismus⁴⁴
1585 2418 1669 2461 etc.)
1699 2417 1877 2452 Henricus

102 2471 289 2506 Fabricius
328 2471 547 2505 cathedralis
585 2471 760 2505 ecclesiae
798 2471 972 2516 spirensis
1009 2470 1189 2515 parochus
1226 2471 1393 2505 Coloniae
1432 2471 1542 2505 edidit
1576 2472 1632 2514 (P.
1659 2472 1877 2515 Bahlmamz,

102 2525 369 2560 Deutschlands
397 2524 632 2559 Katholische
650 2524 907 2559 Katechismen
934 2524 989 2558 bis
1015 2536 1095 2558 zum
1122 2524 1221 2558 Ende
1249 2525 1311 2559 des
1337 2524 1578 2559 sechzehnten
1599 2525 1876 2566 Jahrhunderts,

105 2579 268 2613 Miinster
296 2579 398 2620 1894,
435 2578 611 2621 52—53).
658 2578 790 2612 Eodem
830 2589 972 2622 quoque
1007 2589 1099 2612 anno
1135 2580 1323 2622 Augustae
1350 2577 1620 2612 Vindelicorum
1658 2579 1693 2612 in
1729 2579 1877 2612 aedibus

106 2632 251 2675 Georgii
277 2632 422 2666 Willeri
458 2632 587 2666 venale
622 2634 699 2666 erat
731 2631 1007 2676 „Compendium
1044 2631 1263 2666 Catechismi
1301 2631 1449 2676 Concilij
1476 2631 1690 2672 Tridentini,
1728 2632 1878 2666 authore

103 2686 307 2730 Augustino
334 2685 529 2720 Ferentillo
556 2685 637 2719 LV.
658 2685 699 2720 D.
727 2696 807 2719 cum
835 2684 955 2719 Indice
983 2685 1240 2729 copiosissimo.
1284 2684 1458 2730 Venetijs,
1495 2685 1539 2718 ad
1566 2685 1753 2719 candentis
1781 2685 1878 2719 Sala-

104 2740 274 2774 mandrae
292 2739 454 2783 insigne“
474 2739 607 2774 a.1570
626 2740 661 2772 in
680 2739 718 2773 80
732 2738 923 2782 vulgatum
946 2737 1150 2781 (Librorum
1168 2750 1343 2772 novorum
1363 2765 1370 2772 .
1385 2765 1390 2772 .
1405 2766 1412 2773 .
1435 2739 1628 2783 Cataloyus
1648 2765 1674 2773 ..
1689 2767 1707 2778 .,
1727 2739 1878 2773 Franco-

103 2794 191 2828 furti
218 2793 262 2827 ad
288 2793 456 2827 Moenum
487 2792 588 2833 1570,
614 2793 638 2826 f.
659 2794 689 2826 A
705 2791 773 2835 3b).
921 2792 934 2812 ²
964 2794 978 2825 1
999 2791 1078 2825 Tim
1105 2791 1137 2832 3,
1159 2792 1212 2826 15.

226 2848 238 2866 ³
269 2846 386 2888 „Utile
413 2849 479 2887 est,
515 2846 637 2891 plures
665 2844 802 2890 [libros]
838 2856 858 2878 a
893 2844 1056 2890 pluribus
1092 2845 1169 2878 fieri
1205 2845 1348 2879 diverso
1383 2845 1478 2886 stilo,
1513 2857 1583 2879 non
1618 2845 1763 2880 diversa
1798 2846 1879 2887 fide,

104 2901 213 2935 etiam
242 2900 284 2934 de
312 2900 583 2944 quaestionibus
610 2899 756 2940 eisdem,
783 2901 823 2932 ut
849 2898 893 2932 ad
920 2898 1092 2944 plurimos
1119 2910 1178 2933 res
1203 2899 1282 2943 ipsa
1309 2899 1515 2943 perveniat:
1557 2900 1600 2933 ad
1628 2899 1717 2934 alios
1744 2900 1807 2940 sic,
1834 2900 1879 2934 ad

106 2954 196 2988 alios
231 2957 352 2988 autem
387 2953 482 2988 sic“:
520 2955 555 2988 S.
584 2955 820 2998 Augynstinus,
857 2952 908 2986 De
935 2952 1113 2986 Trinitate
1145 2951 1167 2986 1.
1196 2953 1225 2993 1,
1253 2964 1282 2986 0.
1312 2953 1343 2994 3,
1370 2964 1404 2986 n.
1433 2953 1453 2986 5
1482 2953 1535 2996 (S.
1564 2955 1656 2987 Aur.
1684 2955 1881 2997 Auyustim·

107 3007 265 3052 Operum
284 3007 418 3041 Tomus
444 3009 605 3049 octavus,
633 3017 741 3052 opera
760 3005 1015 3039 Monachorum
1037 3005 1178 3041 O.S.B.
1208 3017 1226 3039 e
1246 3006 1375 3049 Congr.
1395 3005 1429 3040 S.
1449 3006 1578 3048 Mauri,
1606 3007 1756 3041 Parisiis
1777 3007 1879 3048 1688,

106 3060 172 3096 col.
201 3061 280 3095 752.
317 3062 448 3104 Miqne,
475 3060 515 3095 P.
539 3060 602 3095 lat.
620 3059 718 3094 XLII
746 3060 844 3103 823).

227 3117 239 3135 4
267 3114 431 3148 Exeunte
458 3125 489 3148 a.
511 3114 601 3148 1549
627 3113 717 3148 haec
743 3112 898 3158 incepit;
925 3124 959 3146 v.
983 3113 1104 3147 &ml
1130 3113 1175 3147 48
1203 3113 1288 3147 2962
1315 3113 1383 3147 312
1411 3114 1490 3148 691.
