2044 3335
156 115 243 156 446
417 114 517 148 1740.
547 114 584 147 Ρ.
604 113 851 157 Hieronymus
875 112 1017 146 Natalis
1043 112 1196 148 canisio.
1239 113 1352 148 Roma
1379 115 1434 148 12.
1453 114 1532 148 Iulii
1555 114 1654 149 1571.

156 230 309 283 quibus
340 230 473 272 fuerit
511 229 844 281 cogitationibus
885 229 1124 273 immersus.
1168 243 1278 283 quae
1319 234 1509 273 mentem
1549 231 1664 272 illius
1705 231 1759 272 ab
1802 231 1917 273 omni

155 294 292 336 nostri
334 308 437 336 cura
477 307 653 347 prorsus
695 308 880 336 auocare
920 294 1192 338 uidebantur.
1255 295 1346 345 Quo
1379 296 1519 338 minus
1552 299 1697 339 autem
1730 295 1803 337 ille
1835 296 1916 338 sibi

154 360 299 413 placet
329 359 409 400 hoc
441 358 580 411 magis
612 358 759 401 multis
791 359 895 401 viris
929 359 1067 402 doctis
1099 363 1143 402 et
1177 359 1258 414 pijs
1290 360 1362 413 qui
1393 360 1548 402 librum
1581 360 1694 402 hunc
1715 361 1917 414 legerunt

155 427 199 466 et
231 423 332 464 mihi
365 437 535 475 quoque
567 424 723 476 placet.
778 424 905 466 Absit
937 427 1083 466 autem
1117 428 1165 467 ut
1197 425 1503 479 supprimatur,
1539 439 1645 479 opus
1676 428 1767 468 tam
1799 425 1913 479 pium

155 488 267 541 quod
299 487 511 540 insignem
543 487 732 531 fructum
766 489 1010 542 legentibus
1043 489 1215 531 adferre
1247 493 1392 543 potest
1425 490 1525 543 quin
1549 493 1596 532 tu
1618 489 1762 544 potius
1784 503 1916 544 perge

153 552 511 605 quemadmodum
534 553 713 607 coepisti
737 568 787 596 ac
810 555 994 596 Mariam
1021 568 1191 607 quoque
1213 559 1257 596 et
1280 555 1458 597 Petrum
1482 554 1631 596 Ioanni
1654 554 1877 607 adiungito
1901 589 1910 598 .

155 631 255 659 nam
287 617 393 659 haec
435 631 519 659 non
560 618 699 660 solum
741 633 767 660 a
808 619 1034 661 catholicis
1077 633 1227 661 uerum
1269 620 1323 661 ab
1364 619 1470 673 ipsis
1511 619 1642 662 etiam
1684 619 1916 661 haereticis

155 682 318 735 absque
358 696 516 735 magno
558 682 701 726 fructu
742 684 829 736 legi
870 698 954 725 non
996 686 1202 738 poterunt
1244 698 1354 737 quae
1386 685 1634 727 scribuntur
1665 698 1691 726 a
1722 687 1779 735 te,
1820 698 1915 726 cum

153 747 239 788 illis
271 762 356 789 non
388 748 526 789 solum
561 748 800 790 doctrinam
833 763 982 791 ueram
1015 752 1060 791 et
1092 749 1300 803 pietatem
1333 749 1546 802 insignem
1589 753 1633 792 et
1674 763 1802 802 quam
1836 763 1915 803 ego

154 813 336 866 primam
371 813 581 855 orationis
613 813 821 856 virtutem
855 828 949 856 esse
981 814 1121 856 iudico
1154 828 1357 867 magnam
1398 814 1779 869 perspicuitatema
1821 828 1914 856 cum

154 892 240 919 non
271 878 476 920 mediocri
509 879 796 932 persuadendi
829 880 870 920 vi
905 880 1176 922 coniunctam
1209 879 1350 922 inesse
1383 880 1620 923 videamus.
1666 879 1818 921 Foelix
1850 884 1917 921 est

154 943 262 985 haec
304 942 549 985 obedientia
591 957 701 997 quae
742 947 786 986 te
829 944 882 986 ad
924 944 1116 986 laborem
1161 945 1292 987 istum
1336 945 1655 999 suscipiendum
1697 944 1915 999 compulit.

156 1008 276 1058 Quod
308 1022 392 1049 non
425 1022 627 1050 recusare
659 1012 703 1051 te
737 1009 945 1063 poenamb
978 1009 1130 1051 scribis
1162 1010 1248 1051 alia
1279 1024 1418 1064 poena
1451 1024 1561 1063 quae
1603 1010 1680 1052 tibi
1718 1023 1795 1063 pro
1827 1023 1916 1051 me-

154 1073 250 1116 ritis
282 1074 368 1116 tuis
400 1073 566 1126 iniungi
598 1074 736 1128 possit
768 1089 853 1116 non
885 1074 1011 1117 video
1045 1089 1173 1127 quam
1215 1078 1263 1116 ut
1296 1075 1498 1117 absoluas
1529 1075 1778 1129 praeclaras
1809 1073 1917 1118 istas

155 1138 442 1192 cogitationes
474 1142 573 1181 tuas
607 1142 650 1181 et
682 1139 841 1181 Joanni
874 1140 1058 1181 Mariam
1091 1142 1222 1192 atque
1256 1140 1431 1182 Petrum
1474 1140 1621 1183 addas.
1664 1154 1814 1182 uerum
1854 1139 1917 1180 ita

155 1204 274 1257 prior
296 1207 343 1246 ut
365 1204 558 1245 Joannes
581 1204 624 1245 in
646 1204 785 1246 lucem
813 1205 1008 1258 prodeat.
1042 1205 1152 1246 hanc
1175 1219 1278 1258 ergo
1301 1205 1379 1247 tibi
1402 1220 1585 1259 poenam
1608 1205 1880 1258 iniungerem
1905 1237 1913 1246 .

155 1268 191 1310 si
230 1268 331 1322 quid
371 1269 413 1310 in
455 1271 500 1311 te
540 1269 774 1322 potestatis
811 1270 1030 1312 haberem.
1074 1284 1187 1312 nunc
1219 1273 1363 1313 autem
1398 1284 1530 1325 penes
1563 1285 1670 1323 quos
1702 1270 1808 1312 haec
1840 1283 1916 1323 po-

154 1337 293 1376 testas
327 1337 394 1376 est
426 1347 499 1376 eos
533 1337 581 1377 vt
612 1334 654 1376 id
687 1335 884 1377 facerent
916 1334 1116 1377 admonui
1151 1335 1265 1388 quod
1297 1335 1428 1378 etiam
1452 1335 1606 1377 fecisse
1628 1338 1746 1389 puto.
1799 1335 1917 1376 Bene

156 1400 255 1441 vale
280 1434 287 1442 .
313 1402 357 1441 et
389 1413 500 1452 quae
532 1413 672 1453 poena
706 1400 951 1442 decernitur
983 1400 1025 1441 in
1058 1404 1102 1443 te
1135 1414 1229 1442 eam
1254 1400 1386 1442 alacri
1410 1401 1552 1442 animo
1575 1400 1758 1454 suscipe.
1782 1425 1838 1429 —
1860 1425 1913 1430 —

156 1541 308 1578 1740.
408 1542 468 1578 P.
496 1541 950 1579 HIERONYMUS
987 1541 1288 1579 NATALIS
1325 1544 1514 1579 Societatis
1547 1545 1704 1579 vicarius
1739 1544 1918 1588 generalis

346 1595 547 1630 CANISIO.
1443 1597 1556 1632 Roma
1585 1598 1638 1632 12.
1657 1598 1738 1632 Iulii
1768 1599 1867 1633 1571.

275 1661 329 1694 Ex
356 1661 562 1706 apographo
598 1660 710 1696 eiusd.
737 1663 867 1706 temp.;
903 1662 937 1695 in
973 1662 1145 1705 margine,
1182 1662 1306 1697 eadem
1342 1674 1468 1697 manu:
1508 1662 1573 1705 „Al
1600 1662 1715 1697 Padre
1742 1662 1919 1697 Canisi0“.

158 1714 275 1748 Germ.
297 1716 336 1748 71
367 1715 391 1748 f.
411 1715 544 1749 δῖ’-δᾶ.

275 1786 429 1828 Boo-yios
447 1786 611 1818 Natalem
637 1787 815 1819 coustituit
833 1788 1031 1829 ricarizmz;
1051 1788 1215 1830 primum
1240 1792 1355 1820 tamen
1370 1787 1607 1830 provinciales
1624 1788 1782 1820 mutavit.
1822 1787 1918 1819 Deus

150 1849 223 1880 stro
249 1839 375 1871 Natali
402 1840 572 1872 orandus.
626 1840 722 1872 Socii
747 1850 893 1881 operam
919 1840 1101 1881 dederunt,
1131 1852 1172 1873 ue
1200 1840 1340 1874 canisii
1365 1840 1453 1873 liber
1479 1840 1775 1883 recoonoscendus
1800 1840 1917 1872 trade—

157 1896 256 1924 retur
274 1892 447 1935 IUayistro
464 1893 562 1925 sacri
576 1893 730 1935 palatii‚·
756 1894 818 1935 qui
838 1904 906 1935 per
932 1904 1067 1926 annum
1093 1904 1170 1926 eum
1196 1898 1272 1926 erat
1297 1905 1412 1926 secum
1438 1897 1649 1927 retenturus.
1687 1892 1772 1926 C'zcm
1799 1893 1915 1926 cardi-

157 1945 252 1977 nales
278 1945 412 1978 Hosius
446 1950 475 1977 et
512 1946 665 1978 Sirletus
691 1950 749 1979 etc.
786 1946 917 1979 librum
953 1957 1022 1979 esse
1056 1948 1225 1989 optz'mmn
1257 1947 1419 1989 pontifici
1454 1951 1562 1979 essent
1596 1947 1722 1989 testati,
1758 1946 1813 1978 hic
1838 1957 1913 1979 eum

155 1999 231 2030 sine
265 2009 367 2031 mora
392 1999 534 2041 rulyari
558 1999 670 2032 iussit.
715 1999 850 2042 Aliqua
879 2000 912 2031 in
951 2011 987 2032 eo
1021 2000 1128 2042 facile
1147 2003 1317 2042 poterunt
1342 2000 1533 2033 emendari.
1584 2000 1701 2032 Locus
1729 1999 1915 2042 Cypre'ani.

274 2075 485 2117 Hauendo
527 2075 690 2117 intesso
732 2076 812 2118 llac
847 2076 1109 2118 Reuerentia
1142 2077 1302 2118 Vestra
1344 2076 1398 2118 da
1435 2077 1601 2130 partita
1633 2076 1672 2117 d’
1696 2075 1750 2118 N.
1775 2075 1914 2117 Padre

155 2143 178 2181 e
210 2139 288 2182 che
329 2140 387 2181 mi
428 2141 453 2181 a
494 2140 675 2182 lasciato
709 2140 780 2193 qui
824 2141 867 2182 in
907 2141 999 2182 loco
1041 2142 1160 2183 su01.
1208 2156 1256 2182 so
1290 2141 1368 2183 che
1408 2142 1572 2183 hauera
1616 2140 1914 2194 compassione

155 2205 192 2246 d'
212 2219 280 2246 me
313 2205 416 2258 ggia
449 2205 606 2247 Veccio
639 2208 684 2247 et
715 2206 848 2248 molto
881 2206 1085 2248 inferiore
1118 2207 1143 2248 a
1176 2206 1331 2248 simille
1364 2207 1504 2248 carico
1538 2207 1561 2247 e
1593 2219 1696 2260 pero
1728 2206 1758 2247 li
1780 2219 1914 2260 prego

153 2270 297 2312 mabbi
328 2273 454 2312 tanto
486 2270 559 2324 piu
591 2284 668 2324 per
690 2271 1024 2313 raccomandato
1047 2271 1146 2313 nell’
1165 2271 1231 2313 sui
1253 2271 1394 2314 sancti
1416 2271 1614 2324 sacrificij
1638 2272 1682 2312 et
1704 2270 1912 2321 oratione,

153 2338 198 2377 et
229 2335 259 2376 il
300 2335 556 2377 medessimo
598 2336 810 2378 domando
844 2338 899 2378 al’
918 2337 1051 2390 padre
1083 2336 1318 2378 Teodorico
1332 2338 1361 2379 ¹2.
1414 2337 1469 2379 N.
1494 2336 1540 2379 P.
1575 2336 1723 2378 auanti
1756 2336 1913 2390 d’par-

153 2401 259 2442 tirse
303 2401 359 2442 ha
402 2400 516 2443 fatto
562 2401 822 2443 muttatione
867 2401 906 2443 d’
934 2401 1220 2444 Prouincialid
1268 2400 1570 2456 [Prouedendo
1617 2401 1706 2442 cioe
1750 2415 1827 2454 per
1870 2401 1912 2442 la

271 2475 298 2505 a)
320 2477 343 2499 A
366 2476 432 2500 libr.
453 2484 465 2499 c
468 2484 518 2500 ›››››
520 2495 526 2500 .
547 2484 583 2501 ea:
602 2475 699 2502 iudico
720 2476 967 2509 perspicuitatem
988 2483 1136 2508 magnam.
1227 2476 1257 2508 b)
1279 2478 1304 2501 A
1325 2478 1391 2501 libr.
1412 2485 1486 2503 corr.
1507 2485 1543 2502 ex
1563 2483 1703 2501 recusare
1724 2482 1850 2508 poenam
1871 2476 1911 2502 te.

152 2516 177 2546 c)
200 2517 232 2540 In
260 2525 306 2547 <1l¹·
329 2518 368 2541 ita
394 2521 550 2542 correctum
577 2521 619 2542 est
639 2526 675 2542 es
703 2517 789 2544 della.
834 2519 985 2543 Coelen-um¹
1014 2522 1103 2543 totum
1132 2519 1182 2543 hoc
1210 2519 1410 2550 apoyraphum
1439 2519 1525 2550 (quod
1551 2527 1568 2543 α
1592 2519 1690 2549 fratre
1715 2518 1813 2548 aliquo
1839 2518 1912 2542 laico

152 2558 312 2587 Sociorum-s,
337 2566 422 2590 eoque
441 2559 565 2590 hispano
587 2560 628 2584 rel
649 2560 785 2590 lusitano,
804 2561 943 2591 scriptum
970 2568 1029 2584 esse
1056 2560 1184 2590 videtur)
1211 2560 1294 2584 valde
1321 2561 1487 2584 mendosum
1513 2563 1570 2590 est;
1595 2560 1678 2584 cuius
1703 2559 1807 2583 menda
1823 2567 1911 2590 prae-

152 2599 236 2629 cilum
262 2599 308 2623 hic
336 2601 376 2623 rel
396 2601 579 2631 corriyentm·
601 2601 642 2625 uel
661 2602 761 2626 saltem
789 2602 975 2626 notabuntur.
1067 2600 1097 2632 d)
1117 2602 1152 2625 Ιη
1173 2609 1219 2632 (ῳ.
1240 2601 1373 2632 sequitur
1391 2601 1447 2626 ete.
1467 2601 1501 2626 ut
1519 2607 1620 2633 supra.
1660 2601 1755 2630 Quare
1775 2608 1818 2630 ea,
1838 2608 1910 2631 quae

152 2644 321 2670 sequuntur,
343 2641 423 2665 uncis
443 2642 597 2672 quadratis
619 2642 740 2672 inclusa,
759 2643 893 2673 supplevi
913 2650 948 2667 ex
968 2642 1147 2674 apoyi-uphiS
1166 2643 1262 2667 eodem
1282 2645 1408 2674 tempore
1428 2643 1548 2674 scriptis
1562 2642 1757 2673 epistularum
1772 2649 1789 2666 α
1804 2642 1909 2666 Natale

153 2681 288 2704 «latarum
310 2683 400 2705 Roma
422 2684 463 2707 10.
484 2683 557 2707 Iulii
579 2685 647 2708 1571
668 2684 705 2707 ml
725 2685 757 2708 P.
780 2684 934 2715 Hoffaezcm
954 2685 1056 2715 (usque
1076 2684 1114 2708 αᾱ
1136 2682 1236 2708 Sicilia
1256 2684 1333 2710 incl.)
1354 2686 1380 2708 et
1400 2684 1437 2708 ad
1457 2686 1490 2709 P.
1511 2684 1599 2708 Vinck
1618 2685 1719 2715 (usque
1740 2683 1778 2708 ad
1798 2682 1910 2708 Mathei

154 2721 248 2747 incid:
269 2730 340 2753 quae
360 2724 528 2754 cepoyraplzo
549 2727 616 2749 snut
637 2725 667 2749 in
689 2726 785 2749 Germ.
802 2727 833 2749 71
852 2726 901 2755 s'.3
921 2726 945 2749 4.

276 2829 283 2847 ¹
310 2829 452 2862 Natalis
482 2831 533 2864 10.
553 2830 632 2864 Iulii
657 2831 743 2865 1571
774 2831 812 2865 P.
832 2831 979 2865 Hoffaeo
1006 2831 1188 2876 *scripsit‚
1216 2830 1445 2865 Franciscum
1471 2831 1637 2874 Borgiam
1664 2831 1907 2876 praepositum

153 2880 355 2923 generalem
383 2881 493 2915 Roma
519 2883 574 2917 30.
602 2883 692 2916 Iunii
726 2884 763 2917 in
790 2884 1000 2929 Hispaniam
1027 2884 1227 2929 profectum
1257 2883 1305 2927 (v.
1332 2895 1441 2928 supra
1472 2895 1503 2928 p.
1533 2884 1646 2928 445¹),
1682 2884 1748 2918 sibi
1785 2895 1906 2918 curam

153 2933 333 2967 Sociorum
361 2934 395 2966 in
415 2934 615 2978 Germania,
637 2936 764 2977 Gallia,
791 2938 896 2971 ltalia
923 2937 1129 2981 degentium
1157 2937 1391 2971 demandasse
1419 2936 1481 2977 (ex
1507 2949 1629 2981 apogr.
1648 2937 1759 2972 eiusd.
1778 2940 1906 2982 temp.;

155 2985 272 3020 Germ.
293 2986 333 3019 71
363 2987 386 3020 f.
405 2987 565 3030 42—51’);
597 2988 642 3022 cf.
671 2990 777 3023 etiam
806 2991 1035 3033 Sacchinum,
1062 2990 1155 3024 Hist.
1175 2990 1336 3031 S..l.111,
1362 2989 1385 3023 l.
1405 2990 1436 3031 7,
1463 3002 1497 3025 n.
1519 2991 1580 3031 12;
1607 2990 1629 3025 l.
1649 2991 1681 3032 8,
1706 3002 1740 3025 n.
1763 2991 1819 3030 11;
1846 2990 1906 3024 ubi

152 3038 317 3073 Natalem
344 3038 460 3082 planis
487 3041 606 3073 verbis
632 3044 739 3075 vocat
770 3043 961 3083 „vicarium
989 3043 1213 3086 generalen1“
1245 3043 1444 3078 Societatis.

272 3091 284 3111 ²
310 3091 461 3126 Canisio.
