2044 3335
147 92 233 135 550
785 90 879 124 Mon.
907 90 976 124 940
1001 90 1079 124 sive
1105 89 1173 123 elv.
1197 90 1261 133 (2).

146 210 402 263 petram1,
446 211 489 250 et
521 207 633 249 sicut
663 206 818 249 Petrus
851 206 972 248 cuius
1004 206 1150 248 fides
1191 220 1293 248 non
1335 206 1577 257 deficit‘2,
1612 221 1690 249 nec
1723 207 1906 250 deficere

145 276 302 328 potest.
357 273 447 314 Hos
479 272 613 326 igitur
645 271 892 326 specialiter
925 272 1044 325 cupit
1075 271 1118 313 in
1151 271 1261 313 bono
1295 274 1339 314 et
1371 275 1522 314 sancto
1555 272 1777 326 proposito
1810 287 1905 315 esse

147 339 445 386 confirmatos,
480 339 524 378 et
556 337 824 387 meminisse,
859 336 959 388 quid
993 336 1187 378 Christus
1221 339 1265 378 et
1296 336 1495 390 Apostoli
1526 337 1823 390 praedixerint
1855 338 1907 380 de

146 401 467 444 nouissimis
498 401 866 455 temporibus,
900 401 943 442 in
976 401 1129 454 quibus
1152 401 1277 443 multi
1309 401 1601 444 discedent
1633 415 1658 443 a
1690 401 1828 453 fide,
1863 405 1907 445 et

146 466 443 509 attendent
474 465 778 520 spiritibus
811 466 1023 507 erroris
1056 469 1108 508 et
1141 465 1419 508 doctrinis
1452 466 1904 510 daemoniorumss.

145 534 184 582 2,
219 534 268 574 ut
305 531 579 574 meminerint
610 531 772 572 nullam
805 536 921 572 esse⁸
954 530 1141 583 gratiam
1174 530 1272 580 Dei,
1306 530 1469 572 nullam
1509 531 1716 573 uirtutem
1750 531 1905 574 Sacra-

145 596 300 646 menti,
343 596 508 638 nullum
548 595 750 637 meritum
790 595 890 637 boni
932 595 1115 649 operis⁴‚
1157 595 1321 637 nullam
1361 595 1571 638 iustitiam
1609 596 1677 638 uel
1720 597 1904 639 salutem

144 660 340 711 hominis,
364 660 446 702 nisi
466 660 510 702 in
533 674 618 702 una
641 664 794 703 sancta
817 663 861 702 et
879 660 1101 702 Catholica
1118 659 1328 703 Ecclesia.
1371 659 1521 701 Talem
1543 674 1646 702 uero
1664 661 1905 703 Ecclesiam

144 739 240 768 esse
269 740 353 768 non
375 739 502 780 posse
525 726 639 779 apud
661 739 810 776 nouas,
845 725 1064 767 discordes
1087 727 1131 767 et
1162 724 1277 767 inter
1305 738 1351 766 se
1374 724 1584 768 dissectas
1606 729 1762 776 sectas,
1796 739 1906 779 quae

145 791 367 833 uerbum
400 790 497 833 Dei
529 790 899 841 adulterant5,
933 789 999 831 inb
1032 789 1254 833 doctrinae
1276 789 1547 832 confessione
1569 793 1614 833 et
1636 791 1906 833 ordinatione

144 856 369 899 instabiles
394 853 534 910 [sunt]
559 859 603 897 et
634 859 806 898 ueteres
829 855 1058 898 damnatos
1081 869 1250 897 errores
1271 857 1462 905 tuentur,
1496 855 1571 897 sed
1598 869 1727 897 unam
1749 856 1906 899 Catho-

144 921 270 964 licam
320 923 364 963 et
409 921 651 963 Romanam
698 920 939 963 Ecclesiam
989 934 1105 970 esse,
1158 920 1201 961 in
1250 934 1335 973 qua
1385 922 1453 962 tot
1499 920 1619 962 milia
1665 923 1907 974 martyrum

144 986 399 1039 sanguinem
432 986 653 1028 fuderunt.
710 988 754 1028 29
789 985 856 1027 cui
878 988 946 1029 tot
968 985 1109 1027 sancti
1132 985 1331 1027 doctores
1353 985 1517 1028 clarum
1540 985 1751 1028 dederunt
1782 986 1908 1029 testi-

144 1051 356 1102 monium,
404 1053 447 1093 39
481 1051 522 1092 in
566 1064 651 1104 qua
691 1065 863 1105 semper
907 1065 993 1092 una
1033 1050 1140 1092 fides
1174 1052 1219 1093 et
1261 1064 1439 1093 concors
1481 1050 1678 1093 doctrina
1720 1051 1906 1094 durauit.

145 1120 190 1159 49
225 1116 295 1158 ubi
327 1117 530 1158 haereses
563 1119 607 1158 et
644 1118 832 1170 portae
870 1115 1156 1158 inferorum
1199 1129 1431 1169 numquam
1472 1117 1908 1170 praeualuerunt⁶

145 1183 190 1224 59
213 1181 257 1223 in
274 1195 360 1234 qua
382 1180 600 1223 ordinaria
622 1181 840 1223 successio
865 1183 910 1223 et
931 1181 1103 1223 uocatio
1126 1181 1179 1222 ab
1194 1180 1416 1235 Apostolis
1434 1195 1569 1234 usque
1592 1182 1645 1223 ad
1669 1195 1746 1223 nos
1765 1181 1906 1225 durat.

146 1249 192 1289 69
223 1246 266 1288 in
300 1260 384 1299 qua
406 1247 522 1288 Deus
554 1246 671 1296 fecit,
706 1249 750 1288 et
782 1246 921 1288 adhuc
953 1246 1060 1289 facit
1091 1248 1158 1289 tot
1189 1246 1398 1288 miracula
1430 1245 1730 1289 irrefutabilia.
1786 1248 1829 1289 79
1862 1247 1906 1289 in

144 1326 230 1365 qua
253 1312 369 1353 Deus
401 1313 468 1354 tot
490 1311 646 1353 seculis
667 1311 809 1362 fidem,
844 1311 1071 1362 unitatem,
1104 1311 1452 1366 prosperitatem,
1490 1311 1773 1365 disciplinam,
1806 1326 1907 1366 pro-

144 1377 327 1419 bitatem
360 1380 404 1420 et
426 1390 551 1418 omne
574 1377 666 1419 fere
687 1377 844 1418 bonum
869 1377 982 1430 apud
1005 1390 1152 1418 omnes
1175 1380 1318 1419 status
1350 1380 1395 1419 et
1423 1377 1595 1419 ordines
1617 1376 1906 1419 conseruauit.

145 1441 238 1484 Vae
270 1442 354 1483 illis
387 1441 460 1495 qui
492 1455 547 1484 ex
578 1441 659 1484 hac
692 1442 819 1484 arca7
853 1444 1027 1492 exeunt,
1072 1445 1116 1484 et
1147 1455 1194 1483 se
1226 1446 1433 1496 separant
1465 1455 1490 1483 a
1523 1431 1681 1484 Christi
1714 1455 1906 1495 corpore,

144 1510 190 1550 et
230 1507 383 1549 nolunt
415 1521 510 1549 esse
547 1507 622 1561 filij
656 1506 822 1557 matris,
866 1520 976 1560 quae
1017 1520 1095 1548 nos
1136 1507 1330 1560 genuit
1370 1506 1422 1547 in
1455 1506 1720 1557 Christoss,
1764 1509 1808 1549 et
1841 1506 1907 1548 cui

147 1572 423 1626 promisimus
463 1572 506 1613 in
539 1572 755 1626 baptismo
789 1574 834 1614 et
873 1571 1122 1621 iurauimuS,
1164 1572 1275 1624 quod
1309 1571 1477 1613 Christo
1511 1575 1556 1614 et
1594 1571 1677 1625 ipsi
1708 1571 1907 1613 uolumus

144 1651 240 1679 esse
270 1637 431 1680 fideles.
495 1637 553 1680 Et
585 1638 637 1679 de
672 1651 757 1691 qua
799 1638 1086 1687 confitemur⁰‚
1130 1637 1243 1689 quod
1285 1637 1510 1679 credamus
1547 1650 1677 1679 unam
1709 1638 1908 1679 sanctam

145 1702 411 1745 Catholicam
443 1702 697 1746 Ecclesiam.

265 1770 310 1810 59
341 1767 474 1810 Videt
506 1770 550 1810 et
582 1770 707 1810 notat
730 1767 1144 1818 Reuerendissimus,
1180 1767 1292 1820 quod
1324 1767 1404 1809 hoc
1436 1766 1529 1821 ipso
1561 1767 1656 1808 loco
1679 1770 1780 1810 sunt
1812 1767 1907 1820 qui-

146 1832 245 1874 dam
276 1833 320 1874 in
351 1833 434 1875 fide
465 1832 708 1887 imperfecti
741 1836 785 1875 et
820 1832 950 1886 dubij,
984 1832 1068 1874 imo
1103 1832 1234 1875 etiam
1277 1845 1405 1874 oues
1438 1834 1749 1874 errantes9:
1785 1832 1907 1874 Vnde

145 1896 264 1951 cupit
296 1911 391 1939 cum
413 1897 582 1939 Christo
615 1898 789 1940 dubiosd
821 1898 1009 1940 Thomas
1042 1897 1241 1940 uisitare‘³
1274 1900 1317 1939 et
1351 1898 1664 1940 conuertere10.
1722 1899 1768 1939 29
1790 1897 1908 1951 cupit

145 1962 484 2004 confirmare
516 1962 1068 2014 fratres11infirmos12,
1106 1965 1151 2004 et
1182 1962 1327 2004 facere
1359 1976 1518 2004 unum
1551 1962 1760 2013 ouile13‚
1794 1962 1908 2004 sicut

146 2027 342 2070 Christus
375 2027 581 2070 dicebatf:
621 2027 778 2070 Alias
821 2042 951 2069 oues
992 2027 1186 2078 habeo,
1230 2041 1371 2080 quae
1412 2041 1514 2069 non
1555 2030 1682 2070 sunt
1713 2041 1777 2069 ex
1808 2027 1906 2069 hoc

146 2092 305 2143 ouili,
360 2095 417 2135 et
468 2092 601 2134 illas
646 2095 873 2147 oportet
920 2107 996 2134 me
1041 2093 1337 2142 adducere,
1387 2095 1464 2135 etg
1507 2105 1692 2133 uocem
1740 2106 1907 2134 meam

146 2157 397 2207 audient,
436 2157 543 2199 fiet
574 2172 731 2199 unum
764 2157 934 2208 ouile,
978 2161 1031 2200 et
1063 2171 1198 2199 unus
1236 2157 1493 2211 pastor14.
1557 2157 1618 2198 Vt
1649 2160 1795 2200 autem
1827 2156 1908 2198 hoc

146 2222 310 2265 rectius
341 2223 431 2273 fiat,
465 2222 584 2277 cupit
615 2225 824 2276 tanquam
858 2223 994 2264 bonus
1026 2225 1071 2265 et
1102 2222 1211 2264 fidus
1244 2224 1371 2276 pater
1392 2221 1537 2263 omnia
1557 2224 1730 2264 tentare
1752 2221 1906 2272 media,

146 2290 192 2330 et
223 2287 459 2341 procedere
492 2301 587 2329 cum
620 2287 706 2329 illis
737 2287 789 2329 in
821 2287 1028 2342 spiritu
1062 2287 1386 2338 lenitatisffi,
1428 2300 1531 2328 non
1563 2289 1724 2329 utens
1757 2286 1908 2329 statim

145 2353 486 2406 potestate16
517 2355 562 2394 et
594 2352 773 2406 uirga,
807 2352 883 2394 sed
914 2352 967 2394 in
999 2353 1334 2395 charitate1⁷
1365 2365 1470 2394 uera
1491 2351 1588 2393 illos
1611 2352 1842 2393 admonere
1864 2353 1908 2393 et

145 2417 374 2469 instruere,
408 2419 457 2459 ut
477 2417 660 2460 redeant
680 2418 723 2459 in
746 2417 885 2460 uiam
920 2417 1191 2460 ueritatis
1224 2420 1277 2460 et
1308 2416 1608 2468 iustitiaeffl,
1641 2430 1719 2458 nec
1742 2416 1908 2470 seipsos

145 2481 410 2525 interimant.
464 2483 682 2526 Admonet
712 2482 847 2536 igitur
878 2482 975 2524 illos
1008 2496 1155 2524 omnes
1187 2485 1368 2537 paterne
1402 2484 1446 2524 et
1478 2480 1603 2531 serio,
1636 2484 1685 2523 ut
1717 2481 1908 2534 cogitent

266 2557 293 2587 a>
315 2557 453 2589 Sequitur
472 2556 563 2588 salut,
583 2557 673 2582 oblitt.
782 2555 812 2587 b)
834 2558 894 2582 Hoc
913 2566 938 2582 v.
958 2565 1053 2589 supra
1073 2565 1189 2582 versum
1208 2558 1349 2589 scriptum
1369 2560 1419 2581 est.
1529 2555 1554 2586 c)
1575 2556 1713 2587 Sequitur
1732 2563 1799 2586 nos,
1818 2556 1908 2581 obtin.

147 2597 178 2628 d)
200 2599 247 2623 Ita
269 2599 350 2624 Guis.
370 2600 498 2624 correxit
518 2606 554 2623 ex
574 2597 709 2630 dubium,
728 2599 802 2631 quod
822 2599 992 2630 scripserat.
1066 2599 1092 2630 e)
1114 2599 1282 2630 Sequuntur
1300 2606 1343 2623 vv.
1363 2596 1509 2623 reducere
1529 2597 1570 2627 29,
1590 2598 1679 2622 oblitt.
1753 2597 1777 2628 s)
1798 2598 1826 2623 C.
1847 2598 1908 2629 ipse

145 2638 174 2663 in
197 2640 330 2671 mat-qim
349 2640 485 2671 scripsit:
504 2639 578 2665 Ioan
601 2640 642 2666 10.
714 2644 743 2672 g)
767 2640 838 2665 Tria
858 2648 900 2665 vv.
921 2648 979 2672 sqq.
999 2641 1034 2665 ab
1055 2641 1117 2672 ipso
1138 2641 1166 2665 C.
1186 2648 1279 2672 supra
1300 2647 1415 2664 versum
1433 2639 1545 2670 scripta
1565 2642 1640 2664 sunt.

272 2753 280 2771 ¹
306 2752 360 2786 Mt
386 2753 418 2793 7,
443 2752 500 2787 25.
553 2753 601 2786 Lc
627 2753 659 2793 6,
684 2752 741 2787 48.
886 2752 900 2773 ²
926 2751 974 2786 Lo
1000 2752 1055 2794 22,
1083 2752 1139 2787 32.
1286 2753 1298 2772 ⁸
1326 2753 1342 2786 1
1371 2751 1449 2785 Tim
1474 2752 1507 2793 4,
1536 2752 1565 2785 1.

267 2807 279 2824 ⁴¹
306 2805 359 2839 Cf.
385 2805 483 2840 Eccli
512 2806 565 2847 16,
595 2806 649 2840 15.
796 2806 809 2824 ⁵
834 2805 855 2839 2
883 2804 951 2839 Cor
977 2805 1010 2846 2,
1038 2805 1100 2845 17;
1127 2806 1160 2845 4,
1187 2805 1219 2839 2.
1366 2806 1378 2825 ⁶
1404 2804 1459 2838 Mt
1487 2805 1541 2846 16,
1570 2804 1622 2839 18.

269 2858 279 2876 ⁷
307 2857 360 2892 Cf.
387 2857 443 2892 Gn
469 2859 499 2899 6,
530 2859 683 2899 14—22;
711 2858 742 2900 7,
770 2859 903 2898 1-—24;
933 2858 1032 2893 Hebr
1060 2859 1113 2899 11,
1141 2859 1160 2893 7
1188 2861 1254 2892 eto.
1401 2858 1414 2878 ⁸
1443 2858 1458 2891 1
1489 2856 1557 2892 Cor
1582 2859 1614 2899 4,
1644 2858 1695 2891 15.

269 2911 281 2928 ⁹
308 2910 324 2943 1
354 2910 439 2944 Petr
464 2911 495 2952 2,
522 2911 586 2951 25;
615 2911 660 2945 cf.
687 2911 736 2946 Ps
764 2911 840 2952 118,
870 2912 948 2946 176.
1082 2912 1109 2932 ¹⁰
1136 2911 1189 2945 Cf.
1216 2911 1253 2945 Io
1279 2911 1334 2952 20,
1361 2910 1511 2945 24—29.
1643 2911 1668 2931 ¹¹
1694 2909 1743 2944 Lc
1768 2909 1824 2951 22,
1851 2909 1907 2944 32.

254 2963 279 2981 ¹²
306 2961 359 2996 Cf.
386 2961 476 2997 Rom
503 2964 555 3005 14,
586 2965 622 3005 1;
653 2965 669 2998 1
699 2963 766 2998 Cor
792 2965 823 3006 9,
850 2964 895 2998 22
923 2967 990 2999 etc.
1138 2965 1165 2984 ¹³
1191 2964 1227 2998 Io
1258 2964 1311 3005 10,
1341 2964 1395 2998 16.
1542 2964 1568 2984 ¹⁴
1594 2962 1631 2997 Io
1659 2963 1713 3003 10,
1743 2963 1796 2997 16.

254 3015 279 3034 ¹⁵
305 3014 372 3048 Gal
399 3016 429 3056 6,
459 3017 488 3050 1.
636 3017 662 3037 ¹⁶
692 3018 708 3051 1
737 3016 806 3051 Cor
832 3017 863 3059 9,
893 3017 946 3051 12.
1094 3018 1121 3038 Π
1149 3017 1165 3051 1
1195 3016 1263 3051 Cor
1288 3019 1321 3058 4,
1348 3016 1404 3050 21.

254 3068 279 3087 ¹⁸
306 3065 374 3111 Sap
402 3068 433 3109 5,
461 3068 491 3102 6.
544 3068 642 3103 Eccli
669 3069 723 3110 34,
751 3069 806 3103 22.
857 3069 878 3103 2
904 3069 991 3104 Petr
1017 3070 1048 3111 2,
1075 3070 1107 3103 2.
