2044 3335
131 110 215 152 510
745 107 839 141 Mon.
867 107 935 142 913
961 108 1039 142 sive
1065 119 1147 151 aug.
1169 107 1266 151 (a3).

247 228 295 269 P.
340 228 502 269 Paulus
544 226 752 280 Hoffaeus
793 228 835 269 S.
870 227 913 269 J.
950 228 1208 269 Germaniae
1252 229 1486 282 superioris
1534 230 1892 284 vicelir‘ovincialis

130 295 197 335 15.
232 292 435 333 Ianuarii
468 293 615 333 15651
646 293 841 347 Auyusta
883 292 1195 334 Vindelicorum
1239 292 1338 347 (quo
1372 294 1525 335 Petrus
1560 295 1762 336 &misius
1794 310 1890 350 pro-

127 358 333 408 vincialis,
379 357 604 410 Oeniponte
645 359 714 398 30.
749 357 991 399 Decembris
1029 357 1256 411 profectus,
1299 357 1375 399 sub
1420 359 1460 400 d.
1494 361 1535 401 2.
1573 360 1773 401 Ianuaria·
1814 362 1890 401 acl-

130 422 318 470 venerat)
340 423 399 462 ced
423 422 465 463 S.
490 421 768 463 Franci-scum
792 423 995 477 Boryiam
1014 423 1302 476 praepositum
1324 425 1559 478 yeneralem
1581 424 1695 475 haec,
1722 430 1893 478 praeter

128 488 229 539 alia,
264 487 443 528 rettulit:
475 485 677 540 Augusta
710 486 816 528 haec
849 486 988 528 scribo
1023 500 1106 539 quo
1140 487 1302 528 accessi
1335 487 1390 529 ad
1423 487 1473 530 R.
1506 489 1550 531 P.
1574 488 1891 531 Prouincialem

126 553 176 592 vt
208 551 478 594 Catechismo
505 551 701 593 Romano
734 554 976 593 extremam
1009 565 1182 593 manum
1216 552 1534 606 imponeremus
1550 554 1578 603 2,
1613 554 1726 606 quod
1759 553 1890 596 etiam

126 617 217 658 Deo
250 617 345 658 laus
377 616 541 659 factum
574 620 663 659 est:
698 631 808 669 quae
841 630 973 658 causa
1004 615 1088 658 fuit
1120 619 1169 659 vt
1196 617 1328 659 Pater
1360 631 1446 658 non
1477 618 1669 672 potuerit
1701 618 1891 660 animum

125 681 180 723 ad
203 681 430 724 Centurias
462 682 682 736 applicare
714 682 948 724 hactenus:
982 681 1057 723 sed
1079 681 1300 735 Dilingam
1323 682 1460 725 abibit
1492 682 1636 736 ibique
1657 683 1755 725 illas
1778 683 1890 725 serio

125 749 194 788 est
226 761 514 801 aggressurus
536 747 719 788 Domino
743 746 989 789 adiuuante.
1046 746 1313 789 Contulimus
1336 750 1481 789 autem
1505 748 1731 801 Augustae
1763 762 1890 803 prae-

124 814 248 854 sente
290 813 421 855 etiam
454 813 506 855 D.
541 812 841 854 Theodorico3
874 812 926 853 de
968 811 1211 865 praecipuis
1252 811 1386 854 totius
1418 812 1672 855 Prouinciae
1706 813 1889 855 difficul—

123 877 302 927 tatibus,
337 878 564 930 (Dominus
585 891 654 919 me
677 877 866 928 adiuuet,
900 877 1041 930 impar
1064 890 1144 929 ego
1167 891 1261 918 sum
1283 877 1369 918 illis
1401 877 1608 930 ferendis)
1642 881 1686 921 et
1719 879 1770 920 de
1793 878 1890 932 alijs

125 943 254 985 etiam
290 943 342 984 de
375 944 529 997 quibus
561 942 784 985 admonuit
816 942 862 984 P.
898 942 1057 984 Vestra
1099 942 1411 995 posterioribus
1444 942 1582 986 literis
1614 943 1669 984 ad
1701 944 1749 987 P.
1782 943 1889 986 Pro-

124 1008 353 1050 uincialem
389 1008 514 1051 datis,

243 1075 307 1115 Ac
338 1073 522 1128 primum
556 1073 670 1126 quod
702 1073 756 1115 ad
789 1072 1155 1115 sustentationem
1176 1075 1371 1115 nostram
1403 1073 1447 1115 in
1470 1075 1730 1126 Augustana
1763 1073 1888 1115 domo

125 1138 306 1181 attinet:
350 1139 418 1180 hic
452 1139 798 1180 desideraremus
832 1151 905 1179 eos
938 1139 1008 1179 vel
1041 1152 1095 1180 ex
1129 1138 1258 1180 certis
1297 1139 1580 1192 prouentibus
1612 1139 1681 1180 vel
1714 1152 1769 1180 ex
1802 1139 1889 1180 ele-

125 1204 329 1246 emosinis
362 1204 584 1246 commode
618 1203 808 1258 acceptis
840 1203 952 1245 sicut
992 1204 1215 1257 postulare
1247 1203 1420 1245 videtur
1452 1203 1497 1245 P.
1533 1203 1616 1246 V.4
1648 1204 1704 1245 ali
1737 1218 1887 1258 posse:

122 1269 185 1311 ita
223 1273 271 1312 vt
311 1273 491 1324 propter
532 1283 686 1310 munus
728 1268 1033 1323 concionandj‚
1077 1268 1283 1310 salarium
1324 1268 1437 1310 sicut
1477 1269 1687 1310 hactenus
1728 1272 1819 1311 tum
1862 1283 1888 1311 a

123 1334 500 1377 Reuerendissimo
533 1338 623 1376 tum
658 1348 684 1376 a
707 1333 933 1376 Canonicis
965 1348 1050 1375 non
1083 1333 1354 1387 acciperetur
1370 1335 1398 1385 5,
1434 1348 1519 1387 qua
1549 1334 1592 1375 in
1625 1348 1671 1375 re
1703 1334 1887 1376 multum

122 1399 340 1443 laborauit
380 1399 784 1442 Reuerendissimus
822 1399 1062 1441 Cardinalis
1078 1400 1107 1450 6,
1151 1398 1223 1452 qui
1265 1413 1369 1440 sane
1412 1401 1456 1441 et
1496 1399 1589 1453 ipse
1630 1402 1807 1453 cuperet
1839 1402 1888 1440 vt

123 1465 325 1519 Canonicj
367 1468 540 1508 nostros
573 1465 806 1507 secundum
840 1464 1030 1507 instituti
1063 1464 1129 1506 sui
1160 1464 1372 1506 rationem
1414 1465 1649 1518 procedere
1680 1464 1886 1515 sinerent,

122 1543 173 1572 ac
205 1534 437 1585 propterea
469 1544 607 1584 neque
639 1545 716 1584 pro
750 1530 922 1580 salario,
967 1543 1105 1582 neque
1137 1529 1306 1571 ratione
1340 1529 1629 1571 eleemosinae
1660 1529 1884 1583 pecuniam

122 1596 283 1639 nostris
316 1596 593 1650 assignarent
626 1609 675 1637 ac
708 1596 961 1649 penderent.
1010 1594 1231 1648 Admonitj
1265 1598 1366 1637 sunt
1399 1595 1530 1636 etiam
1564 1595 1616 1636 de
1648 1595 1728 1636 hoc
1759 1608 1886 1648 prae-

123 1661 234 1715 cipuj
259 1662 569 1704 Canonicorum
594 1676 619 1703 a
643 1661 818 1710 nostris,
851 1660 963 1702 sicut
995 1661 1040 1702 et
1071 1659 1190 1714 prius
1212 1674 1238 1701 a
1260 1660 1392 1702 Patre
1414 1660 1567 1703 Natali
1582 1661 1611 1710 7,
1645 1659 1728 1702 etsi
1754 1673 1885 1712 aegre

122 1726 373 1781 intelligant
410 1727 636 1780 minusque
677 1726 875 1781 probent,
909 1728 958 1768 vt
990 1725 1126 1779 nostrj
1161 1725 1270 1767 citra
1303 1725 1613 1778 obligationem
1646 1725 1779 1767 vllam
1813 1738 1884 1766 ac-

123 1791 286 1846 cipiant
317 1792 544 1847 pecuniam
577 1792 689 1834 sicut
720 1791 763 1833 in
787 1791 883 1845 alijs
906 1791 1109 1845 Collegijs
1132 1791 1326 1844 accipere
1355 1791 1509 1840 solent,
1544 1790 1683 1843 gratis
1715 1790 1884 1833 interea

123 1859 167 1899 et
204 1857 338 1899 libere
378 1858 422 1899 in
455 1858 582 1900 vinea
614 1857 785 1899 Domini
826 1857 1088 1898 laborantes.
1153 1855 1265 1897 Nam
1299 1855 1499 1910 Canonicj
1534 1856 1671 1897 solum
1704 1869 1730 1897 a
1762 1855 1884 1896 nobis

122 1921 490 1973 Concionatorem‚
524 1937 609 1964 non
642 1923 788 1976 plures
820 1921 888 1963 hic
911 1921 1132 1975 operarios
1155 1921 1379 1973 minusque
1403 1921 1638 1974 Collegium
1662 1920 1884 1974 postulare

122 1986 336 2039 videntur,
382 2003 535 2042 parum
578 1988 710 2030 etiam
751 1987 951 2029 fauentes
992 1987 1201 2028 hactenus
1244 1986 1464 2037 Societati,
1510 1986 1623 2028 sicut
1662 1987 1882 2028 Reueren—

122 2051 322 2095 dissimus
354 2067 484 2108 saepe
517 2053 718 2107 conquerj
758 2053 882 2094 solet.
945 2051 1038 2094 Nos
1071 2065 1174 2093 vero
1208 2051 1368 2094 collata
1400 2065 1447 2093 re
1479 2051 1594 2094 inter
1626 2065 1704 2093 nos
1736 2064 1883 2093 omnes

122 2121 166 2160 et
198 2118 401 2172 expensis
423 2119 620 2160 omnibus
643 2118 814 2159 omnino
837 2117 1077 2158 iudicamus
1100 2131 1185 2157 non
1208 2130 1304 2158 esse
1320 2116 1482 2159 nostris
1504 2117 1614 2159 hanc
1633 2116 1882 2159 cathedram

119 2183 423 2237 Augustanam
456 2184 543 2224 vllo
575 2183 700 2225 modo
735 2183 1029 2232 deserendam,
1075 2196 1159 2223 non
1192 2184 1282 2223 tam
1315 2185 1495 2236 propter
1526 2181 1776 2231 Canonicos‚
1811 2181 1882 2234 qui

120 2252 313 2291 nostram
347 2251 552 2291 exercent
589 2248 860 2303 patientiam,
904 2261 1031 2300 quam
1065 2250 1244 2301 propter
1276 2247 1558 2301 multiplicem
1591 2249 1635 2289 et
1666 2246 1881 2300 publicam

118 2314 244 2356 huius
275 2314 508 2368 primariae
539 2314 582 2355 in
605 2313 798 2368 Jmperio
831 2311 1044 2363 Ciuitatis,
1078 2312 1314 2354 Vtilitatem
1347 2326 1398 2354 ac
1432 2312 1750 2355 necessitatem.
1804 2311 1881 2353 Vi-

120 2380 269 2421 demus
302 2383 448 2422 autem
480 2379 689 2421 hactenus
722 2381 968 2420 nostrorum
1002 2391 1178 2432 operam
1213 2377 1449 2418 Domino
1483 2378 1882 2431 cooperanteS

242 2515 251 2534 ¹
278 2514 428 2559 Scripsit
454 2514 598 2558 quidem
625 2512 796 2546 Hoffaeus
819 2512 975 2555 „1567“;
1002 2512 1063 2546 sed
1093 2523 1171 2545 eum
1198 2523 1267 2545 non
1296 2512 1349 2546 15.
1370 2511 1523 2545 Ianuarii
1545 2511 1645 2552 1567,
1672 2511 1734 2545 sed
1755 2511 1808 2545 15.
1828 2510 1879 2544 Ia-

118 2567 234 2600 nuarii
262 2568 353 2602 1568
379 2568 471 2601 hanc
498 2566 690 2611 epistulam
726 2566 865 2600 dedisse
900 2567 1000 2610 patet
1027 2577 1072 2599 ex
1106 2565 1195 2609 ipsis
1230 2565 1355 2606 rebus,
1392 2576 1482 2608 quas
1513 2565 1549 2598 in
1575 2576 1617 2598 ea
1643 2576 1723 2598 cum
1749 2564 1881 2606 Borgia

118 2621 423 2661 c01nmunicabat;
451 2622 557 2665 atque
583 2619 650 2654 hoc
675 2622 817 2664 tempus
843 2618 990 2662 antiqua
1017 2630 1157 2663 quoque
1183 2629 1291 2652 manu
1325 2629 1472 2651 romana
1506 2618 1542 2651 in
1576 2620 1678 2660 tergo
1705 2616 1879 2661 epistulae

119 2674 280 2706 notatum
308 2676 372 2707 est.

238 2726 250 2745 2
276 2726 485 2760 Versionem
521 2727 762 2769 germanicam
802 2725 904 2765 dicit,
944 2736 1050 2768 quam
1088 2725 1165 2769 ipse
1203 2724 1340 2765 facere,
1380 2723 1545 2758 Canisius
1579 2734 1832 2766 recognoscere
1858 2735 1879 2757 a

119 2777 151 2811 S.
180 2778 243 2811 Pio
270 2778 313 2812 V.
340 2791 370 2813 a.
401 2780 489 2813 1566
517 2779 605 2813 iussi
632 2781 752 2819 erant;
780 2791 813 2813 v.
841 2789 951 2822 supra
977 2790 1009 2822 p.
1030 2778 1075 2812 26
1104 2778 1178 2812 113.

239 2832 251 2851 ³
277 2832 315 2865 P.
343 2831 561 2866 Theodorico
589 2832 730 2866 Canisio
757 2834 894 2866 rectore
927 2831 1068 2874 collegii
1108 2830 1292 2873 dilingani.
1462 2831 1474 2849 4
1500 2829 1590 2864 Vide
1625 2841 1734 2874 supra
1759 2841 1793 2874 p.
1822 2829 1876 2863 56.

239 2884 251 2902 ⁵
279 2884 479 2918 Cardinalis
514 2885 714 2919 Truchsess
749 2885 817 2919 500
843 2885 1014 2925 florenos,
1052 2883 1247 2928 capitulum
1283 2882 1489 2917 cathedrale
1519 2883 1596 2928 (pro
1631 2882 1762 2917 salario
1798 2894 1877 2916 con-

118 2936 321 2978 tionatoris)
349 2937 418 2971 200
443 2938 596 2971 florenos
623 2938 706 2971 dare
733 2940 994 2972 consueverant
1023 2937 1128 2981 (Can.
1156 2937 1206 2971 IV
1233 2937 1321 2980 33¹).

240 2990 252 3007 ‘³
278 2988 368 3022 Vide
394 3001 501 3033 supra
528 3002 559 3034 p.
581 2991 778 3026 506—509.

239 3042 250 3061 ⁷
278 3041 550 3086 Christophorus
589 3054 607 3076 a
644 3043 827 3088 Freyberg
865 3046 899 3077 et
935 3043 1178 3086 VVolfgangus
1213 3042 1346 3083 Rhem3
1386 3054 1420 3076 V.
1460 3043 1546 3076 Can.
1583 3042 1635 3075 III
1671 3041 1874 3082 674—675;

119 3094 151 3127 V
179 3094 383 3134 544—545;
410 3106 517 3138 supra
544 3107 576 3138 p.
597 3096 676 3130 506.
823 3098 835 3116 ³
861 3097 919 3131 Mc
948 3098 1001 3138 16,
1028 3097 1084 3131 20.
