2044 3335
135 88 220 129 404
312 84 414 119 1711.
442 83 527 118 Can.
554 83 733 118 Friderico
759 93 779 116 a
798 81 998 124 Wirsberg.
1044 81 1145 116 1712.
1173 80 1258 115 Can.
1286 81 1320 115 S.
1340 81 1529 116 Francisco
1550 81 1710 125 Borgiae.

137 212 202 235 con
238 198 335 244 quali
374 201 391 232 e
430 200 562 232 uenuto
598 195 702 230 credo
738 197 820 230 sara
846 195 956 230 molto
983 195 1141 236 difficile,
1179 198 1215 230 et
1241 207 1328 240 poco
1364 197 1632 232 conueniente.“
1688 196 1732 230 Et
1758 197 1899 231 *Roma

135 253 192 288 24.
210 251 367 286 Ianuarii
396 251 505 285 1570:
546 249 601 291 „Jl
627 248 743 282 Padre
769 247 979 289 Vendelino,
1015 260 1085 283 non
1111 248 1211 289 uedo,
1247 260 1346 283 come
1381 249 1411 283 si
1438 260 1544 293 possa
1569 249 1750 291 mandare,
1786 250 1899 294 prima

137 306 201 340 ohe
226 305 367 339 tornino
394 303 419 336 il
446 303 574 346 Signor
600 301 750 342 Giouan‚
786 303 822 335 et
848 300 999 344 Signora
1025 300 1168 343 Vrsula,
1205 301 1230 335 il
1264 301 1329 335 che
1356 303 1448 340 sara,
1484 313 1583 336 come
1617 302 1774 343 intendo,
1809 302 1899 347 dopo

137 358 291 401 Pasqua.
320 383 354 391 ..
375 383 382 390 .
426 355 462 389 Si
488 367 553 389 son
580 354 734 389 rioeuuti
759 354 869 398 quelli
899 353 1041 388 trattati
1077 354 1120 388 de
1155 365 1275 395 vsura‚
1312 357 1348 388 et
1382 354 1412 388 si
1439 357 1457 388 e
1483 354 1609 388 scritto
1636 356 1730 389 assai
1757 355 1899 389 diffusa-

136 413 256 445 mente
281 419 388 453 sopra
414 407 533 452 quello
560 407 617 441 dei
643 407 740 441 censi
767 409 803 441 et
829 406 887 441 del
912 406 1044 451 pigliar
1070 407 1198 451 cinque
1225 418 1287 451 per
1312 409 1426 447 cento,
1454 409 1489 441 et
1515 408 1648 448 auanti,
1674 407 1739 442 ohe
1765 408 1794 442 si
1822 419 1900 452 par-

136 467 220 498 tano
247 462 365 506 questi
392 461 532 505 Signori
558 460 745 504 Peregrini
780 460 875 494 forse
911 460 1116 494 haueranno
1152 460 1379 494 rissolutione
1409 460 1538 494 intiera
1564 460 1648 494 delli
1675 460 1771 506 dubij
1799 461 1895 496 suoi“

138 517 200 560 (ex
235 514 453 560 apographis
488 513 600 548 eiusd.
627 515 756 558 temp.;
793 513 913 547 Germ.
941 513 986 547 70
1022 513 1045 546 f.
1074 513 1134 547 34a
1168 513 1258 556 61³).
1308 512 1483 547 Volekius
1519 524 1600 547 cum
1626 513 1803 556 Fuggeris
1829 514 1900 547 Au-

137 571 282 613 gustam
306 567 414 602 rediit
438 567 532 602 circa
559 566 614 601 31.
633 566 774 604 Martii;
802 577 836 600 V.
855 577 964 610 supra
990 577 1023 610 p.
1043 565 1124 600 399.

138 683 275 720 1711.
375 682 591 718 CANISIUS
628 680 1015 718 FRIDERICO
1053 680 1098 715 A
1135 679 1514 717 WIRSBERG
1550 680 1716 726 episcopo
1750 657 1909 727 principiN

327 735 580 781 herbipolensi.
1031 734 1177 778 Dilinga
1203 735 1298 769 circa
1324 734 1478 768 medium
1505 746 1552 768 m.
1570 734 1730 779 Aprilem
1752 735 1854 770 1570.

257 809 322 850 De
362 809 410 850 P.
438 808 620 849 Martini
662 808 934 849 Stevorcliani
973 805 1218 861 (Herbipoli
1264 809 1307 848 in
1356 808 1504 862 templo
1546 807 1781 849 cathedrali
1823 808 1904 848 ali·

140 874 344 930 quamdiu
379 873 625 924 contionati)
667 873 851 914 discessu
885 873 1127 914 Societatem
1156 886 1344 927 puryare
1375 873 1512 913 studet
1549 877 1586 913 et
1617 873 1669 913 ab
1703 873 1903 927 episcopo,

139 941 178 981 si
208 940 313 994 quid
345 940 533 980 iniuriae
567 939 609 979 in
643 951 687 979 eo
721 939 904 979 discessu
939 951 1023 978 esse
1060 938 1229 990 iudicet,
1270 938 1434 979 veniam
1462 938 1578 991 petit.
1643 937 1779 978 Plura
1810 939 1905 979 vide

141 1005 273 1058 infra,
311 1005 353 1044 in
388 1018 447 1057 ep.
480 1017 522 1044 n.
548 1004 690 1055 1713;
720 1017 821 1044 nam
856 1002 1022 1044 Canisii
1053 1003 1215 1044 litterae
1241 1003 1407 1057 perisse
1437 1002 1646 1044 videntur.

259 1083 424 1118 Timebat
449 1095 535 1117 sane
555 1082 731 1123 Canisius,
757 1094 801 1116 ne
828 1094 868 1116 eo
895 1082 992 1116 facto
1019 1082 1176 1127 episcopi
1199 1083 1338 1116 animus
1358 1082 1591 1117 vehementer
1608 1084 1904 1116 commoveretur.

145 1138 253 1181 „Erat
279 1138 313 1171 in
340 1136 521 1171 Friderico
547 1136 680 1181 optimo
707 1135 792 1170 licet
817 1138 853 1169 et
879 1135 1110 1180 cupidissimo
1137 1135 1265 1170 salutis
1291 1147 1435 1170 suorum
1462 1136 1640 1180 Principe,
1666 1136 1811 1180 quidam
1837 1135 1905 1169 ira-

141 1190 291 1226 cundiae
316 1191 482 1235 impetus,
509 1190 567 1224 cui
593 1189 738 1223 difficile
764 1189 800 1222 in
826 1188 930 1223 senili
956 1188 1026 1222 iam
1053 1190 1172 1223 aetate
1198 1189 1433 1233 imperaret“;
1461 1188 1567 1223 simul
1589 1191 1709 1223 tamen
1727 1189 1763 1222 in
1783 1189 1905 1223 eodem

146 1246 244 1287 „erat
269 1243 427 1277 facilitas
453 1242 588 1288 ingenij
625 1245 660 1276 et
686 1242 920 1276 offensionum
947 1241 1123 1276 obliuio“:
1159 1242 1214 1276 Ita
1240 1242 1537 1285 *Herbi‘polensz's
1562 1241 1711 1287 Collegij
1739 1242 1905 1279 Exordia.

141 1298 271 1332 ibidem
299 1298 394 1331 circa
420 1297 556 1330 exitum
583 1296 718 1330 saeculi
746 1295 840 1330 XVI.
868 1295 1071 1340 conscripta
1092 1295 1188 1338 (Ass.
1208 1294 1328 1330 Germ.
1347 1295 1493 1329 Fund.1
1520 1296 1544 1329 f.
1563 1294 1679 1338 338b).
1724 1295 1777 1329 Cf.
1797 1295 1905 1329 etiam

146 1352 232 1385 Can.
258 1351 291 1385 V
318 1350 405 1391 7103
433 1350 555 1384 eodem
582 1351 759 1394 spectant,
786 1360 878 1393 quae
903 1351 1096 1383 narrantur
1122 1348 1215 1393 apud
1244 1349 1372 1391 Weyele
1398 1348 1420 1382 l.
1447 1360 1477 1382 0.
1504 1348 1520 1382 Ι
1549 1349 1642 1383 126³.

143 1452 285 1490 1712.
384 1452 601 1487 CANISIUS
639 1450 905 1487 SANCTO
934 1449 1322 1487 FRANGISGO
1350 1449 1668 1486 BORGIAE
1703 1452 1907 1497 praeposito

333 1505 493 1550 generali
519 1505 710 1540 Societatis
736 1505 830 1540 Iesu.
1345 1504 1492 1548 Dilinga
1521 1504 1574 1539 14.
1594 1504 1728 1549 Aprilis
1758 1505 1859 1540 1570.

264 1577 318 1611 Ex
345 1576 563 1622 apographis
590 1576 703 1611 eiusd.
729 1579 838 1621 temp.
868 1575 986 1610 Germ.
1007 1576 1051 1610 70
1078 1576 1102 1610 f.
1121 1575 1182 1610 932
1208 1577 1244 1610 et
1270 1575 1358 1620 Epp.
1378 1576 1420 1610 It.
1445 1576 1595 1618 1569s71
1624 1575 1649 1609 f.
1670 1575 1764 1610 1382.

262 1643 418 1686 Boryt'as
443 1643 557 1676 Roma
586 1644 638 1675 17.
658 1641 761 1674 Iunii
778 1643 871 1674 1570
901 1641 1045 1674 Canisio
1071 1642 1236 1684 scripsit:
1271 1640 1516 1685 „Rispomlerb
1551 1652 1616 1683 per
1648 1645 1767 1684 questa
1794 1651 1815 1673 a
1843 1641 1909 1673 clue

144 1697 182 1729 di
206 1697 245 1729 V.
264 1697 306 1730 R.
335 1697 374 1729 di
399 1698 431 1729 8.
460 1700 489 1728 et
517 1697 570 1729 14.
597 1694 629 1728 d'
646 1695 773 1738 Aprile
807 1695 897 1728 doue
928 1694 974 1727 dci
999 1695 1190 1737 rayuaylio
1224 1695 1310 1727 delle
1343 1694 1475 1736 fatiche
1505 1705 1567 1727 sue
1592 1695 1672 1727 nell’
1691 1705 1797 1737 opera
1823 1694 1910 1727 delle

147 1746 343 1783 Centau-tef‘
388 1749 569 1782 Posterior
594 1752 712 1781 tamen
737 1748 822 1781 haec
848 1748 998 1791 epistula
1022 1748 1151 1790 periit,·
1186 1758 1256 1790 qua
1286 1748 1453 1781 Canisius
1472 1748 1709 1790 potissimum,
1738 1752 1907 1790 «sitantum

147 1805 184 1835 in
205 1802 385 1836 Centuriis
402 1802 605 1845 refutandis
622 1801 827 1844 laborasset,
855 1802 903 1833 ad
920 1801 1092 1844 Borgyiam
1111 1802 1284 1834 rettulisse
1302 1801 1450 1834 videtur.
1490 1801 1549 1833 Eae
1569 1801 1696 1843 priore
1713 1804 1826 1833 autem
1845 1800 1909 1832 illa

146 1855 294 1898 epistula
321 1855 385 1888 hoc
411 1865 547 1898 quoque.
573 1855 729 1887 conicio:
757 1854 941 1887 Cani-sium
966 1856 1019 1887 14.
1036 1854 1177 1897 Aprilis
1202 1855 1244 1886 de
1269 1854 1308 1887 P.
1328 1854 1526 1887 Laurentio
1546 1854 1784 1887 Hermanutio
1809 1854 1846 1887 S.
1861 1855 1910 1895 J.y

148 1910 210 1952 qui
235 1909 434 1941 Ferrariae
460 1908 649 1941 Barbarae
674 1907 904 1940 Fer-dimanat
926 1908 956 1940 I.
983 1907 1212 1950 imperatoris
1236 1907 1332 1948 filiae
1358 1911 1387 1939 et
1406 1907 1583 1949 Alpleonsi
1608 1907 1658 1940 H.
1677 1907 1777 1940 ducis
1802 1908 1913 1940 uxori

147 1972 167 1994 a
193 1963 308 1994 sacris
334 1961 613 2003 confessionibus
631 1965 719 2003 erat,
745 1971 785 1993 ea
803 1961 974 2003 Boryiam
992 1960 1178 2003 monuisse,
1198 1970 1287 2002 quae
1304 1962 1336 1992 is
1354 1960 1481 1993 litteris
1499 1961 1612 1993 Roma
1631 1961 1688 1992 24.
1702 1960 1805 1993 Iunii
1821 1962 1911 1993 1570

147 2015 242 2047 datis
258 2015 298 2048 P.
317 2014 446 2047 Fulvio
465 2015 643 2047 Androtio
662 2014 799 2056 collegii
820 2013 919 2046 illius
944 2015 1074 2046 rectori
1099 2013 1334 2056 siynificarit:
1360 2014 1512 2056 „Questa
1538 2013 1619 2046 sera
1638 2024 1708 2056 per
1733 2013 1911 2056 auz'sarla,

147 2068 207 2101 che
233 2068 274 2100 de
303 2068 499 2100 Germania
525 2069 557 2100 si
583 2067 599 2099 ἒ
624 2067 746 2100 scritto
772 2067 841 2099 alle
868 2066 958 2099 nolte
992 2078 1035 2099 ne
1069 2066 1115 2099 lea
1143 2066 1285 2109 be'soyno
1312 2068 1350 2099 (ii
1375 2067 1612 2100 consolatione
1640 2067 1665 2098 il
1692 2067 1729 2100 P.
1750 2067 1910 2099 Lorenw

146 2132 210 2164 per
234 2121 359 2154 alcune
383 2121 587 2153 melancole'e
612 2119 671 2152 che
697 2120 725 2152 li
749 2120 870 2152 danno
897 2119 1031 2152 notabit
1057 2118 1249 2153 molestia.“

266 2191 419 2233 Boryias
445 2189 479 2223 in
508 2189 632 2223 iisdem
667 2188 802 2223 litteris
834 2188 922 2223 haec
957 2189 1000 2222 de
1035 2188 1272 2222 Hermanutio
1307 2187 1483 2223 *statuit2
1527 2188 1591 2231 „Se
1627 2188 1779 2232 qualche
1814 2188 1911 2223 uolta

148 2243 350 2287 bisognassi
377 2243 433 2277 far
459 2242 610 2287 qualche
636 2243 753 2276 uscita
780 2241 859 2276 fuor
885 2241 919 2275 di
945 2241 1096 2275 Ferrara
1123 2253 1142 2275 a
1169 2241 1321 2285 qualche
1348 2241 1507 2285 Collegio
1543 2241 1670 2282 uicino,
1706 2243 1735 2281 ό,
1772 2242 1861 2276 doue
1892 2255 1912 2276 a

149 2296 191 2331 V.
219 2296 426 2330 Reuerenza
452 2295 599 2341 paressi,
637 2298 672 2329 et
698 2295 748 2329 lui
774 2295 804 2329 si
831 2294 1027 2329 consolassi
1053 2306 1092 2329 se
1118 2295 1143 2328 li
1169 2295 1285 2339 potria
1312 2295 1376 2328 dar
1400 2295 1546 2335 licenza,
1583 2296 1618 2328 et
1643 2294 1686 2329 V.
1706 2295 1912 2329 Reuerenza

150 2349 291 2393 quando
317 2350 415 2383 stara
441 2348 477 2382 in
503 2349 653 2382 Feri-ara
680 2375 688 2382 .
708 2375 715 2382 .
737 2375 744 2382 .
771 2347 914 2393 procuri
944 2347 1080 2381 tenerlo
1107 2347 1290 2382 consolato
1318 2349 1352 2381 in
1379 2347 1561 2382 Domino.“
1616 2347 1803 2382 Caeterum
1831 2348 1912 2382 vide

149 2402 254 2444 infra,
281 2414 335 2448 ep.
353 2414 386 2437 11.
408 2403 509 2437 1716.

153 2517 294 2553 1713.
394 2515 821 2553 FRIDERICUS
858 2515 903 2551 A
939 2515 1319 2552 WVIRSBERG
1358 2516 1546 2561 episcopus
1584 2516 1842 2561 herbipolensis
1877 2520 1913 2551 et

340 2571 512 2605 Franciae
538 2569 722 2604 orientalis
749 2571 822 2604 dux
849 2570 1049 2604 CANISIO.
1393 2568 1577 2614 Hei-bipoli
1603 2570 1635 2603 3.
1655 2569 1740 2603 Maii
1763 2570 1864 2605 1570.

271 2635 325 2668 Ex
344 2634 560 2679 apographo,
579 2635 671 2678 quod
689 2634 979 2679 (interpungendi
999 2634 1137 2669 ratione
1156 2635 1199 2668 ad
1219 2636 1361 2668 nostrae
1380 2634 1510 2668 aetatis
1528 2634 1701 2668 rationem
1717 2646 1911 2669 accommo-

154 2686 251 2730 data)
281 2699 312 2721 a.
330 2688 419 2722 1896
446 2688 670 2733 exscriptum
697 2690 752 2721 est
777 2699 824 2722 ex
849 2687 1045 2732 archetypo
1076 2687 1204 2732 (ipsius
1230 2687 1401 2721 Friderici
1427 2698 1544 2728 manu,
1577 2689 1618 2720 ut
1642 2687 1795 2729 videtur,
1831 2688 1912 2722 sub-

153 2740 305 2784 scripto;
345 2741 438 2784 apud
473 2740 740 2785 inscriptionem
776 2743 971 2775 cernuntur
1008 2740 1180 2785 reliquiae
1218 2740 1367 2784 sigilli),
1406 2740 1499 2784 quod
1538 2742 1659 2774 exstat
1696 2741 1731 2774 in
1767 2740 1913 2775 archivo

155 2792 307 2835 quodam
334 2793 485 2837 privato,
517 2794 632 2835 „Cart.
659 2794 724 2828 sel.
749 2805 783 2827 11.
810 2794 851 2827 4“
882 2794 906 2828 f.
926 2793 1124 2829 208—210.

272 2852 373 2884 Nihil
408 2854 601 2885 timendum
637 2864 705 2885 esse
738 2854 779 2886 de
805 2854 993 2887 Sociorum
1019 2853 1313 2895 herbipolensium
1340 2853 1461 2895 inopia
1475 2865 1487 2892 ,·
1520 2864 1554 2885 se
1593 2853 1625 2885 in
1653 2863 1708 2886 eos
1733 2853 1911 2886 liberalem

155 2908 184 2936 et
208 2905 318 2945 fuisse
353 2908 382 2936 et
407 2905 496 2946 fore.
547 2906 702 2938 Frustra
738 2917 818 2939 vero
853 2917 887 2939 se
921 2917 943 2938 a
971 2907 1189 2949 praepositis
1220 2907 1356 2948 petisse,
1392 2910 1429 2938 ut
1464 2905 1502 2938 P.
1532 2906 1815 2949 Stevordianum,
1851 2907 1913 2949 qui

155 2958 391 2990 contionando
428 2960 513 2990 eires
547 2970 569 2989 a
596 2959 872 2993 Lutheranismo
907 2970 1070 2993 revocare
1096 2961 1268 3002 coepisset,
1301 2959 1489 3001 Herbipoli
1520 2970 1662 2992 manere
1692 2963 1912 3002 paterentur.

155 3011 208 3043 Ne
233 3010 377 3043 Petrum
405 3012 544 3052 quidem
570 3012 669 3043 Falce
695 3013 835 3046 venisse.
879 3013 917 3045 P.
938 3013 1148 3045 Halveriemi
1174 3013 1221 3045 ad
1247 3012 1523 3045 concionandum
1549 3012 1633 3044 urbi
1650 3023 1718 3045 non
1738 3012 1912 3054 sufficere.

155 3063 237 3095 Ideo
264 3066 325 3095 aut
353 3062 621 3095 Stoa-ordicomm
648 3065 781 3097 remitti
805 3069 867 3097 aut
898 3065 1080 3098 Cam'sium
1109 3067 1222 3107 ipsum
1248 3065 1365 3097 venire
1391 3064 1520 3098 debere.
