2044 3335
920 565 960 607 V

118 657 502 715 DESCRIPTIO
541 657 820 713 CODIGUM
857 656 1049 712 MANU
1089 656 1500 714 SCRIPTORUM
1538 658 1612 714 IN
1649 657 1772 714 Hoc

509 738 855 795 VOLUMINE
894 737 1376 795 ADHIBITORUM.

180 869 249 911 Ad
288 867 415 911 huius
456 868 687 911 voluminis
729 868 939 923 epistulas
981 870 1168 922 actaque
1207 868 1452 922 colligenda
1489 870 1534 911 et
1570 868 1830 912 illustranda

61 934 243 977 adhibiti
260 937 362 977 sunt
379 934 471 976 fere
492 936 549 976 13
561 935 585 976 8
605 934 809 976 codices
827 933 1109 987 fasciculique
1127 948 1257 976 manu
1275 933 1439 988 scripti,
1459 934 1531 988 qui
1547 933 1591 976 in
1609 934 1828 977 variarum

59 1002 276 1043 terrarum
311 999 559 1042 archivis
593 999 1075 1052 bibliothecisque
1108 1003 1132 1041 4
1148 1002 1173 1042 Ο
1207 1002 1512 1042 asservantur:

59 1094 353 1147 Augustae
394 1091 815 1134 Vindelicorum
848 1091 1121 1146 (Augsburg)
1161 1092 1205 1134 in
1246 1092 1435 1135 archivis
1476 1092 1622 1135 curiae
1664 1092 1829 1148 episco-

180 1158 291 1212 palis
324 1157 401 1212 (2),
434 1158 553 1200 urbis
586 1158 665 1211 (1),
698 1157 854 1200 nobilis
886 1157 1079 1200 familiae
1110 1157 1364 1212 fuggericae
1397 1157 1483 1211 (2);

66 1224 354 1267 Coloniae
401 1223 751 1278 Agrippinae
796 1223 948 1277 (Koln)
990 1223 1034 1265 in
1080 1223 1270 1265 archivis
1314 1224 1524 1266 ecclesiae
1568 1223 1830 1278 parochialis

178 1290 227 1332 B.
252 1289 310 1332 M.
333 1289 386 1332 V.
410 1289 454 1330 in
488 1289 654 1331 caelum
697 1291 949 1343 assumptae
981 1289 1045 1342 (1)
1079 1291 1124 1331 et
1155 1289 1396 1332 studiorum
1429 1289 1710 1332 fundatorum
1742 1289 1828 1342 (4);

62 1355 369 1398 Cracoviae
410 1354 455 1396 in
488 1354 749 1397 bibliotheca
781 1354 1082 1397 universitatis
1113 1354 1399 1408 iagellonicae
1432 1353 1496 1409 (4)
1530 1357 1574 1397 et
1606 1355 1649 1396 in
1681 1369 1829 1397 museo

176 1420 381 1475 principis
413 1420 693 1473 Czartoryski
726 1420 812 1474 (2);

57 1486 320 1538 Dilingae
352 1485 394 1527 in
428 1485 692 1528 bibliotheca
723 1485 845 1539 regia
878 1485 965 1538 (3);

59 1551 326 1605 Eystadii
361 1550 620 1604 (Eichstatt)
653 1551 696 1593 in
729 1550 907 1593 archivo
940 1549 1085 1592 curiae
1117 1550 1377 1605 episcopalis
1410 1550 1495 1603 (l);

59 1616 423 1659 Francofurti
457 1616 520 1658 ad
554 1616 800 1659 Moenum
833 1616 876 1658 in
910 1615 1172 1658 bibliotheca
1205 1616 1324 1658 urbis
1358 1615 1443 1669 (2);

58 1682 124 1724 Fr
140 1682 447 1735 auenburgi
480 1681 525 1723 in
557 1682 735 1724 archivo
769 1681 1005 1736 episcopali
1039 1680 1124 1735 (l);

57 1747 321 1801 Friburgi
358 1747 749 1790 Helvetiorum
787 1748 831 1790 in
864 1747 1127 1789 bibliitheca
1158 1747 1423 1802 reipublicae
1456 1747 1542 1801 (4);

60 1814 274 1856 Gothae
306 1813 349 1854 in
383 1813 644 1856 bibliotheca
677 1813 818 1855 ducali
851 1813 939 1866 (1);

57 1879 357 1933 Herbipoli
390 1878 676 1933 (VViirzburg)
709 1879 752 1920 in
786 1879 964 1921 archivo
1007 1878 1143 1921 >uriae
1175 1878 1434 1933 episcopalis
1468 1879 1555 1931 (l);

56 1944 291 1987 Londini
323 1944 366 1985 in
399 1958 547 1986 museo
581 1945 824 1987 britannico
858 1945 945 1999 (1);

57 2009 401 2063 Maihingae
446 2009 735 2064 (Maihingen)
782 2010 827 2052 in
873 2009 1137 2052 bibliotheca
1182 2009 1425 2064 principum
1474 2010 1526 2052 de
1572 2010 1830 2066 Oettingen-

175 2075 459 2118 Wallerstein
493 2075 580 2129 (1);

56 2140 339 2194 Marburgi
370 2140 414 2182 in
447 2141 625 2183 archivo
657 2140 778 2194 regio
812 2141 898 2194 (l);

57 2205 383 2260 Moguntiae
415 2205 460 2248 in
491 2206 753 2250 bibliotheca
785 2207 904 2249 urbis
937 2206 1019 2260 (l);

57 2270 336 2314 Monachii
367 2271 411 2312 in
445 2271 634 2314 archivis
667 2273 813 2314 curiae
846 2272 1228 2327 archiepiscopalis
1261 2270 1325 2326 (1)
1359 2274 1404 2315 et
1436 2272 1648 2315 ecclesiae
1683 2273 1723 2317 S.
1746 2273 1828 2315 Mi-

176 2336 338 2379 chaelis
380 2336 444 2389 (1)
487 2339 531 2379 et
572 2337 694 2391 regni
738 2337 932 2380 bavarici
973 2338 1066 2380 sive
1113 2337 1474 2389 „Reichsarchiv“
1512 2337 1606 2391 (12)
1650 2342 1694 2380 et
1735 2338 1828 2380 uni-

175 2401 401 2445 versitatis
433 2401 498 2455 (1)
532 2405 664 2456 atque
695 2403 739 2445 in
772 2403 1045 2446 bibliothecis
1076 2404 1201 2457 regia
1234 2403 1298 2456 (4)
1331 2406 1376 2446 et
1408 2403 1709 2446 universitatis
1741 2404 1827 2457 (1);

59 2466 191 2509 Oeni
203 2471 370 2522 ponte
403 2466 683 2522 (Innsbruok)
716 2469 760 2510 in
793 2468 970 2511 archivo
1002 2469 1307 2524 praefecturae
1340 2483 1574 2511 caesareae
1606 2468 1692 2523 (6);

55 2537 254 2580 Romae
286 2538 329 2580 in
352 2538 530 2580 archivo
553 2539 758 2581 vaticano
782 2538 860 2594 (4),
895 2540 1068 2594 collegii
1089 2540 1329 2594 germanici
1352 2539 1429 2593 (1),
1460 2539 1583 2594 regni
1605 2540 1742 2583 italici
1764 2539 1828 2594 (l.)

175 2606 220 2646 et
251 2603 291 2645 in
327 2604 602 2646 bibliothecis
634 2604 840 2648 vaticana
874 2605 938 2659 (2)
971 2610 1015 2649 et
1047 2606 1260 2649 nationali
1293 2604 1379 2659 (1);

57 2668 433 2723 Septimancis
477 2669 740 2724 (Simancas)
780 2671 825 2712 in
866 2671 1045 2713 archivo
1086 2670 1283 2725 generali
1323 2671 1448 2725 regni
1488 2671 1700 2726 hispanici
1742 2672 1828 2726 (3);

172 2734 215 2775 in
247 2734 382 2776 variis
415 2735 729 2779 Societatis
762 2736 885 2778 Iesu
920 2737 1116 2779 domibus
1150 2737 1266 2791 (63);

55 2798 387 2853 Stugartiae
419 2800 463 2842 in
496 2800 674 2842 archivo
707 2801 828 2854 regio
862 2802 949 2855 (1);

56 2864 406 2919 Tongerloae
451 2865 716 2920 (Tongerloo
758 2867 801 2908 in
843 2867 1014 2921 Belgio)
1055 2868 1099 2910 in
1143 2868 1408 2910 bibliotheca
1450 2867 1659 2910 canoniae
1702 2882 1828 2923 prae-

172 2931 507 2973 monstratensis
539 2931 626 2986 (1);

54 2993 418 3038 Vindobonae
451 2997 617 3051 (Wien)
650 2997 694 3038 in
726 2998 903 3040 archivo
937 2999 1063 3041 aulae
1093 3013 1324 3041 caesareae
1348 2998 1412 3053 (l)
1435 2999 1544 3042 etin
1566 2998 1828 3042 bibliotheca

172 3060 368 3114 palatina
400 3060 478 3115 (2).
