2044 3335
191 131 246 172 68
392 127 492 162 1503.
521 126 687 161 Canisius
713 126 751 160 P.
772 125 918 160 Nicolao
945 125 1087 159 Lanoio.
1139 124 1329 159 Monachio
1355 124 1422 159 sub
1449 124 1505 158 27.
1525 123 1622 168 Sept.
1645 124 1746 159 1567.

190 247 327 290 nostri
351 245 621 295 Sacerdotes,
654 243 912 298 praesertim
936 242 1213 297 Confessarij,
1247 242 1396 285 multis
1427 242 1565 284 modis
1599 245 1731 295 egent
1755 241 1797 283 in
1821 241 1957 283 sacris

191 314 236 355 et
275 312 343 354 in³
384 310 675 353 conscientiae
717 309 887 351 casibus
928 309 1040 350 bono
1082 310 1127 350 et
1167 307 1307 362 perito
1346 307 1522 350 doctore
1555 310 1599 350 et
1630 306 1848 360 frequenti
1881 306 1957 348 ad-

190 377 415 419 monitore.
480 375 689 417 Dominus
721 373 958 417 nobiscum.
1021 372 1237 426 Monachij
1273 374 1326 415 26
1362 372 1627 427 Septembris
1663 373 1789 414 1567.

1076 473 1237 515 Seruus
1268 471 1311 513 in
1345 472 1515 515 Christo
1548 472 1594 514 P.
1629 470 1838 514 Canisius.

310 574 337 626 -Τ
376 572 620 615 Admodum
665 571 920 613 Reuerendo
965 571 1009 612 in
1053 571 1225 613 Christo
1271 571 1391 613 Patri
1436 571 1668 614 Francisco
1714 585 1740 612 a
1783 568 1957 622 Borgia,

192 638 447 693 Praeposito
482 636 685 680 Generali
717 636 951 678 Societatis
982 636 1136 679 JESV.
1262 636 1440 679 Romae.

312 748 413 790 Quod
441 746 608 781 Canisius
635 746 671 780 in
697 746 754 780 his
780 745 914 780 litteris
940 745 1207 780 commendavit
1233 745 1276 780 de
1302 745 1549 791 philosophiae
1582 757 1603 779 a
1629 744 1743 780 Sociis
1769 742 1959 778 discendae

193 804 229 837 et
254 801 435 836 docendae
453 801 603 841 ratione,
630 800 665 833 id
691 799 871 834 sancitum
898 801 954 833 est
978 799 1022 833 ab
1040 799 1211 833 universa
1231 799 1411 833 Societate
1437 799 1474 833 in
1494 798 1781 842 Congregatione
1799 795 1959 840 generali

192 856 357 900 proxima
396 854 474 888 sive
510 853 636 894 tertia,
674 853 809 887 Romae
844 864 875 886 a.
905 852 996 886 1573
1034 852 1158 886 habita
1195 852 1269 896 (cui
1307 852 1416 887 etiam
1455 852 1622 887 Canisins
1660 850 1860 893 interfuit),
1903 849 1960 883 de-

193 911 291 943 creto
317 909 382 942 47:
428 906 488 949 „R
516 907 555 940 P.
582 905 626 940 N.
663 905 897 951 Praepositus
933 905 1122 940 Generalis
1161 906 1447 940 commendatum
1486 917 1704 950 magnopere
1741 904 1882 944 habeat,
1920 905 1962 936 ut

194 963 454 1006 Praeceptores
480 959 604 1001 nostri,
641 959 702 1003 qui
736 959 1021 1004 interpretantur
1047 959 1292 1000 Aristotelem,
1327 970 1398 993 non
1432 959 1502 993 nisi
1538 970 1617 993 cum
1653 969 1784 1001 magno
1819 956 1960 990 delectu

196 1016 413 1060 interpretes
440 1025 499 1047 eos
525 1013 661 1056 legant,
688 1014 750 1056 qui
776 1014 900 1046 contra
927 1012 1124 1046 christiana
1151 1012 1322 1055 dogmata
1347 1012 1456 1057 impie
1482 1012 1715 1057 scripserunt,
1742 1013 1778 1044 et
1804 1009 1960 1044 maxime

196 1069 240 1102 ad
267 1080 308 1102 ea
335 1067 589 1112 impugnanda,
617 1077 709 1110 quae
728 1065 946 1100 christianae
964 1065 1112 1100 veritati
1138 1066 1397 1107 adversentur;
1424 1068 1460 1099 et
1486 1066 1537 1099 ita
1556 1064 1827 1109 Philosophiam
1852 1063 1959 1097 inter-

194 1123 391 1167 pretentur,
417 1122 458 1154 ut
484 1132 592 1154 verae
610 1119 828 1163 Theologiae
855 1119 1105 1160 scholasticae,
1133 1130 1240 1162 quain
1267 1118 1369 1153 nobis
1395 1119 1647 1153 commendant
1666 1116 1960 1156 constitutiones,

195 1174 359 1209 ancillari
386 1176 422 1207 et
446 1173 652 1207 subservire
678 1172 847 1206 faciant.“
887 1172 933 1206 Et
958 1171 1101 1216 planius
1128 1172 1236 1206 etiam
1262 1172 1298 1205 in
1325 1171 1613 1215 Congregatione
1639 1170 1799 1215 generali
1825 1169 1960 1214 quinta,

194 1240 224 1263 a.
244 1227 479 1262 1593--1594
496 1226 630 1266 habita,
650 1226 793 1259 decreto
807 1226 863 1267 41,
890 1226 926 1259 in
949 1225 1118 1268 „Regulis
1145 1237 1208 1269 pro
1236 1225 1377 1259 delectu
1396 1225 1600 1270 opinionum
1626 1236 1690 1269 pro
1709 1222 1955 1268 Philosophi&

195 1294 228 1315 n.
256 1282 276 1315 2
304 1284 339 1314 et
366 1281 406 1314 3:
447 1279 674 1322 „Aristotelis
700 1280 927 1324 interpretes,
964 1279 1007 1312 de
1034 1278 1231 1312 christiana
1258 1277 1444 1322 Religione
1469 1278 1563 1312 male
1590 1277 1748 1319 meritos,
1783 1288 1852 1310 non
1883 1276 1960 1310 sine

196 1345 327 1378 magno
355 1333 505 1374 delectu,
541 1335 604 1367 aut
639 1332 773 1375 legant,
810 1335 872 1366 aut
906 1332 942 1365 in
977 1331 1138 1365 scholam
1174 1332 1358 1376 proferant
1370 1344 1377 1372 ;
1414 1333 1650 1375 caveantque,
1688 1342 1733 1364 ne
1769 1341 1855 1372 erga
1880 1328 1961 1362 illos

195 1387 345 1422 nimium
372 1386 579 1420 afficiantur
605 1386 796 1420 auditores.
848 1385 937 1419 Eam
973 1385 1016 1419 ob
1043 1396 1118 1418 rem
1144 1396 1210 1418 nec
1236 1385 1409 1419 Averrois
1437 1385 1546 1429 (idem
1574 1385 1615 1418 de
1642 1383 1845 1418 huiusmodi
1880 1382 1961 1415 aliis

196 1440 382 1483 iudiciuin)
413 1439 654 1483 digressiones
680 1439 715 1472 in
743 1441 949 1483 separatum
977 1438 1133 1482 aliquem
1160 1440 1355 1472 tractatum
1382 1438 1587 1478 conferant;
1625 1439 1670 1478 et,
1706 1437 1735 1470 si
1768 1435 1853 1480 quid
1878 1435 1961 1469 boni

198 1506 243 1528 ex
268 1494 346 1539 ipso
374 1492 626 1538 proferendum
652 1493 710 1534 sit,
746 1492 824 1526 sine
859 1491 965 1526 laude
999 1492 1202 1536 proferant3
1240 1494 1286 1533 et,
1322 1491 1352 1525 si
1378 1491 1457 1525 fieri
1483 1493 1613 1536 potest,
1649 1490 1682 1524 id
1711 1501 1791 1524 eum
1817 1488 1961 1523 aliunde

196 1547 394 1592 sumpsisse
421 1546 698 1580 demonst1·ent.“
759 1545 875 1588 „Nulli
911 1547 1042 1584 sectae,
1079 1547 1118 1579 ut
1144 1544 1449 1586 Averroistarnm,
1486 1544 1809 1578 Alexandrinorum
1846 1544 1882 1576 et
1916 1542 1961 1576 si—

197 1600 347 1641 milium,
375 1599 433 1634 vel
460 1611 499 1633 se
524 1599 585 1633 vel
611 1610 696 1633 suos
722 1599 909 1639 addicant3
937 1610 1003 1632 nec
1029 1598 1201 1632 Averrois
1228 1601 1291 1632 aut
1316 1601 1541 1632 caeterorum
1569 1598 1689 1631 errata
1715 1595 1959 1635 dissimulent:

197 1654 260 1688 sed
286 1654 367 1687 inde
395 1652 514 1687 acrius
541 1664 663 1686 eorum
691 1652 943 1686 auctoritatem
974 1651 1196 1696 deprimant“
1230 1653 1451 1695 (Institutum
1478 1651 1512 1685 S.
1533 1652 1565 1685 J.
1591 1651 1624 1684 ΙΙ
1650 1650 1836 1684 228-229
1863 1648 1961 1691 274).

317 1712 507 1747 Caeterum
545 1713 582 1746 S.
609 1713 829 1746 Franciscus
854 1713 1009 1754 Bor-mas
1043 1712 1113 1744 iam
1148 1722 1194 1744 m.
1221 1710 1415 1745 Novembri
1444 1711 1533 1745 1565
1568 1710 1668 1750 haec,
1703 1711 1846 1754 praeter
1880 1708 1961 1749 alia,

198 1766 215 1784 *
227 1766 455 1800 decreverat:
487 1764 605 1808 „Nihil
617 1764 631 1783 ¹³
651 1765 865 1799 defendatur
883 1765 941 1798 uel
960 1765 1140 1805 doceatur,
1167 1764 1260 1808 quod
1279 1764 1492 1798 aduersetur
1508 1763 1567 1797 uel
1585 1763 1742 1806 deroget,
1769 1762 1826 1796 uel
1844 1761 1962 1795 minus

197 1819 280 1853 fidei
312 1820 446 1859 faueat,
482 1823 558 1852 tam
593 1819 629 1852 in
663 1817 888 1863 philosophia
924 1829 1031 1861 quam
1066 1818 1101 1851 in
1136 1817 1352 1860 theologiae.
1403 1816 1524 1851 Nihild
1551 1816 1764 1850 defendatur
1795 1815 1889 1859 quod
1915 1814 1963 1848 sit

199 1875 323 1907 contra
337 1872 519 1906 axiomata
533 1874 678 1917 recepta
692 1871 994 1916 philosophorum.
1012 1898 1018 1904 .
1033 1899 1039 1904 .
1055 1899 1060 1904 .
1080 1871 1188 1904 Nulla
1203 1870 1320 1915 opinio
1335 1870 1548 1904 defendatur
1563 1873 1686 1904 contra
1697 1869 1928 1903 Communem
1939 1874 1962 1909 θ,

198 1926 400 1960 inconsulto
426 1925 611 1970 superiore
648 1927 685 1959 et
709 1924 905 1970 praefecto.
954 1924 1063 1958 Nulla
1089 1936 1182 1958 noua
1208 1923 1325 1968 opinio
1360 1924 1394 1957 in
1422 1923 1648 1968 philosophia
1681 1925 1744 1956 aut
1768 1921 1962 1964 Theologia

199 1979 458 2018 introducatur,
495 1978 696 2012 inconsulto
733 1978 916 2022 superiore
953 1979 989 2012 et
1023 1977 1225 2022 praefecto“
1259 1977 1321 2019 (ex
1347 1976 1553 2022 apographo
1589 1976 1748 2010 eiusdem
1775 1975 1849 2009 fere
1875 1977 1963 2008 tem-

199 2033 306 2078 poris,
334 2033 426 2076 quod
454 2032 488 2065 in
516 2031 666 2074 collegio
693 2031 967 2075 ingolstadiensi
991 2031 1165 2075 scriptum
1191 2032 1257 2064 est.
1296 2031 1442 2074 Antiqu.
1462 2030 1611 2074 Ingolst.
1630 2030 1654 2064 f.
1675 2028 1756 2069 901’3
1784 2029 1829 2062 cf.
1854 2027 1961 2062 etiam

199 2086 289 2130 Epp.
316 2086 438 2119 Nadal
464 2084 513 2118 IV
538 2084 612 2128 50).

202 2239 358 2276 1503.
474 2238 691 2274 GANISIUS
730 2237 792 2274 P.
830 2236 1131 2274 NIGOLAO
1168 2235 1426 2273 LANOIO
1468 2236 1521 2273 S.
1549 2235 1603 2272 J.
1655 2236 1785 2271 rectori
1824 2235 1963 2279 collegii

390 2292 630 2338 oenipontani.
1178 2291 1369 2325 Monachio
1395 2291 1462 2325 sub
1488 2291 1544 2325 27.
1565 2289 1786 2335 Septembris
1815 2290 1916 2324 1567.

323 2376 377 2410 Ex
405 2375 528 2409 Lanoii
554 2373 790 2419 autographo.
842 2373 884 2408 G.
912 2372 977 2418 Ep.
996 2373 1083 2407 VIII
1110 2373 1134 2407 f.
1156 2373 1248 2407 197³.

321 2463 374 2496 De
399 2463 589 2504 defeccione
614 2462 679 2495 Fr.
706 2462 848 2504 Zuqerz‘.

325 2533 364 2566 P.
384 2533 556 2565 Nicolaus
574 2533 738 2564 Lanoins
763 2535 880 2564 rector
906 2531 1041 2574 colleyii
1067 2532 1298 2574 oene'pontani
1317 2532 1352 2565 S.
1373 2532 1568 2565 Francisco
1586 2531 1742 2574 Borqz'ae
1760 2531 1966 2572 praeposito

204 2587 366 2629 ρεπεναῖἰ
393 2586 583 2628 Oeniponte
609 2587 664 2617 30.
693 2585 906 2627 Septembris
934 2586 1026 2618 1567
1059 2585 1110 2617 ita
1145 2585 1267 2617 scribit
1305 2586 1346 2617 de
1371 2584 1586 2618 Balchasare
1611 2584 1749 2625 Zuqero
1777 2583 1825 2623 (v.
1851 2593 1964 2625 supra

202 2652 237 2682 p.
257 2641 344 2675 65):
382 2666 398 2683 υ
408 2639 500 2671 Proh
526 2639 628 2680 nefas
647 2664 654 2671 .
674 2639 748 2670 iam
773 2639 896 2671 scribit
930 2639 978 2670 ad
1011 2649 1064 2670 me
1089 2639 1128 2671 P.
1150 2639 1392 2671 Prouincialis
1417 2638 1461 2671 ab
1486 2641 1633 2681 viraque
1657 2637 1825 2679 reh'ffl‘one
1851 2635 1965 2669 catho-

204 2694 273 2725 lica
300 2694 445 2735 inquam
482 2696 511 2724 et
539 2696 659 2724 nostra
687 2692 850 2733 defecisse
885 2695 915 2724 et
948 2695 1099 2724 secutum
1128 2692 1304 2724 diabolica
1330 2692 1502 2733 Εᾶιιανιίζί
1526 2690 1655 2733 Anyle‘f
1672 2690 1872 2732 profectum
1898 2699 1967 2722 esse

205 2743 474 2787 Lauwinyamf‘

325 2827 521 2859 Sacclzinus
559 2825 602 2858 de
639 2824 775 2867 Zugero
810 2826 930 2859 notat:
974 2825 1173 2867 „incertum
1214 2836 1257 2858 an
1294 2824 1351 2858 hic
1388 2836 1528 2868 quoque
1564 2823 1791 2858 simulatione
1825 2835 1967 2868 semper

206 2878 336 2912 fuisset
361 2879 483 2918 vsus“,
519 2878 614 2912 sicut
639 2889 726 2911 usus
753 2880 831 2911 erat
858 2878 1046 2912 Eduardus
1073 2877 1202 2919 Thom,
1245 2890 1310 2920 „an
1337 2878 1380 2911 ab
1406 2877 1583 2919 Eduardo,
1621 2877 1699 2911 siue
1725 2877 1866 2911 aliunde
1893 2888 1965 2910 cor-

206 2934 352 2976 ruptus:
389 2932 448 2975 qui
475 2934 596 2965 tamen
623 2931 721 2972 duro,
757 2934 866 2974 atque
893 2931 1113 2965 intractabili
1152 2932 1295 2974 ingenio
1321 2930 1409 2964 nihil
1436 2931 1478 2964 de
1504 2942 1543 2965 se
1569 2941 1727 2974 vnquam
1752 2929 1865 2964 bonae
1890 2930 1967 2974 spei

206 2984 439 3029 praebuerat“
472 2984 649 3027 (Historia
676 2983 709 3017 S.
729 2984 760 3018 J.
788 2984 850 3024 ΙΙΙ,
876 2983 898 3018 l.
927 2984 958 3024 3,
985 2995 1017 3018 n.
1041 2984 1135 3027 128).

326 3082 354 3113 a)
376 3082 514 3112 Sequitur
534 3080 634 3112 rebus,
654 3082 743 3106 oblim.
809 3080 838 3111 b)
859 3081 958 3107 Nichil
978 3090 1025 3113 ap.
1091 3084 1115 3110 c)
1138 3074 1273 3113 thelogia
1293 3091 1340 3113 ap.
1406 3080 1437 3114 d)
1457 3080 1556 3106 Nichil
1575 3089 1622 3112 (ep.
1688 3082 1715 3112 e)
1737 3081 1899 3106 Comunem
1919 3089 1966 3112 ap.

208 3125 236 3155 f)
257 3124 378 3148 Videtur
397 3124 438 3147 ita
459 3123 653 3154 supplendum
674 3130 751 3147 esse:
771 3123 909 3155 exempla
931 3124 990 3147 rel:
1009 3123 1149 3155 vestigia.
