2044 3335
121 90 206 132 428
698 85 798 120 1727.
828 84 992 118 canisius
1019 83 1209 119 Guilielmo
1240 82 1314 126 (V.)

119 205 281 258 cipulos
315 205 366 246 de
398 204 562 258 pietate
585 201 806 244 Catholica
832 201 999 243 utiliter
1030 199 1187 242 instrui
1219 203 1351 252 atque
1385 199 1619 241 admoneri.
1663 199 1757 252 Ego
1781 213 1883 241 uero

119 270 327 312 hactenus
368 282 436 310 me
476 268 662 309 libenter
703 265 960 320 compressi,
1007 267 1055 306 ut
1090 264 1331 307 istiusmodi
1373 264 1739 306 obtrectatoribus
1780 264 1884 305 nihil

117 334 434 388 responderem,
461 346 595 384 eoque
618 331 788 373 silentio
812 345 880 373 me
903 330 1172 384 sapientibus
1199 329 1578 383 comprobaturum
1602 343 1741 383 spero,
1771 328 1883 382 quod

117 398 367 452 Apostolico
411 397 563 438 canoni
604 396 761 438 faciam
803 396 922 438 satis.
987 394 1101 436 Nam
1135 394 1392 447 aequissime
1425 393 1542 436 canit
1573 393 1678 435 illud
1714 394 1884 443 Paulus,

120 461 629 504 REDIMENTES
671 464 907 514 tempus,
957 459 1211 513 quoniam
1254 458 1372 501 dies
1414 458 1543 500 mali
1584 460 1765 500 sunt1:
1815 459 1886 511 qui

118 530 347 582 praeterea
379 526 686 568 Ecclesiastico
720 526 885 567 doctori
917 526 1027 567 hanc
1061 525 1200 577 legem
1233 523 1552 578 sapientissime
1583 523 1696 574 tulit,
1736 523 1886 565 SER-

120 592 264 633 VVM
298 592 394 634 Dei
427 606 529 633 non
563 594 788 644 oportet
821 590 1101 643 litigare2.
1162 589 1296 643 Atqui
1328 603 1471 630 rerum
1505 588 1691 629 omniurn
1725 587 1886 642 pretio-

120 657 334 698 sissimum
368 659 538 710 tempus
571 657 719 709 utique
753 670 836 697 non
860 655 1129 705 redimerem,
1163 655 1248 695 imo
1281 667 1385 695 uero
1419 653 1655 707 perderem,
1690 653 1726 694 si
1758 652 1887 694 horas

119 723 161 763 in
195 722 461 777 depellendis
482 721 664 764 istorum
689 721 997 763 oblatrantium
1022 720 1258 773 calumnijs‚
1294 722 1337 761 et
1363 719 1406 760 in
1440 718 1568 760 meris
1600 731 1730 772 saepe
1761 717 1888 770 nugis

120 787 367 829 refellendis
409 787 678 829 collocarem.
743 786 782 828 A
824 785 971 828 litibus
1012 799 1115 826 uero
1158 788 1201 826 et
1243 783 1600 826 altercationibus
1641 786 1889 836 temperare

119 852 197 894 sibi
240 852 313 894 uix
354 853 514 906 possit,
557 852 628 905 qui
671 851 724 893 ad
767 850 1122 893 contumeliosum
1165 852 1209 891 et
1250 849 1464 902 tragicum
1505 848 1585 890 hoc
1627 848 1887 902 scriptorum

120 931 270 970 genus,
304 918 417 970 quod
450 917 511 959 ita
543 916 666 958 nouis
698 917 979 970 plaerumque
1013 915 1173 965 litibus,
1207 914 1318 957 sicut
1352 913 1634 956 Salamandra
1666 912 1778 965 igne,
1812 926 1889 966 pa-

119 983 295 1031 scitur3‚
339 983 445 1024 uelit
478 982 751 1031 descendere,
798 995 848 1023 ac
893 981 1092 1022 stultis
1133 980 1350 1022 interdum
1396 979 1693 1021 secundum
1739 991 1888 1019 suam

121 1047 431 1090 stultitiam
477 1047 862 1100 respondere4.
926 1045 1107 1088 Accedit
1152 1045 1264 1097 quod
1311 1045 1355 1086 in
1396 1043 1569 1098 scriptis
1610 1042 1887 1096 aduersarijs‚

123 1127 233 1166 quae
265 1113 382 1166 uulgi
416 1114 586 1154 tantum
613 1111 767 1153 iudicio
791 1111 1089 1165 subijciuntur,
1124 1110 1227 1152 nihil
1262 1110 1569 1164 propemodum
1603 1108 1764 1150 adferri
1797 1122 1890 1149 cer-

122 1192 234 1227 nam,
268 1178 310 1219 in
345 1192 427 1230 quo
461 1177 599 1230 magis
632 1177 701 1218 hic
733 1176 854 1227 liber,
889 1190 1015 1230 quam
1050 1176 1203 1229 reliqui
1231 1189 1256 1217 a
1278 1174 1511 1217 Catholicis
1543 1174 1754 1215 hactenus
1786 1172 1891 1214 editi

122 1242 394 1293 Catechismi,
437 1242 658 1285 incusetur
700 1245 831 1295 atque
873 1241 1238 1296 reprehendatur:
1281 1243 1328 1283 ut
1370 1242 1602 1294 propterea
1633 1253 1718 1280 non
1750 1237 1891 1291 magis

121 1308 246 1349 unius
279 1322 405 1360 quam
429 1308 563 1350 totius
586 1307 809 1348 Ecclesiae
833 1320 1007 1348 causam
1032 1319 1280 1348 communes
1302 1305 1363 1346 illi
1386 1304 1619 1357 infestique
1642 1302 1891 1345 Catholicae

121 1373 345 1426 religionis
391 1373 552 1414 inimici
599 1373 855 1426 impugnare
903 1371 1144 1414 uideantur.
1218 1371 1395 1412 Adhaec
1443 1370 1558 1411 omni
1605 1367 1893 1422 respondendi

122 1439 271 1480 labore
312 1452 379 1480 me
414 1439 497 1480 iam
535 1439 750 1487 leuarunt,
795 1437 959 1491 opinor,
1004 1437 1292 1486 Colonienses,
1335 1435 1407 1489 qui
1439 1448 1576 1489 nuper
1607 1433 1835 1476 admodum
1870 1447 1893 1475 e

122 1503 439 1558 probatissimis
484 1503 724 1556 quibusque
769 1502 971 1545 Patribus
1015 1501 1267 1544 testimonia
1310 1500 1602 1553 collegerunt,
1652 1502 1695 1541 et
1738 1499 1892 1540 horum

124 1567 361 1610 autoritate
394 1570 525 1621 atque
558 1581 770 1611 consensu
803 1569 942 1609 totum
976 1567 1056 1609 hoc
1089 1580 1194 1620 opus
1228 1566 1335 1607 adeo
1376 1565 1665 1615 illustrarunt,
1709 1563 1813 1605 nihil
1846 1566 1895 1605 ut

124 1647 229 1675 sane
270 1633 324 1674 ad
367 1633 705 1675 confirmandam
737 1632 834 1674 libri
869 1632 1109 1674 doctrinam
1142 1631 1285 1685 aptius
1323 1630 1496 1680 adferri,
1541 1632 1673 1682 atque
1707 1628 1761 1670 ad
1793 1642 1892 1682 pro-

124 1698 359 1752 fligandam
393 1698 520 1740 simul
553 1697 942 1740 contradicentium
975 1696 1216 1739 uanitatem
1256 1695 1509 1750 oportunius
1542 1693 1783 1747 excogitari
1816 1707 1892 1747 po-

124 1764 261 1807 tuisse
293 1763 534 1806 uideatur5.
589 1762 680 1812 Qua
712 1763 755 1804 in
782 1777 829 1804 re
861 1763 1011 1805 utilem
1045 1762 1343 1813 sauciamque
1366 1775 1391 1802 a
1414 1760 1561 1802 multis
1594 1758 1893 1813 praedicatam

127 1842 302 1882 operam
326 1828 505 1870 nauauit
528 1828 682 1870 Petrus
705 1828 915 1878 Busaeus,
949 1827 1021 1880 qui
1054 1841 1131 1881 pro
1165 1840 1242 1868 sua
1269 1824 1479 1879 singulari
1511 1823 1752 1867 eruditione
1784 1823 1894 1865 assi-

127 1894 295 1946 duoque
327 1893 468 1935 studio
503 1907 651 1935 omnes
683 1892 941 1935 Catechismi
976 1895 1125 1946 partes
1157 1905 1212 1933 ex
1245 1890 1493 1932 ueneranda
1523 1889 1599 1931 illa
1632 1888 1895 1941 antiquitate

127 1958 188 2000 sic
221 1958 451 2000 exornauit
484 1961 615 2010 atque
648 1958 940 2006 communiuit,
974 1960 1023 2000 ut
1056 1957 1108 1998 de
1140 1956 1273 1998 diuini
1299 1955 1419 1998 uerbi
1443 1953 1818 1997 concionatoribus
1851 1956 1895 1996 et

128 2024 179 2065 de
212 2023 482 2073 Catechistis,
526 2023 810 2076 omnibusque
842 2023 1112 2065 Christianae
1148 2021 1327 2076 pietatis
1360 2023 1405 2063 et
1437 2019 1658 2062 doctrinae
1691 2018 1895 2061 studiosis

125 2089 368 2131 hominibus
401 2088 561 2142 optime
594 2089 773 2130 meritus
806 2102 901 2130 esse
934 2087 1219 2130 existimetur.
1263 2086 1416 2139 Neque
1442 2099 1545 2127 uero
1568 2085 1732 2138 ignom,
1767 2084 1894 2126 Cate-

127 2154 335 2195 chismum
377 2156 531 2196 extare
573 2154 828 2203 Romanum,
878 2167 978 2194 rara
1020 2166 1123 2194 uero
1166 2151 1335 2204 quidem
1378 2151 1498 2192 illum
1540 2149 1779 2192 eruditione
1826 2162 1894 2190 re-

126 2219 300 2269 fertum,
344 2232 394 2260 ac
436 2218 734 2271 dignissimum
776 2218 917 2272 plane,
961 2217 1030 2271 qui
1064 2232 1148 2259 non
1182 2217 1319 2258 solum
1353 2229 1458 2270 prae
1490 2214 1666 2268 reliquis
1699 2214 1895 2256 omnibus

250 2338 258 2356 ¹
286 2336 364 2380 Eph
391 2337 421 2376 5,
444 2336 505 2375 16;
533 2335 579 2370 cf.
600 2335 662 2370 Col
687 2335 719 2376 4,
746 2336 778 2369 5.
925 2336 937 2355 ‘2
964 2335 984 2369 2
1002 2334 1081 2368 Tim
1109 2334 1140 2375 2,
1166 2335 1223 2368 24.

248 2390 260 2409 3
287 2387 366 2433 „Vl-rc
392 2387 605 2434 δ’ἐνὸέχεται
628 2389 678 2433 μὴ
699 2390 852 2422 κάεσθαι
874 2390 1058 2426 συστάσεις
1075 2388 1168 2425 τινὰς
1188 2385 1296 2431 ζῴων,
1324 2388 1344 2430 ἡ
1365 2386 1598 2430 σαλαμάνδρα
1623 2387 1715 2418 ποιεῖ
1729 2384 1894 2428 φανερόν

129 2443 216 2486 αὕτη
245 2444 323 2487 γὰρ,
356 2444 404 2481 ὡς
429 2443 527 2486 φασὶ,
562 2443 619 2475 διὰ
646 2443 755 2486 πυρὸς
778 2443 977 2483 βαδίζουσα
1004 2441 1251 2483 καταφὲέννυσι
1278 2441 1317 2473 τὸ
1344 2438 1457 2484 πῦρ“.·
1488 2438 1704 2481 Aristoteles7
1737 2436 1790 2471 De
1822 2437 1894 2470 ani-

128 2496 282 2530 malibus
307 2496 480 2530 historiae
506 2495 530 2530 1.
557 2496 589 2536 5,
617 2507 645 2529 c.
665 2496 721 2536 20,
748 2507 781 2529 n.
805 2496 857 2530 13.
897 2495 1023 2536 „Multi
1050 2495 1205 2533 autem“,
1232 2493 1349 2538 inquit
1375 2493 1415 2527 B.
1435 2494 1602 2526 Alhertus
1627 2491 1790 2534 Maqnus,
1821 2501 1894 2532 „se-

130 2552 281 2592 quentes
308 2550 431 2584 lox-ach
458 2548 727 2593 Philosophum,
754 2548 878 2582 dicunt
905 2549 997 2592 quod
1024 2548 1090 2582 hoc
1117 2547 1249 2581 animal
1277 2546 1369 2580 vivit
1394 2547 1430 2580 in
1456 2546 1558 2588 igne:
1595 2546 1632 2577 et
1656 2544 1722 2577 hoc
1749 2546 1804 2577 est
1828 2543 1894 2577 fal-

130 2614 207 2635 sum
234 2602 302 2636 nisi
328 2614 391 2647 pro
416 2603 538 2636 tanto“
569 2604 636 2637 etc,
666 2601 735 2645 (De
761 2602 977 2636 animalibus
1004 2601 1026 2635 l.
1046 2602 1101 2642 25,
1128 2613 1162 2635 n.
1181 2601 1256 2642 47).
1296 2599 1445 2634 Saeculo
1472 2609 1612 2642 quoque
1630 2596 1725 2631 XVI.
1747 2597 1896 2640 vigebat

130 2655 251 2688 fabula
270 2655 525 2689 Salamandrae
551 2655 696 2699 ignibus
722 2656 916 2689 vescentis.
947 2655 982 2696 „1
1009 2655 1103 2689 have
1129 2653 1349 2688 maintained
1374 2652 1455 2686 that
1481 2650 1707 2685 salamander
1733 2650 1772 2683 of
1785 2660 1895 2694 yours

129 2709 214 2741 with
253 2709 316 2742 fire
355 2720 425 2752 any
463 2709 567 2742 time“
599 2711 685 2743 eto:
728 2710 776 2742 W.
805 2709 1057 2751 Slaczkespeare,
1095 2707 1192 2749 King
1228 2706 1351 2751 Hem-y
1377 2705 1437 2739 IV.
1475 2705 1514 2738 P.
1544 2705 1573 2745 1,
1613 2704 1692 2737 Aet.
1720 2704 1751 2743 3,
1790 2703 1846 2737 Sc.
1873 2703 1893 2736 3

131 2761 292 2803 (kas,
320 2762 373 2794 ed.
402 2763 460 2795 ΑΖ.
488 2763 582 2805 Dyce
608 2762 684 2802 1V⁴,
713 2762 858 2795 London
887 2762 987 2803 1851,
1016 2761 1115 2799 263).
1167 2760 1275 2793 Plura
1314 2760 1349 2793 in
1377 2759 1475 2803 „The
1500 2757 1786 2801 Encyclopaedia
1812 2757 1895 2790 Bri-

129 2812 297 2847 tannica“
326 2813 436 2854 KRP,
464 2814 671 2857 Edinburgh
702 2815 802 2855 1886,
830 2814 909 2853 205,
937 2818 973 2848 et
999 2816 1035 2848 J.
1064 2815 1101 2847 V.
1132 2815 1248 2847 Carus
1276 2824 1307 2846 ιι.
1335 2814 1385 2845 W.
1412 2812 1646 2855 Enyelmann,
1673 2807 1895 2843 Bibliotheca

131 2866 318 2909 Zoologica
344 2867 387 2907 II,
415 2867 561 2911 Leipzig
591 2868 690 2907 1861,
721 2867 964 2902 1076—1078.

253 2922 265 2939 ⁴
293 2919 366 2952 Prv
393 2920 448 2959 26,
475 2921 507 2954 4.

251 2974 263 2991 ⁵
291 2971 390 3016 Opus
426 2972 513 3006 dicit
543 2973 832 3013 „Authoritatum
860 2973 990 3008 Sacrae
1017 2973 1224 3018 Scripturae
1260 2973 1296 3005 et
1322 2970 1534 3005 Sanctorum
1560 2969 1728 3003 Patrum“
1760 2969 1838 3007 etc„
1875 2978 1896 3000 a

132 3026 172 3112 1Ρ.
193 3024 300 3120 Peg?
326 3025 464 3059 Busaeo
492 3025 525 3059 S.
547 3026 579 3059 J.
607 3026 774 3060 Coloniae
804 3027 1037 3061 1569—1570
1064 3026 1218 3066 editum;
1245 3036 1278 3059 v.
1307 3035 1415 3068 supra
1441 3035 1473 3068 p.
1495 3022 1573 3064 323,
1611 3024 1646 3056 et
1672 3021 1776 3062 infra,
1802 3031 1895 3053 mon.

149 3079 202 3112 itt.
300 3079 324 3119 ).
