2044 3335
117 111 201 152 474
306 109 406 143 1747.
434 108 471 141 Ρ.
492 108 642 142 Ioannes
669 106 820 141 Rethius
847 106 882 141 S.
901 106 934 140 J.
963 107 1118 142 Canisio.
1161 106 1309 142 Colonia
1335 108 1391 143 30.
1411 109 1566 152 Augusti
1595 109 1696 144 1571.

117 224 224 269 gotijs
249 224 471 259 secularibus
498 234 561 257 seu
587 221 754 267 politicis.
804 222 971 266 Alioquin
998 225 1095 257 recte
1121 223 1238 257 fortea
1264 223 1421 258 officium
1448 224 1618 269 principis
1644 224 1788 266 facient,
1815 224 1878 259 sed

116 277 302 320 negligent
327 288 457 311 munus
483 275 669 320 Episcopi:
697 276 790 319 quod
816 277 937 309 tamen
964 276 1193 321 praecipuum
1222 278 1287 310 est.

237 331 256 363 5
296 330 331 364 Si
357 341 426 363 non
465 330 654 363 assumant
688 340 753 363 nec
778 328 814 362 in
841 328 970 369 aulam,
1004 340 1070 363 neo
1100 329 1144 363 ad
1170 329 1284 363 vllum
1310 329 1478 371 officium,
1514 330 1584 364 nisi
1611 330 1814 365 Catholicos
1842 332 1878 365 et

117 382 255 427 probos.
307 382 446 416 Etenim
483 393 564 415 cum
589 393 658 414 non
685 382 802 415 omnia
837 393 900 426 per
925 382 1063 426 seipsos
1090 381 1254 427 Episcopj
1282 382 1428 423 faciant,
1463 383 1493 417 si
1519 383 1692 417 officiales
1727 395 1791 418 seu
1816 383 1880 417 mi-

117 435 221 469 nistri
247 435 331 480 malj
359 434 504 476 fuerint,
531 436 665 478 quanta
690 434 786 468 mala
812 434 927 468 fient‘?

237 489 256 522 6
307 487 344 521 Si
371 487 576 522 ordinandis
610 499 696 521 non
724 487 820 521 cito
845 499 1007 522 manus
1034 489 1322 533 imponant¹t
1359 489 1422 523 sed
1448 489 1547 533 prius
1572 489 1662 523 bene
1689 489 1880 534 dispiciant

119 553 163 575 an
189 540 306 574 idonei
332 541 416 575 sint.

238 594 257 627 7
286 593 323 628 Si
345 593 588 628 Ecclesiarum
614 596 651 628 et
676 593 874 628 iuuentutis
900 593 1075 628 rationem
1100 593 1268 635 habeant,
1296 597 1336 628 vt
1362 605 1539 639 nusquam
1565 595 1681 629 idonei
1700 595 1880 638 Pastores,

118 646 287 687 Praelati,
315 646 598 688 Concionatores,
626 649 662 680 et
688 647 944 692 Ludimagistrj
972 647 1100 681 desint.

236 700 270 735 8.
306 700 343 735 Si
366 699 561 734 secundum
581 700 760 734 canonesb
786 700 878 734 serio
897 699 1077 734 celebrent
1095 699 1335 734 Dioecesanas
1354 700 1559 745 Synodos2:
1586 700 1713 745 hisque
1739 701 1883 746 ipsimet

120 753 286 798 Episcopi
312 753 491 787 intersint.

238 807 259 841 9
295 806 332 841 Si
357 807 481 841 crebro
507 818 571 851 per
596 806 744 851 seipsos,
777 809 840 841 aut
865 806 954 840 alios
976 806 1074 840 viros
1100 805 1303 851 prudentes,
1330 806 1476 848 zelosos,
1504 813 1566 841 ac²
1591 807 1684 841 tales
1711 807 1770 851 qui
1796 819 1883 842 non

122 870 239 903 quae
266 871 350 894 sua
376 861 488 893 sunt
514 863 768 904 quaerant,
799 860 878 893 sed
906 871 1023 903 quae
1050 860 1162 893 Jesu
1190 859 1412 905 Christj3,
1439 859 1629 894 Dioeceses
1655 860 1815 902 visitent,
1842 863 1883 895 vt

120 915 324 947 noscant
349 913 534 946 vultum
560 913 750 957 pecoris
777 913 884 958 suj4,
916 915 953 946 et
978 912 1109 956 quain
1136 923 1174 946 re
1201 924 1285 947 oues
1312 913 1498 947 Pastorisd
1525 925 1590 958 ope
1616 913 1812 957 indigeant.

242 966 285 1001 10
323 966 359 1000 Si
391 965 548 1000 habeant
586 966 917 1010 supernumerarios
952 965 1089 1009 aliquot
1116 966 1402 1006 Concionatores,
1438 966 1645 1007 eruditione,
1682 966 1768 1008 zelo,
1804 978 1883 1011 pru-

123 1019 252 1061 dentia,
289 1019 476 1060 charitate,
512 1030 631 1053 rerum
657 1018 907 1063 temporalium
944 1020 1163 1064 contemptu,
1199 1031 1242 1053 ac
1277 1019 1358 1064 alijs
1383 1019 1580 1054 virtutibus
1615 1019 1787 1062 insignes,
1823 1020 1884 1064 qui

120 1072 388 1117 proficiscentes
430 1084 493 1118 per
532 1071 745 1107 dioecesim²
782 1072 859 1106 loco
898 1072 1081 1117 Episcopi,
1124 1072 1287 1107 defectus
1325 1073 1572 1107 Praelatorum
1616 1075 1653 1106 et
1693 1072 1884 1107 Pastorum

122 1125 323 1171 suppleant.

242 1180 281 1213 11
324 1179 358 1213 Si
386 1180 471 1213 dent
496 1190 650 1224 operam,
690 1181 729 1213 vt
757 1179 881 1214 Clerus
908 1181 944 1213 et
969 1179 1123 1224 populus
1148 1191 1220 1213 vna
1246 1191 1327 1214 cum
1361 1179 1450 1224 ipsis
1475 1182 1622 1214 seruent
1647 1179 1791 1214 decreta
1809 1179 1885 1213 Tri-

124 1232 258 1277 dentinj
287 1232 465 1277 Concilijs.

244 1286 286 1320 12
325 1286 361 1321 Si
399 1285 566 1331 Episcopi
602 1285 676 1320 sint
710 1286 964 1320 Moeeenatesg
998 1286 1183 1320 doctorum
1218 1288 1253 1319 et
1287 1286 1425 1331 piorum
1459 1286 1652 1320 hominum.
1704 1285 1886 1330 Siquidem
1934 1295 1937 1298 ·

120 1339 347 1374 Mecoenates
382 1339 413 1373 si
439 1339 521 1381 sint,
556 1351 625 1374 non
661 1339 812 1373 deerunt
837 1339 955 1373 Flacci
981 1339 1184 1374 Marones?
1235 1339 1292 1374 Sic
1327 1351 1392 1374 nec
1430 1339 1478 1385 pij
1516 1340 1577 1374 eth
1604 1339 1699 1373 docti
1734 1339 1885 1373 deerunt

123 1392 336 1437 operarij
371 1392 417 1426 in
443 1392 610 1427 vineae
636 1392 778 1434 domini,
813 1393 845 1427 si
871 1392 1090 1427 liberalitate
1116 1392 1373 1437 Episcoporum
1399 1393 1442 1426 ad
1470 1392 1505 1426 id
1531 1392 1718 1437 praeclara
1742 1392 1887 1435 ingenia

125 1446 337 1480 excitentur.
432 1477 448 1492 l

244 1500 286 1534 13
326 1499 363 1534 Si
397 1499 584 1543 erigantur
618 1499 811 1533 seminaria
846 1499 982 1544 ampla,
1017 1498 1120 1533 iuxta
1156 1499 1338 1533 decretum
1375 1498 1515 1544 concilij
1555 1498 1788 1534 Tridentini⁷.
1841 1499 1888 1533 Jn

125 1552 255 1597 quibus
281 1553 418 1587 vtinam
444 1554 497 1587 tot
526 1553 669 1586 alantur
694 1552 806 1587 bonae
832 1552 909 1598 spei
944 1552 1102 1594 iuuenes,
1139 1555 1225 1596 quot
1251 1554 1335 1586 sunt
1361 1551 1558 1586 Parochiae
1594 1552 1629 1585 in
1656 1552 1886 1598 Episcopatu.

124 1606 268 1640 Habitis
294 1605 459 1640 fidelibus
485 1608 522 1639 et
546 1606 642 1651 aptis
668 1605 841 1651 operarijs
867 1606 945 1649 agri
972 1605 1148 1639 Dominici
1174 1605 1321 1639 meliora
1346 1606 1524 1650 speranda
1550 1605 1668 1639 forent
1679 1605 1697 1639 ῑ.

246 1659 299 1693 14.
336 1658 372 1693 Si
398 1659 569 1693 nobilium
596 1670 742 1693 suorum
760 1659 854 1693 filios
872 1658 1049 1693 catholice
1075 1661 1111 1693 et
1138 1659 1194 1704 pie
1213 1661 1339 1693 curent
1365 1659 1517 1700 institui,
1545 1670 1614 1702 quo
1640 1659 1785 1693 tandem
1810 1670 1889 1704 pos-

126 1712 199 1746 sint
225 1714 260 1746 et
286 1712 400 1746 velint
426 1711 609 1746 Ecclesiae
640 1712 821 1757 prodesse.

247 1766 288 1800 15
328 1765 364 1800 Si
391 1765 488 1800 vitas
514 1768 721 1800 sanctorum
748 1765 1005 1810 Episcoporum
1032 1777 1096 1810 per
1122 1765 1161 1800 P.
1189 1765 1421 1799 Laurentium
1448 1765 1591 1800 Surium
1618 1765 1789 1799 collectas
1815 1767 1889 1799 stu-

127 1819 224 1852 diose
250 1819 374 1861 legant
385 1819 408 1852 ⁸.
452 1819 737 1853 Considerabunt
761 1819 855 1853 forte
881 1818 1008 1863 quales
1034 1819 1118 1853 olim
1144 1819 1280 1853 fuerint
1306 1818 1482 1863 Episcopi,
1515 1819 1574 1863 qui
1603 1817 1801 1853 Germanos
1827 1819 1888 1852 etk

127 1874 253 1916 gentes
291 1872 399 1906 alias¹
439 1873 484 1907 ad
521 1872 627 1907 fidem
667 1872 912 1907 Christianam
950 1873 1211 1917 perduxerunt,
1251 1875 1286 1906 et
1324 1872 1535 1915 cogitabunt
1573 1872 1658 1916 quid
1696 1883 1734 1906 se
1769 1872 1889 1906 facere

125 1927 330 1970 oporteatm.

245 1992 273 2022 a)
295 1992 355 2016 Hoc
375 1999 399 2016 v.
418 1991 551 2022 suppleri
571 1999 606 2015 ex
626 1991 660 2015 B.
734 1989 764 2015 b>
786 1991 821 2015 In-
841 1992 866 2016 B
885 1994 1050 2022 sequuntur
1070 1999 1111 2015 vv.
1126 1989 1172 2015 bis
1192 1989 1222 2014 in
1242 1996 1332 2021 anno,
1351 1990 1441 2015 oblite.
1515 1991 1539 2019 c)
1561 1991 1605 2014 Ila
1627 1990 1692 2014 libr.
1708 1990 1738 2014 in
1758 1990 1784 2014 A
1805 1996 1840 2014 ez
1859 1989 1889 2014 et

126 2033 271 2063 correxit,-
291 2032 322 2057 et
342 2033 375 2057 B.
492 2031 522 2059 d)
543 2033 578 2056 In
599 2033 624 2056 A
646 2034 672 2057 B
690 2032 824 2063 sequitur
843 2032 907 2063 sui,·
927 2032 1001 2064 quod
1022 2035 1118 2057 tamen
1139 2033 1169 2056 in.
1190 2033 1214 2056 A
1235 2032 1432 2057 oblitteratum
1452 2034 1501 2056 est.
1622 2032 1649 2062 e)
1671 2029 1834 2056 diocoesim
1854 2031 1889 2055 B.

125 2074 154 2104 f)
177 2072 302 2105 Consilij
323 2076 356 2098 Α.
448 2073 478 2104 g)
498 2072 690 2098 Mecoenates
710 2074 745 2098 B.
830 2072 861 2105 h)
884 2074 930 2098 Ita
955 2074 987 2098 in
1006 2075 1032 2098 B
1052 2074 1118 2098 libr.
1139 2074 1267 2098 correxit
1286 2080 1322 2097 ez·
1342 2079 1404 2098 nee.
1489 2072 1509 2105 i)
1531 2074 1566 2097 In
1586 2074 1612 2097 Α
1634 2073 1693 2104 ipse
1714 2073 1836 2097 Rethius
1855 2079 1891 2096 ex

127 2116 216 2141 erunt
237 2117 277 2141 ica
297 2115 445 2147 cort-emim
471 2114 561 2139 erunt
580 2116 614 2140 B.
737 2114 768 2146 k)
790 2116 823 2139 In
845 2116 871 2139 A
890 2115 941 2139 hoc
963 2123 984 2139 v.
1011 2123 1104 2146 supra
1124 2122 1240 2139 versum
1259 2115 1401 2146 scriptum
1421 2117 1472 2139 est.
1593 2113 1614 2145 l)
1635 2113 1708 2139 alias
1728 2113 1835 2145 gentes
1855 2114 1889 2138 B.

128 2158 169 2189 m)
189 2158 225 2182 In
244 2159 270 2182 B
289 2158 340 2182 hoc
359 2157 416 2182 loco
436 2157 467 2181 in
486 2156 619 2188 maryine
640 2157 743 2181 addita
762 2159 829 2181 sunt
849 2157 935 2181 haec:
956 2155 986 2180 Si
1005 2155 1036 2180 in
1057 2155 1287 2181 difficultatibus
1308 2154 1346 2180 ad
1366 2162 1516 2181 summum
1536 2154 1714 2180 Pontificem
1729 2154 1840 2180 Christi
1860 2154 1890 2179 in

127 2198 218 2224 terris
238 2197 384 2223 vicarium
404 2196 580 2228 recurram&
599 2205 671 2229 quae
692 2200 787 2222 tamen
807 2197 921 2226 deinde,
941 2197 1018 2222 linea
1039 2197 1224 2227 transmissa,
1244 2197 1411 2222 oblitterata
1431 2200 1506 2221 sunt.

251 2295 259 2314 ¹
289 2294 303 2327 l
332 2293 412 2327 Tim
439 2293 471 2334 5,
498 2293 554 2326 22.

246 2347 259 2366 2
290 2346 443 2391 „Synodi
469 2346 701 2380 dioecesanae
728 2345 918 2389 quotannis
945 2345 1211 2379 celeb1·entui·“:
1241 2344 1438 2379 Concilium
1458 2345 1705 2378 Tridentinmn
1724 2355 1813 2378 sess.
1833 2344 1890 2384 24,

129 2401 170 2435 de
195 2400 260 2435 ref.
289 2412 317 2434 c.
346 2401 377 2434 2.
421 2400 517 2434 Idem
545 2411 576 2434 a.
598 2399 688 2433 1215
716 2401 948 2444 praeceperat
969 2398 1165 2433 Concilium
1193 2397 1435 2432 Lateranense
1462 2399 1639 2442 quartum.
1682 2398 1793 2431 Immo
1820 2397 1890 2430 iam

130 2453 312 2498 complura
339 2465 383 2487 ex
410 2453 570 2487 conciliis
597 2452 767 2496 antiquis,
793 2454 834 2486 ut
859 2451 1142 2486 antisiodorense
1170 2451 1365 2494 (Auxerre)
1395 2451 1479 2485 anni
1505 2451 1573 2485 585
1603 2450 1648 2494 (c.
1676 2451 1712 2493 7)
1742 2451 1778 2484 et
1802 2449 1889 2483 tole-

128 2510 251 2541 tanum
287 2506 369 2540 anni
397 2506 465 2540 693
506 2506 551 2550 (c.
580 2506 616 2549 7)
644 2505 916 2547 constituerant,
954 2506 995 2538 ut
1030 2504 1214 2538 minimum
1250 2503 1361 2538 semel
1398 2503 1552 2547 singulis
1591 2503 1693 2537 annis
1731 2502 1890 2548 synodus

130 2560 340 2594 dioecesana
366 2559 569 2594 haberetur.
610 2558 663 2593 Cf.
682 2560 909 2592 Benede’ctum
927 2559 1043 2601 XIV„
1071 2557 1122 2591 De
1149 2558 1285 2602 synodo
1312 2557 1522 2591 dioecesana
1549 2556 1571 2591 l.
1593 2557 1622 2598 1,
1650 2568 1679 2591 c.
1699 2557 1731 2597 6,
1757 2568 1790 2590 n.
1810 2556 1830 2590 2
1857 2557 1888 2597 3,

131 2618 166 2647 et
190 2615 226 2647 J.
254 2614 392 2657 Foryet,
430 2612 604 2653 Conciles,
643 2611 679 2646 in
709 2611 974 2654 „Dictionnaire
1010 2612 1053 2645 de
1079 2610 1273 2655 Theologie
1299 2610 1523 2654 cathohque‘
1554 2610 1615 2651 ΙΙΙ,
1655 2609 1759 2643 Paris
1787 2608 1888 2650 1908,

249 2720 260 2738 ³
287 2718 369 2752 Phil
394 2719 425 2759 2,
453 2718 508 2752 21.
563 2719 578 2752 1
609 2717 676 2751 Cor
705 2717 758 2759 13,
787 2718 818 2752 5.
964 2720 976 2738 ⁴
1005 2717 1079 2751 Prv
1105 2717 1160 2759 27,
1187 2717 1243 2751 23.

249 2773 261 2790 ⁵
292 2772 390 2813 „Sint
416 2772 655 2812 Maecenates,
690 2783 760 2805 non
792 2771 952 2812 deerunt,
987 2771 1126 2811 Flacce,
1162 2771 1372 2804 Marones“:
1401 2771 1449 2804 M.
1477 2770 1551 2803 Val.
1580 2769 1774 2812 Martialis,
1810 2767 1890 2813 Epi-

131 2827 354 2867 grammaton
381 2823 403 2857 l.
431 2824 462 2865 8,
490 2836 523 2858 n.
551 2825 606 2864 56,
632 2836 666 2858 v.
695 2825 726 2859 5.

250 2878 263 2896 ⁶
289 2876 343 2910 Mt
369 2877 424 2917 20,
454 2878 488 2916 1;
516 2878 561 2911 cf.
588 2878 643 2911 Mt
671 2877 724 2918 10,
753 2878 815 2918 10;
843 2877 891 2911 Lc
921 2877 973 2918 10,
1001 2877 1040 2918 2;
1071 2876 1187 2911 1Tim
1214 2877 1244 2917 5,
1275 2875 1316 2910 18
1344 2878 1411 2909 etc.

251 2930 262 2949 7
289 2929 383 2963 Sess.
406 2929 460 2971 23,
489 2930 531 2963 de
556 2931 622 2964 ref.
649 2942 678 2964 c.
701 2930 753 2964 18.

251 2982 264 3001 Β
288 2981 384 3015 Editi
410 2982 479 3015 iam
508 2985 611 3016 erant
629 2982 796 3017 Coloniae
823 2995 853 3017 a.
872 2983 962 3017 1570
989 2985 1025 3017 et
1046 2983 1132 3017 1571
1164 2993 1183 3015 a
1210 2981 1249 3016 P.
1264 2981 1457 3015 Laurentio
1476 2980 1578 3014 Surio
1597 2980 1638 3014 O.
1659 2979 1754 3014 Cart.
1773 2979 1890 3024 operis

135 3034 206 3077 „De
225 3034 384 3079 probatis
402 3034 613 3069 Sanctorum
632 3035 822 3070 Historiis“
845 3036 931 3070 tomi
953 3037 968 3070 1
990 3038 1026 3069 et
1044 3036 1075 3076 2,
1096 3036 1229 3081 primos
1247 3035 1269 3068 4
1287 3034 1370 3069 anni
1388 3045 1531 3068 menses
1549 3032 1891 3078 comprehendentes

134 3087 369 3130 (Hartzheim,
397 3086 488 3121 Bibl.
515 3087 588 3121 Col.
617 3088 712 3131 221).
