2044 3335
325 78 427 112 1525.
455 75 621 111 canisius
648 75 681 110 S.
701 75 893 110 Francisco
919 74 1085 118 Borgiae.
1134 70 1324 106 Monachio
1352 69 1383 104 S.
1402 69 1493 103 Nov.
1517 69 1617 103 1567.
1784 71 1863 111 111

94 197 241 231 Jacomo
268 195 379 237 Rabo,
415 194 624 228 haueriamo
660 204 743 227 caro
778 193 867 227 fossi
899 191 1177 227 raccomandato
1213 191 1234 224 a
1259 188 1302 223 V.
1330 188 1371 222 R.
1409 198 1509 222 come
1545 185 1659 220 anche
1694 186 1729 220 al
1755 186 1872 220 Padre

94 248 238 283 Canisio
257 248 483 282 Prouinciale
509 247 545 280 in
572 246 692 290 quello
720 246 784 280 che
812 246 1028 280 bonamente
1054 244 1086 279 si
1111 245 1215 289 potra
1241 243 1298 276 far
1323 253 1388 286 per
1414 240 1485 275 lui“
1518 239 1580 284 (ex
1607 250 1732 284 apogr.
1760 239 1872 274 eiusd.

94 304 224 347 temp.;
262 301 382 336 Germ.
410 301 453 335 67
481 300 506 335 f.
535 299 627 343 78¹2).
679 300 871 343 Philippus
896 299 1096 333 Eduardus
1122 298 1265 340 cmyyer
1292 294 1435 338 collegii
1463 293 1661 337 germanici
1688 292 1875 327 convictor

96 356 132 389 in
158 354 487 400 *Ephemeridibus
514 352 598 387 anni
627 353 717 387 1567
745 353 788 386 de
814 352 891 397 ipso
919 354 955 386 et
982 352 1024 386 de
1050 351 1112 385 Dr.
1141 350 1273 383 Ioanne
1299 348 1432 382 Pfister
1466 347 1637 382 canonico
1663 345 1875 389 frisingensi

98 409 149 452 (v.
171 409 258 443 Can.
287 407 337 441 IV
355 408 443 448 619;
472 406 504 440 V
520 407 603 450 392)
631 407 795 441 notavit:
825 406 977 448 „Martio
1004 405 1047 439 27
1076 404 1129 438 Ist
1155 403 1218 436 der
1244 401 1368 436 Rabus
1394 412 1486 435 vons
1512 400 1645 434 Pfister
1670 399 1875 442 belaittung

96 462 212 496 vnndt
238 462 300 496 der
319 461 427 495 Lucio
452 460 562 494 wider
588 471 658 504 gen
676 460 765 493 Rom
791 459 960 494 kommen
1059 458 1170 492 Aosto
1197 456 1241 490 24
1339 455 1386 489 Jn
1413 456 1543 499 questo
1570 456 1690 498 tempo
1717 452 1874 487 anchora

97 515 128 549 si
153 514 248 560 parti
274 514 374 549 Rabo
478 525 541 559 per
568 513 802 556 Alleinagna“
836 512 898 556 (ex
924 514 1086 555 autogr.;
1116 509 1202 544 Cod.
1228 508 1372 543 vindob.
1403 508 1536 551 „7447“
1567 507 1593 542 f.
1620 506 1682 542 29¹³
1711 505 1802 550 30¹³).

219 578 386 614 Canisius
411 579 565 623 Borgiae
591 577 778 623 respondit
804 578 836 612 9.
865 580 900 611 et
929 577 982 611 11.
1010 574 1220 610 Decembris
1249 574 1351 608 1567.

99 695 250 733 1525.
350 694 567 730 CANISIUS
600 692 868 730 SANCTO
897 688 1288 728 FRANGISGO
1317 687 1637 725 BORGIAE
1673 686 1878 733 praeposito

289 750 450 794 generali
477 749 669 784 Societatis
695 748 789 782 Iesu.
845 746 1090 792 (Epistula
1116 744 1278 791 prior.)

1212 797 1403 832 Monachio
1430 796 1462 831 8.
1482 795 1699 830 Novembris
1727 793 1830 829 1567.

221 868 276 902 Ex
303 867 499 913 archetypo
528 867 601 911 (20;
627 867 650 900 4
676 866 764 911 pp.),
792 865 912 900 Germ.
935 865 1001 899 183
1027 876 1061 898 n.
1081 863 1150 898 216
1180 863 1219 906 (f.
1247 862 1315 897 401
1341 861 1440 905 402).
1487 860 1654 894 Canisius
1680 870 1746 893 sua
1772 869 1881 892 manu

101 921 243 955 litteras
261 921 476 966 subscripsit
497 920 576 966 („P.
588 920 650 954 T.“
669 919 767 963 ete).
796 919 945 953 Litteris
963 929 1051 952 usus
1071 919 1127 951 est
1142 917 1351 959 Saccln'mcs,
1370 915 1467 949 Hist.
1483 914 1518 948 S.
1533 914 1565 948 J.
1581 913 1643 954 III,
1661 913 1684 948 1.
1701 913 1732 954 3,
1750 924 1785 947 11.
1803 912 1881 946 129.

227 993 395 1026 Can-isius
420 993 462 1026 de
487 993 623 1036 neyotio
650 991 789 1025 halensi
815 1002 893 1024 cum
919 991 1056 1033 reytnis
1082 993 1180 1033 aye&
1206 988 1334 1032 quibus
1360 987 1450 1020 dicos
1475 985 1715 1028 confessarios
1741 984 1885 1017 conceda·

104 1047 298 1090 oportebit;
323 1047 551 1089 caeteroquin
579 1046 764 1078 Soeietatis
790 1046 877 1087 Iessos
901 1043 1098 1077 servandae
1124 1046 1217 1075 sunt.
1262 1042 1459 1084 Apostatae
1484 1040 1541 1072 ille?
1566 1039 1666 1071 haud
1690 1037 1799 1080 facile
1819 1047 1884 1080 po-

102 1104 222 1133 terunt
247 1100 507 1143 comprehendi.
550 1100 731 1141 Professio
757 1099 840 1140 fidei
865 1098 963 1140 facta
991 1101 1049 1130 est.
1100 1096 1166 1129 Fr.
1195 1095 1384 1129 Miclconis.
1436 1094 1474 1127 P.
1502 1093 1692 1126 Kleselius.
1737 1092 1883 1124 Dotatz'o

103 1153 379 1196 herbipolensis;
405 1155 565 1196 episcopo
591 1153 687 1185 alins
713 1153 818 1185 detur
844 1153 1078 1184 concionator.
1132 1150 1273 1183 Studiis
1298 1148 1458 1189 arcendi,
1486 1148 1549 1190 qui
1574 1146 1817 1179 immodestius
1843 1155 1884 1177 ece.

104 1211 241 1250 Ἰιιῡῃεηιΐ.
278 1208 445 1241 Minister
471 1210 501 1240 et
526 1218 649 1250 reyens
674 1206 866 1248 dillnyaml
906 1205 1071 1238 Rectores
1097 1203 1360 1245 oenipontanus
1386 1205 1415 1234 et
1441 1200 1739 1243 ingolstadiensis.
1784 1199 1883 1232 Octa-

105 1262 233 1293 smnus
266 1260 454 1303 Fuyyerus
492 1261 540 1293 ad
577 1261 684 1292 vitam
723 1259 991 1292 ecclesiasticam
1029 1268 1064 1290 se
1095 1267 1237 1300 parare
1275 1255 1380 1288 debet.
1437 1254 1618 1288 Noricius.
1673 1252 1884 1285 Ccctechismz·

105 1315 263 1347 Romani
292 1316 404 1347 versio
430 1314 530 1347 valde
556 1324 704 1357 operosa
730 1317 787 1346 est.
842 1312 1002 1345 Censura
1031 1312 1067 1343 in
1094 1310 1226 1343 librum
1254 1309 1291 1342 P.
1318 1309 1519 1348 Turricmi;
1554 1307 1611 1339 hic
1646 1306 1764 1339 dehiscit
1794 1315 1882 1338 com-

105 1378 228 1401 munes
261 1369 452 1401 sententias
486 1368 585 1411 sequi
619 1372 649 1400 et
678 1367 897 1400 moderatius
922 1365 1086 1398 scribere.
1143 1363 1294 1396 Carmen
1318 1372 1387 1405 pro
1416 1362 1611 1402 Societate;
1644 1360 1731 1393 libri
1757 1363 1882 1392 contra

107 1433 194 1455 eam.
248 1421 519 1455 Contionatores
545 1425 767 1465 αιιρτιεέαητιε
793 1424 823 1452 et
849 1420 926 1452 cclii.

323 1505 495 1547 ι11103113.
560 1505 655 1547 Pax
687 1502 847 1545 Christi
880 1501 1111 1544 admodum
1145 1498 1402 1542 Reuerende
1435 1498 1581 1540 Pater.

228 1580 391 1635 Accepi
423 1581 607 1623 multum
640 1580 797 1633 diuque
830 1579 1102 1621 desideratas
1129 1576 1282 1619 literas
1306 1576 1352 1619 P.
1377 1575 1567 1617 Vestrae
1590 1588 1700 1627 quae
1723 1571 1884 1627 partim

112 1647 167 1689 20
201 1649 246 1689 et
279 1649 363 1689 23³
395 1646 677 1701 Septembris,
712 1645 871 1700 partim
909 1647 961 1686 12
987 1643 1191 1686 Octobris
1225 1643 1355 1685 datae
1387 1641 1578 1683 fuerunt.
1633 1640 1697 1681 Ac
1730 1637 1886 1693 priori-

111 1713 190 1753 bus
224 1712 395 1766 quidem
431 1713 483 1754 de
505 1712 688 1754 Halensi
721 1710 898 1765 negotio
933 1724 1028 1752 cum
1052 1707 1265 1762 Reginisl
1299 1706 1563 1749 conficiendo
1595 1705 1885 1748 tractabatur.

112 1777 210 1820 Erit
264 1777 367 1819 mihi
421 1792 573 1828 curae,
628 1781 677 1820 ut
729 1777 887 1818 blande
941 1774 1117 1829 scriptis
1171 1774 1226 1816 ad
1275 1773 1450 1815 easdem
1499 1771 1692 1824 Reginas
1747 1768 1887 1812 literis

113 1843 159 1887 P.
185 1843 372 1886 Vestrae
404 1844 667 1886 sententiam
701 1843 950 1885 confirmem
985 1844 1117 1894 atque
1151 1839 1382 1882 defendam
1416 1851 1581 1891 nosque
1604 1837 1782 1879 liberem
1805 1834 1887 1876 hoc

114 1910 239 1962 graui
273 1923 416 1961 onere,
451 1909 563 1963 quod
598 1912 642 1951 et
675 1922 757 1962 ego
791 1908 919 1950 credo
953 1906 1114 1949 nostris
1137 1905 1313 1947 minime
1337 1903 1591 1947 convenire:
1626 1902 1710 1944 etsi
1731 1914 1889 1943 uerear

114 1989 274 2028 graues
305 1975 349 2016 in
381 1975 562 2029 Reginis
593 1989 679 2016 non
713 1974 941 2016 defuturas
979 1971 1334 2027 perturbationes
1349 1969 1378 2020 ¹³,
1421 1984 1516 2011 cum
1559 1967 1777 2010 senserint
1809 1979 1888 2008 sua

115 2043 220 2083 vota
252 2041 417 2082 nullum
452 2041 566 2095 apud
599 2054 677 2082 nos
709 2040 877 2094 pondus
911 2037 1128 2080 habuisse.
1182 2036 1288 2078 Mihi
1320 2049 1424 2078 uero
1453 2049 1538 2076 non
1562 2033 1683 2075 uenit
1704 2032 1747 2074 in
1770 2045 1890 2073 men-

117 2109 228 2157 tem,
273 2121 358 2160 qua
396 2107 568 2149 ratione
610 2105 697 2148 alia
729 2105 911 2159 Reginis
944 2104 1068 2146 iuxta
1101 2106 1299 2145 nostrum
1334 2101 1505 2155 quidem
1539 2099 1793 2141 Institutum
1825 2097 1891 2138 in-

118 2172 283 2214 seruire
305 2172 533 2227 possimus,
567 2172 649 2214 nisi
672 2174 721 2213 ut
743 2184 978 2225 pergamus
999 2169 1086 2211 illis
1110 2169 1229 2219 duos,
1264 2170 1312 2210 ut
1334 2167 1560 2217 hactenus,
1593 2162 1892 2222 Confessarios

118 2237 310 2280 tribuere
326 2239 354 2287 2,
401 2238 474 2291 qui
514 2241 661 2280 tamen
704 2237 869 2279 maiore
911 2250 988 2278 suo
1032 2234 1304 2277 incommodo
1347 2247 1476 2286 quam
1519 2229 1744 2273 commodo
1782 2229 1894 2271 hanc

119 2302 205 2344 illis
250 2304 504 2345 seruient
548 2303 886 2345 seruitutem
903 2303 931 2344 3.
996 2301 1115 2343 Nihil
1156 2299 1238 2342 erit
1279 2313 1387 2353 opus
1425 2298 1508 2339 huc
1543 2296 1737 2346 mittere,
1782 2293 1895 2347 quod

122 2368 282 2410 Paulus
315 2369 519 2411 Pontifex
551 2369 609 2421 ΙΙ]
652 2367 898 2418 constituit,
939 2380 993 2408 ne
1035 2364 1418 2419 gubernandarum
1461 2362 1748 2404 foeminarum
1792 2372 1896 2401 cura

123 2434 285 2476 nostris
306 2434 528 2477 incumbat
544 2435 573 2477 4.
628 2433 746 2477 Satis
779 2433 890 2475 enim
925 2432 1008 2474 erit
1030 2445 1121 2473 rem
1143 2430 1282 2484 ipsam
1307 2441 1539 2483 exponere.
1584 2426 1794 2468 Dominus
1815 2425 1896 2466 hoc

124 2500 348 2553 negotium
389 2501 498 2542 bene
530 2503 691 2550 uertat,
734 2499 778 2540 in
821 2513 903 2551 quo
946 2511 1031 2539 non
1072 2496 1283 2538 minorem
1325 2494 1630 2536 difficultatem
1673 2505 1728 2533 ex
1770 2492 1897 2545 parte

126 2565 511 2617 Confessariorum,
546 2579 675 2619 quam
707 2565 973 2617 Reginarum
1008 2564 1206 2616 expecto.
1272 2561 1481 2615 Superest
1512 2559 1619 2600 haec
1652 2556 1780 2599 unica
1812 2555 1897 2606 uia,

126 2631 170 2673 ni
201 2631 343 2683 fallor,
387 2634 435 2674 ut
468 2631 504 2673 si
537 2632 688 2673 domus
722 2628 990 2684 probationis
1024 2628 1165 2669 Halae
1198 2625 1405 2668 constitui
1437 2625 1608 2674 debeat,
1644 2635 1900 2677 quocunque

125 2697 302 2739 tandem
340 2697 513 2739 nomine
555 2699 756 2746 uocetur,
804 2694 909 2736 nihil
951 2708 977 2735 a
1018 2693 1142 2735 nobis
1176 2692 1401 2745 exigatur,
1449 2690 1563 2743 quod
1596 2689 1651 2731 ad
1683 2688 1901 2741 guberna-

126 2762 290 2804 tionem
323 2763 623 2813 foeminarum,
666 2760 925 2816 praesertim
959 2761 1060 2813 post
1091 2760 1278 2800 mortem
1311 2756 1594 2810 Reginarum,
1639 2753 1813 2802 attinet,
1847 2765 1901 2793 ne

248 2847 275 2874 a)
295 2845 331 2868 In
350 2845 430 2869 arch.
450 2852 486 2869 ex
505 2843 540 2868 20
559 2846 718 2868 cori-ectum
738 2845 779 2867 esc
800 2841 843 2872 23,
863 2844 889 2866 et
912 2849 951 2865 rr.
973 2840 1007 2865 20
1028 2839 1058 2865 et
1078 2847 1172 2871 supra
1193 2846 1309 2863 versum
1327 2840 1396 2863 sunt
1417 2838 1537 2869 scripta.
1619 2835 1649 2867 b)
1677 2837 1738 2861 Hoc
1764 2843 1788 2860 r.
1810 2841 1903 2865 supra

130 2893 245 2910 versum
265 2886 408 2917 scriptum
427 2889 478 2910 est.

255 2982 262 3000 ¹
289 2980 508 3024 Magdalena
534 2982 570 3014 et
596 2979 751 3020 Helena3
779 2991 813 3013 v,
841 2989 951 3022 supra
978 2989 1010 3022 p.
1030 2977 1086 3011 49.

253 3035 264 3054 ‘²
290 3034 361 3069 PP.
390 3035 558 3069 Ioannem
584 3033 756 3078 Dyrsium
784 3034 819 3066 et
846 3031 999 3066 Paulum
1027 3029 1306 3064 Hetzcovaeum.

253 3089 264 3108 ³
291 3088 326 3122 Is
355 3088 409 3129 14,
437 3088 467 3122 3.
519 3087 568 3121 Ez
594 3087 650 3128 ⁴29,
681 3088 734 3120 18.
881 3087 893 3105 4
920 3084 1012 3118 Vide
1039 3094 1149 3128 supra
1175 3095 1208 3128 p.
1228 3083 1299 3117 501.
