2044 3335
175 84 254 124 184
700 81 800 115 1576.
832 80 870 114 Ρ.
901 80 1078 124 Georgius
1105 80 1220 114 Bader
1247 80 1400 115 Canisio.

165 199 372 241 Curatum
390 202 458 242 est
480 198 653 240 interim
677 202 725 241 ut
747 198 906 251 singuli
923 197 1130 240 haeretici
1155 197 1524 249 examinarentur,
1544 201 1588 241 et
1606 199 1940 243 admonerentur

165 264 328 314 sedulo,
370 266 463 305 tum
506 263 725 317 priuatim,
767 266 859 305 tum
895 262 1077 317 publice.
1143 263 1432 306 Concionatus
1465 267 1533 306 est
1564 264 1649 306 illis
1682 264 1814 307 etiam
1846 265 1939 319 ipse

166 329 568 370 Reuerendissimus
611 331 655 370 et
696 342 798 369 uere
831 329 1000 381 patrem
1044 341 1094 369 ac
1137 331 1359 381 pastorem
1400 343 1446 370 se
1484 329 1568 371 illis
1610 329 1814 379 ostendit,
1857 330 1937 372 etsi

165 393 370 446 exiguum
403 393 592 435 fructum
626 395 780 435 tantae
813 392 1040 435 charitatis
1074 392 1225 434 inillis
1257 393 1467 435 hactenus
1501 394 1790 447 experiamur.
1856 395 1940 436 Pu-

165 459 313 500 tabam
355 472 459 500 uero
502 473 569 499 me
607 458 705 500 hinc
739 458 889 500 statim
922 458 977 499 ad
1011 458 1156 499 studia
1189 458 1464 512 dylingensia
1496 459 1750 506 rediturum,
1793 462 1940 502 trans-

167 523 278 564 actis
324 523 473 565 diebus
518 523 860 576 quatuordecim,
907 522 983 564 sed
1027 537 1140 564 nunc
1183 523 1319 565 eidem
1355 524 1735 566 Reuerendissimo
1777 538 1941 578 negare

166 602 251 629 11011
284 602 459 642 possum
492 589 751 631 tantundem
783 587 1007 642 temporis,
1041 588 1156 640 quod
1184 588 1238 630 ad
1261 589 1432 630 Pascha
1454 590 1619 642 usque1
1650 589 1778 631 ualde
1807 589 1939 643 cupit,

166 653 265 695 huic
288 654 448 708 populo
472 667 496 695 a
519 653 642 695 nobis
664 653 855 708 impendi
880 652 1188 702 concionando,
1214 656 1258 695 et
1276 654 1561 695 Sacramenta
1584 653 1940 703 administrando,

168 721 210 760 et
257 718 512 771 quotidiana
555 718 732 760 consilia
777 719 1065 772 suggerendo,
1109 719 1151 759 in
1194 719 1324 760 rebus
1364 722 1455 761 tum
1489 719 1615 769 Cleri,
1660 722 1754 760 tum
1794 719 1941 773 populi

166 784 292 825 huius
325 784 511 827 1013131115·Ί
544 784 873 826 constituendis.
918 783 976 826 Et
1008 785 1111 825 sunt
1142 784 1280 825 morbi
1313 798 1419 825 sane
1451 798 1611 837 graues
1638 783 1710 836 qui
1732 784 1940 826 bonorum

167 852 329 902 egeant
361 863 493 903 opera
525 849 787 890 medicorum
822 850 903 890 1100
935 849 1051 891 loco:
1087 849 1159 902 qui
1191 849 1245 890 ab
1268 849 1502 892 haereticis
1525 852 1592 891 est
1615 849 1940 903 circumseptus

168 914 275 956 Peto
307 914 442 968 igitur
473 914 577 956 mihi
608 914 780 956 ueniam
810 914 917 962 dari,
952 914 1064 967 quod
1089 915 1168 956 1100
1191 927 1338 955 mense
1361 928 1446 955 non
1469 914 1725 968 progrediar
1746 914 1788 956 in
1813 927 1942 968 opere

169 980 476 1030 centuriarum,
518 979 778 1033 praesertim
820 981 1005 1032 urgente
1048 979 1109 1020 510
1142 979 1523 1021 Reuerendissimo
1565 982 1614 1022 ut
1647 980 1753 1021 haec
1786 981 1944 1033 parata

169 1044 335 1093 messis,
378 1044 421 1086 in
466 1058 552 1097 qua
594 1044 870 1086 concionibus
913 1044 1075 1086 nostris
1116 1044 1307 1087 fructum
1349 1044 1594 1098 pollicetur,
1639 1059 1665 1086 a
1697 1044 1820 1086 nobis
1858 1058 1943 1085 non

170 1109 433 1162 negligatur.
477 1110 616 1151 Adest
646 1109 820 1151 interim
852 1109 955 1151 mihi
980 1110 1026 1153 P.
1051 1109 1297 1151 Antonius2
1329 1109 1529 1160 Flander,
1564 1112 1609 1152 et
1631 1109 1750 1152 utilis
1773 1108 1943 1162 quidem

170 1175 222 1216 ad
256 1176 336 1216 hoc
369 1188 510 1216 meum
544 1174 845 1224 ministerium,
881 1178 925 1217 et
957 1175 1084 1216 simul
1107 1175 1410 1217 Centuriarum
1443 1189 1551 1228 opus
1589 1174 1942 1229 promouendum.

171 1240 531 1281 Commendamus
566 1254 644 1281 nos
677 1240 803 1281 ambo
837 1238 1108 1294 s[a]crificijs
1141 1242 1186 1282 et
1218 1240 1417 1294 precibus
1441 1239 1728 1282 Paternitatis
1759 1241 1862 1281 tuae
1895 1253 1945 1281 ac

170 1304 305 1347 totius
345 1308 523 1348 nostrae
557 1304 791 1347 Societatis
832 1305 875 1346 in
908 1305 1078 1347 Christo
1111 1303 1261 1359 Je[su]
1295 1305 1480 1346 Domino
1512 1307 1676 1356 nostro,
1717 1304 1789 1357 qui
1821 1317 1943 1345 suam

174 1369 297 1412 nobis
329 1370 518 1423 gratiam
551 1384 723 1424 semper
756 1372 932 1423 augeat.
997 1370 1238 1424 Elwangae
1272 1372 1310 1412 5.
1346 1370 1508 1424 Aprilis
1544 1372 1671 1412 1568.

1059 1442 1219 1484 Seruus
1252 1441 1295 1483 in
1329 1441 1499 1483 Christo
1534 1442 1579 1484 P.
1614 1440 1824 1483 Canisius.

291 1518 319 1569 ἦ·
352 1518 598 1560 Admodum
630 1518 886 1560 Reuerendo
919 1517 962 1559 in
996 1518 1165 1561 Christo
1199 1518 1321 1561 Patri
1354 1518 1586 1560 Francisco
1620 1518 1781 1571 Borgia
1814 1518 1945 1559 Prae-

176 1582 318 1637 posito
351 1583 547 1637 generali
580 1583 813 1626 Societatis
846 1584 964 1626 Jesu.
1088 1583 1266 1626 Romae.

293 1665 431 1699 Harum
458 1664 661 1698 litterarum
689 1667 827 1710 partem
855 1665 1085 1710 praecipuam
1112 1667 1149 1698 et
1175 1665 1380 1706 maximam,
1408 1676 1488 1709 qua,
1525 1676 1632 1709 quain
1659 1663 1766 1698 alieni
1793 1663 1837 1697 ab
1864 1674 1945 1707 apo-

172 1718 301 1752 stolica
336 1718 421 1752 sede
457 1718 530 1752 sint
566 1718 826 1753 Germanorum
863 1718 989 1759 animi,
1029 1730 1209 1762 quamque
1247 1718 1378 1752 misere
1418 1729 1498 1752 cum
1534 1718 1747 1752 Germaniae
1783 1715 1946 1750 ecclesiis

173 1773 313 1813 agatur,
349 1783 369 1805 a
396 1771 540 1806 Canisio
567 1774 766 1813 enarratur,
804 1770 837 1805 S.
865 1771 1081 1806 Franciscus
1109 1771 1260 1814 Borgias
1286 1771 1421 1805 Romae
1456 1771 1768 1806 transcribendam
1804 1770 1947 1804 curavit

173 1826 209 1858 et
235 1823 270 1858 S.
289 1824 353 1858 Pio
372 1824 414 1858 V.
443 1824 603 1859 tradidit.
640 1825 678 1858 1d
706 1837 751 1858 ex
778 1825 934 1870 epistula
960 1825 1075 1859 Roma
1101 1825 1157 1858 22.
1177 1825 1264 1858 Maii
1285 1825 1376 1859 1568
1403 1825 1498 1865 data,
1527 1836 1597 1868 qua
1623 1824 1777 1866 Borgias
1804 1822 1947 1857 Canisio

172 1878 370 1922 respondit,
413 1878 648 1921 intellegitur.
710 1878 764 1912 Ad
802 1877 969 1912 ultimum
1013 1878 1217 1912 litterarum
1255 1881 1364 1923 caput
1401 1878 1555 1921 Borgias
1595 1878 1738 1911 Canisio
1781 1877 1853 1910 iam
1891 1876 1947 1909 die

174 1931 230 1965 27.
259 1931 395 1976 Aprilis
423 1931 516 1966 1568
543 1931 738 1976 respondit.

177 2040 332 2078 1576.
399 2042 461 2077 Ρ.
491 2041 846 2079 GEORGIUS
874 2042 1115 2078 BADER
1147 2045 1264 2078 rect-or
1291 2042 1433 2086 collegii
1458 2042 1720 2088 herbipolensis
1747 2040 1947 2076 CANISIO.

972 2096 1158 2141 Herbipoli
1185 2097 1330 2131 ineunte
1358 2096 1416 2130 vel
1442 2096 1558 2130 medio
1585 2108 1631 2130 m.
1651 2095 1768 2140 Aprili
1798 2094 1898 2129 1568.

296 2155 351 2188 Ex
389 2156 563 2199 Peraaeyh'
605 2155 760 2199 epistula
797 2155 856 2189 vel
899 2155 1098 2201 archetypa
1139 2157 1199 2190 vel
1241 2156 1365 2190 eodem
1407 2156 1482 2189 fere
1520 2157 1680 2200 tempore
1717 2153 1947 2198 transcripta.

176 2208 218 2243 G.
247 2208 311 2253 Ep.
339 2207 389 2241 IX
415 2208 440 2242 f.
470 2208 563 2242 189⁸.
616 2208 670 2242 Ex
706 2209 829 2242 eadem
867 2209 1022 2254 epistula
1058 2210 1264 2253 germanice
1300 2209 1389 2243 haec
1424 2209 1536 2242 vertit
1562 2209 1680 2252 Dalm,
1717 2207 1830 2242 sesi
1865 2206 1945 2240 83⁴2.

176 2261 341 2306 Epistula
359 2273 446 2296 usus
461 2273 540 2295 esse
555 2261 700 2295 videtur
714 2263 926 2306 Sao-chinus,
942 2263 1027 2297 Can.
1043 2263 1245 2303 255-256,
1265 2265 1301 2296 et
1316 2263 1408 2297 Hist.
1425 2262 1460 2296 S.
1474 2263 1506 2296 J.
1525 2262 1586 2303 III,
1605 2261 1627 2296 1.
1642 2262 1674 2303 4,
1694 2274 1726 2295 11.
1741 2260 1944 2300 192-193ς

177 2315 301 2349 eadem
328 2326 415 2349 usus
443 2316 499 2349 est
524 2316 809 2359 Brazmsberyer,
837 2315 988 2350 Katech.
1016 2317 1073 2351 94.

300 2379 484 2413 Cani-sium
520 2382 568 2413 ad
600 2385 837 2423 protestantes
861 2382 1032 2414 transisse
1056 2382 1186 2423 fertur.
1240 2381 1440 2424 Episcopus
1467 2383 1585 2423 instat,
1627 2384 1662 2412 ut
1697 2380 1855 2412 ‘rumoris
1889 2389 1948 2410 ex-

175 2434 381 2476 stinyuencli
407 2444 516 2466 causa
542 2435 616 2476 ipse
642 2434 868 2476 Herba'polim
894 2435 1021 2467 veniat.

296 2505 449 2546 Petrus
483 2506 723 2560 Peraxylus
757 2507 800 2548 S.
824 2506 901 2547 J.3
942 2507 987 2547 in
1021 2507 1196 2548 Litteris
1238 2508 1397 2547 (munis
1439 2506 1598 2560 eolleqij
1636 2504 1947 2559 herbipolensis,

179 2568 400 2623 Hei-bipoli
433 2572 501 2612 10.
536 2571 791 2624 Septembris
825 2572 942 2613 1568
976 2571 1102 2624 datis,
1136 2572 1238 2612 llaec
1272 2576 1450 2612 narrat:
1488 2570 1711 2624 Herbipoli
1746 2575 1949 2623 „sparsus

175 2633 262 2685 ficit
295 2635 406 2675 alius
435 2634 578 2687 falsus
611 2636 793 2689 quidem,
828 2636 901 2677 sed
932 2641 1072 2677 tamen
1107 2651 1130 2677 α
1166 2638 1308 2677 multis
1338 2640 1508 2690 propter
1538 2649 1693 2690 yrazces
1728 2640 1761 2674 et
1794 2633 1949 2675 nobiles

299 2720 314 2736 a
346 2719 394 2738 1·ου
401 2713 460 2738 tuis
480 2715 559 2739 areli.

303 2809 311 2827 ¹
338 2807 479 2842 Pascha
506 2810 669 2843 futurum
697 2812 775 2843 erat
802 2810 834 2845 d.
864 2811 921 2844 18.
947 2809 1094 2854 Aprilis.

299 2860 312 2880 ‘³
338 2860 431 2895 Huic
457 2862 680 2904 gentilicium
707 2875 835 2897 nomen
863 2865 943 2897 erat
972 2862 1146 2905 „Gujse“;
1182 2863 1285 2907 plura
1321 2862 1363 2896 de
1390 2874 1430 2896 eo
1458 2874 1491 2896 v.
1514 2863 1602 2896 Can.
1630 2862 1663 2895 Il
1690 2862 1785 2896 279⁵.
1837 2861 1951 2895 Corri-

180 2913 335 2956 gendum
363 2916 418 2947 est
441 2916 528 2948 Can.
545 2915 576 2948 V
596 2916 663 2949 635
692 2916 758 2950 782
786 2916 866 2956 818,
893 2916 953 2950 ubi
981 2916 1041 2950 ille
1060 2918 1213 2951 vocatur
1230 2916 1409 2949 Antonius
1427 2915 1579 2949 Flander
1597 2915 1676 2949 sive
1698 2914 1949 2957 „Balduinus“.

302 2967 315 2986 3
345 2967 413 3008 ,,Μ.
442 2966 572 3001 Petrus
607 2969 792 3012 paraxilus
818 2969 1106 3003 Buscoducensis
1133 2969 1376 3003 Brabantinus
1402 2968 1530 3002 Lector
1557 2968 1811 3002 Rhetorices“:
1848 2967 1950 3000 Cata-

182 3019 286 3062 logus
313 3019 456 3062 collegii
483 3020 745 3065 herbipolensis
772 3023 804 3056 9.
832 3022 1041 3056 Decembris
1070 3023 1159 3057 1567
1187 3034 1207 3056 a
1234 3023 1274 3056 P.
1302 3023 1460 3055 Antonio
1488 3022 1599 3054 I'inck
1625 3021 1659 3055 S.
1687 3020 1719 3054 J.
1747 3019 1951 3064 praeposito

181 3071 393 3116 provinciali
421 3073 578 3117 scriptus
607 3073 683 3116 (GC
711 3075 754 3108 67
783 3075 806 3108 f.
834 3087 902 3109 non
929 3075 1049 3118 sign).
