<?xml version="1.0" encoding="UTF-8"?>
<!DOCTYPE html PUBLIC "-//W3C//DTD XHTML 1.0 Transitional//EN"
    "http://www.w3.org/TR/xhtml1/DTD/xhtml1-transitional.dtd">
<html xmlns="http://www.w3.org/1999/xhtml" xml:lang="en" lang="en">
 <head>
  <title>
</title>
<meta http-equiv="Content-Type" content="text/html;charset=utf-8" />
  <meta name='ocr-system' content='tesseract 3.04.00' />
  <meta name='ocr-capabilities' content='ocr_page ocr_carea ocr_par ocr_line ocrx_word'/>
</head>
<body>
  <div class='ocr_page' id='page_1' title='image "beatipetricanisi06cani_0256.png"; bbox 0 0 2044 3335; ppageno 0'>
   <div class='ocr_carea' id='block_1_1' title="bbox 175 93 1430 138">
    <p class='ocr_par' dir='ltr' id='par_1_1' title="bbox 175 93 1430 138">
     <span class='ocr_line' id='line_1_1' title="bbox 175 93 1430 138; baseline 0.002 -11"><span class='ocrx_word' id='word_1_1' title='bbox 175 96 256 137; x_wconf 80' lang='lat'>182</span> <span class='ocrx_word' id='word_1_2' title='bbox 672 94 772 128; x_wconf 76' lang='lat'>1575.</span> <span class='ocrx_word' id='word_1_3' title='bbox 801 93 966 128; x_wconf 83' lang='lat' dir='ltr'>Canisius</span> <span class='ocrx_word' id='word_1_4' title='bbox 994 93 1028 128; x_wconf 82' lang='lat' dir='ltr'>S.</span> <span class='ocrx_word' id='word_1_5' title='bbox 1048 94 1239 129; x_wconf 80' lang='lat' dir='ltr'>Francisco</span> <span class='ocrx_word' id='word_1_6' title='bbox 1265 95 1430 138; x_wconf 86' lang='lat' dir='ltr'>Borgiac.</span> 
     </span>
    </p>
   </div>
   <div class='ocr_carea' id='block_1_2' title="bbox 155 210 1942 2290">
    <p class='ocr_par' dir='ltr' id='par_1_2' title="bbox 155 210 1942 2217">
     <span class='ocr_line' id='line_1_2' title="bbox 169 210 1942 266; baseline 0.001 -13"><span class='ocrx_word' id='word_1_7' title='bbox 169 211 334 254; x_wconf 85' lang='lat' dir='ltr'>tentiae</span> <span class='ocrx_word' id='word_1_8' title='bbox 376 214 421 253; x_wconf 92' lang='lat' dir='ltr'>et</span> <span class='ocrx_word' id='word_1_9' title='bbox 461 210 753 252; x_wconf 84' lang='lat' dir='ltr'>Confessionis</span> <span class='ocrx_word' id='word_1_10' title='bbox 797 211 1128 254; x_wconf 75' lang='lat' dir='ltr'>Sacramentum</span> <span class='ocrx_word' id='word_1_11' title='bbox 1169 212 1298 266; x_wconf 88' lang='lat' dir='ltr'>plane</span> <span class='ocrx_word' id='word_1_12' title='bbox 1340 213 1586 266; x_wconf 88' lang='lat' dir='ltr'>neglectum</span> <span class='ocrx_word' id='word_1_13' title='bbox 1632 213 1759 256; x_wconf 89' lang='lat' dir='ltr'>iacet.</span> <span class='ocrx_word' id='word_1_14' title='bbox 1825 213 1942 256; x_wconf 87' lang='lat' dir='ltr'>Satis</span> 
     </span>
     <span class='ocr_line' id='line_1_3' title="bbox 169 275 1942 331; baseline 0.002 -14"><span class='ocrx_word' id='word_1_15' title='bbox 169 279 236 318; x_wconf 89' lang='lat' dir='ltr'>est</span> <span class='ocrx_word' id='word_1_16' title='bbox 269 275 568 329; x_wconf 82' lang='lat' dir='ltr'>Confessarijs,</span> <span class='ocrx_word' id='word_1_17' title='bbox 612 279 660 317; x_wconf 93' lang='lat' dir='ltr'>ut</span> <span class='ocrx_word' id='word_1_18' title='bbox 701 276 742 316; x_wconf 87' lang='lat' dir='ltr'>in</span> <span class='ocrx_word' id='word_1_19' title='bbox 785 289 958 328; x_wconf 80' lang='lat' dir='ltr'>genere,</span> <span class='ocrx_word' id='word_1_20' title='bbox 1001 290 1086 317; x_wconf 91' lang='lat' dir='ltr'>non</span> <span class='ocrx_word' id='word_1_21' title='bbox 1119 276 1162 317; x_wconf 89' lang='lat' dir='ltr'>in</span> <span class='ocrx_word' id='word_1_22' title='bbox 1196 277 1339 331; x_wconf 89' lang='lat' dir='ltr'>specie</span> <span class='ocrx_word' id='word_1_23' title='bbox 1372 279 1629 319; x_wconf 85' lang='lat' dir='ltr'>confitentes</span> <span class='ocrx_word' id='word_1_24' title='bbox 1662 279 1854 328; x_wconf 87' lang='lat' dir='ltr'>audiant,</span> <span class='ocrx_word' id='word_1_25' title='bbox 1897 281 1942 321; x_wconf 90' lang='lat' dir='ltr'>et</span> 
     </span>
     <span class='ocr_line' id='line_1_4' title="bbox 167 341 1942 397; baseline 0.002 -15"><span class='ocrx_word' id='word_1_26' title='bbox 167 341 450 382; x_wconf 74' lang='lat' dir='ltr'>absoluantl:</span> <span class='ocrx_word' id='word_1_27' title='bbox 484 343 577 382; x_wconf 90' lang='lat' dir='ltr'>tum</span> <span class='ocrx_word' id='word_1_28' title='bbox 601 341 820 390; x_wconf 86' lang='lat' dir='ltr'>Pastores,</span> <span class='ocrx_word' id='word_1_29' title='bbox 856 341 927 393; x_wconf 90' lang='lat' dir='ltr'>qui</span> <span class='ocrx_word' id='word_1_30' title='bbox 952 355 1100 382; x_wconf 89' lang='lat' dir='ltr'>omnes</span> <span class='ocrx_word' id='word_1_31' title='bbox 1123 341 1215 383; x_wconf 89' lang='lat' dir='ltr'>fere</span> <span class='ocrx_word' id='word_1_32' title='bbox 1238 346 1340 384; x_wconf 90' lang='lat' dir='ltr'>sunt</span> <span class='ocrx_word' id='word_1_33' title='bbox 1363 342 1655 396; x_wconf 86' lang='lat' dir='ltr'>concubinarij</span> <span class='ocrx_word' id='word_1_34' title='bbox 1690 343 1863 397; x_wconf 81' lang='lat' dir='ltr'>publici,</span> <span class='ocrx_word' id='word_1_35' title='bbox 1898 347 1942 386; x_wconf 90' lang='lat' dir='ltr'>et</span> 
     </span>
     <span class='ocr_line' id='line_1_5' title="bbox 168 405 1941 459; baseline 0.002 -12"><span class='ocrx_word' id='word_1_36' title='bbox 168 419 305 459; x_wconf 89' lang='lat' dir='ltr'>aeque</span> <span class='ocrx_word' id='word_1_37' title='bbox 329 405 571 448; x_wconf 90' lang='lat' dir='ltr'>haereticos</span> <span class='ocrx_word' id='word_1_38' title='bbox 594 408 726 458; x_wconf 84' lang='lat' dir='ltr'>atque</span> <span class='ocrx_word' id='word_1_39' title='bbox 749 405 996 448; x_wconf 86' lang='lat' dir='ltr'>Catholicos</span> <span class='ocrx_word' id='word_1_40' title='bbox 1020 406 1266 457; x_wconf 87' lang='lat' dir='ltr'>absoluunt,</span> <span class='ocrx_word' id='word_1_41' title='bbox 1301 407 1376 448; x_wconf 76' lang='lat' dir='ltr'>uix</span> <span class='ocrx_word' id='word_1_42' title='bbox 1408 410 1502 449; x_wconf 91' lang='lat' dir='ltr'>toto</span> <span class='ocrx_word' id='word_1_43' title='bbox 1536 421 1649 449; x_wconf 89' lang='lat' dir='ltr'>anno</span> <span class='ocrx_word' id='word_1_44' title='bbox 1682 408 1814 449; x_wconf 87' lang='lat' dir='ltr'>semel</span> <span class='ocrx_word' id='word_1_45' title='bbox 1839 422 1941 450; x_wconf 88' lang='lat' dir='ltr'>con-</span> 
     </span>
     <span class='ocr_line' id='line_1_6' title="bbox 165 470 1940 526; baseline 0.002 -15"><span class='ocrx_word' id='word_1_46' title='bbox 165 471 281 513; x_wconf 89' lang='lat' dir='ltr'>fiteri</span> <span class='ocrx_word' id='word_1_47' title='bbox 313 471 469 513; x_wconf 90' lang='lat' dir='ltr'>solent.</span> <span class='ocrx_word' id='word_1_48' title='bbox 513 470 594 512; x_wconf 93' lang='lat' dir='ltr'>His</span> <span class='ocrx_word' id='word_1_49' title='bbox 627 470 777 512; x_wconf 88' lang='lat' dir='ltr'>diebus</span> <span class='ocrx_word' id='word_1_50' title='bbox 809 485 939 512; x_wconf 91' lang='lat' dir='ltr'>unum</span> <span class='ocrx_word' id='word_1_51' title='bbox 973 471 1128 525; x_wconf 89' lang='lat' dir='ltr'>reperi,</span> <span class='ocrx_word' id='word_1_52' title='bbox 1164 471 1236 525; x_wconf 90' lang='lat' dir='ltr'>qui</span> <span class='ocrx_word' id='word_1_53' title='bbox 1268 472 1436 513; x_wconf 70' lang='lat' dir='ltr'>fassus³²</span> <span class='ocrx_word' id='word_1_54' title='bbox 1469 474 1536 514; x_wconf 89' lang='lat' dir='ltr'>est</span> <span class='ocrx_word' id='word_1_55' title='bbox 1568 486 1614 514; x_wconf 89' lang='lat' dir='ltr'>se</span> <span class='ocrx_word' id='word_1_56' title='bbox 1647 473 1940 526; x_wconf 76' lang='lat' dir='ltr'>septendecim</span> 
     </span>
     <span class='ocr_line' id='line_1_7' title="bbox 167 535 1939 591; baseline 0.001 -14"><span class='ocrx_word' id='word_1_57' title='bbox 167 535 292 577; x_wconf 88' lang='lat' dir='ltr'>annis</span> <span class='ocrx_word' id='word_1_58' title='bbox 336 537 520 589; x_wconf 88' lang='lat' dir='ltr'>peccata</span> <span class='ocrx_word' id='word_1_59' title='bbox 565 549 644 577; x_wconf 88' lang='lat' dir='ltr'>sua</span> <span class='ocrx_word' id='word_1_60' title='bbox 688 549 774 577; x_wconf 91' lang='lat' dir='ltr'>non</span> <span class='ocrx_word' id='word_1_61' title='bbox 820 549 916 577; x_wconf 87' lang='lat' dir='ltr'>esse</span> <span class='ocrx_word' id='word_1_62' title='bbox 958 535 1217 587; x_wconf 87' lang='lat' dir='ltr'>confessum,</span> <span class='ocrx_word' id='word_1_63' title='bbox 1264 551 1359 578; x_wconf 87' lang='lat' dir='ltr'>cum</span> <span class='ocrx_word' id='word_1_64' title='bbox 1401 536 1574 581; x_wconf 80' lang='lat' dir='ltr'>interim</span> <span class='ocrx_word' id='word_1_65' title='bbox 1617 539 1769 591; x_wconf 87' lang='lat' dir='ltr'>pastor</span> <span class='ocrx_word' id='word_1_66' title='bbox 1809 540 1939 580; x_wconf 88' lang='lat' dir='ltr'>esset.</span> 
     </span>
     <span class='ocr_line' id='line_1_8' title="bbox 165 600 1940 656; baseline 0.001 -14"><span class='ocrx_word' id='word_1_67' title='bbox 165 600 285 642; x_wconf 84' lang='lat' dir='ltr'>Serio</span> <span class='ocrx_word' id='word_1_68' title='bbox 320 600 618 642; x_wconf 86' lang='lat' dir='ltr'>deliberarunt</span> <span class='ocrx_word' id='word_1_69' title='bbox 649 600 763 642; x_wconf 88' lang='lat' dir='ltr'>inter</span> <span class='ocrx_word' id='word_1_70' title='bbox 794 615 841 642; x_wconf 92' lang='lat' dir='ltr'>se</span> <span class='ocrx_word' id='word_1_71' title='bbox 875 600 955 642; x_wconf 90' lang='lat' dir='ltr'>uiri</span> <span class='ocrx_word' id='word_1_72' title='bbox 988 600 1209 654; x_wconf 87' lang='lat' dir='ltr'>sapientes</span> <span class='ocrx_word' id='word_1_73' title='bbox 1242 605 1286 644; x_wconf 91' lang='lat' dir='ltr'>et</span> <span class='ocrx_word' id='word_1_74' title='bbox 1319 602 1448 651; x_wconf 87' lang='lat' dir='ltr'>docti,</span> <span class='ocrx_word' id='word_1_75' title='bbox 1492 601 1593 654; x_wconf 91' lang='lat' dir='ltr'>quid</span> <span class='ocrx_word' id='word_1_76' title='bbox 1625 602 1841 656; x_wconf 84' lang='lat' dir='ltr'>Episcopo</span> <span class='ocrx_word' id='word_1_77' title='bbox 1873 602 1940 644; x_wconf 84' lang='lat' dir='ltr'>fa-</span> 
     </span>
     <span class='ocr_line' id='line_1_9' title="bbox 165 665 1938 721; baseline 0.001 -15"><span class='ocrx_word' id='word_1_78' title='bbox 165 665 366 707; x_wconf 89' lang='lat' dir='ltr'>ciundum</span> <span class='ocrx_word' id='word_1_79' title='bbox 400 669 528 716; x_wconf 88' lang='lat' dir='ltr'>esset,</span> <span class='ocrx_word' id='word_1_80' title='bbox 563 665 605 706; x_wconf 90' lang='lat' dir='ltr'>in</span> <span class='ocrx_word' id='word_1_81' title='bbox 641 665 909 718; x_wconf 82' lang='lat' dir='ltr'>corrigendis</span> <span class='ocrx_word' id='word_1_82' title='bbox 932 668 1009 707; x_wconf 88' lang='lat' dir='ltr'>aut</span> <span class='ocrx_word' id='word_1_83' title='bbox 1031 666 1315 719; x_wconf 88' lang='lat' dir='ltr'>profligandis</span> <span class='ocrx_word' id='word_1_84' title='bbox 1338 666 1583 708; x_wconf 89' lang='lat' dir='ltr'>huiusmodi</span> <span class='ocrx_word' id='word_1_85' title='bbox 1608 667 1938 721; x_wconf 87' lang='lat' dir='ltr'>concubinarijs,</span> 
     </span>
     <span class='ocr_line' id='line_1_10' title="bbox 164 730 1940 786; baseline 0.001 -13"><span class='ocrx_word' id='word_1_86' title='bbox 164 731 393 784; x_wconf 89' lang='lat' dir='ltr'>apostatis,</span> <span class='ocrx_word' id='word_1_87' title='bbox 428 730 828 781; x_wconf 80' lang='lat' dir='ltr'>excommunicatis,</span> <span class='ocrx_word' id='word_1_88' title='bbox 863 745 1046 783; x_wconf 88' lang='lat' dir='ltr'>quorum</span> <span class='ocrx_word' id='word_1_89' title='bbox 1078 731 1208 785; x_wconf 90' lang='lat' dir='ltr'>plena</span> <span class='ocrx_word' id='word_1_90' title='bbox 1241 745 1353 772; x_wconf 93' lang='lat' dir='ltr'>nunc</span> <span class='ocrx_word' id='word_1_91' title='bbox 1386 734 1488 773; x_wconf 87' lang='lat' dir='ltr'>sunt</span> <span class='ocrx_word' id='word_1_92' title='bbox 1520 731 1665 773; x_wconf 89' lang='lat' dir='ltr'>omnia</span> <span class='ocrx_word' id='word_1_93' title='bbox 1695 732 1740 773; x_wconf 90' lang='lat' dir='ltr'>in</span> <span class='ocrx_word' id='word_1_94' title='bbox 1771 732 1940 786; x_wconf 85' lang='lat' dir='ltr'>oppidis</span> 
     </span>
     <span class='ocr_line' id='line_1_11' title="bbox 164 795 1940 851; baseline 0.001 -14"><span class='ocrx_word' id='word_1_95' title='bbox 164 799 208 838; x_wconf 89' lang='lat' dir='ltr'>et</span> <span class='ocrx_word' id='word_1_96' title='bbox 249 796 376 850; x_wconf 81' lang='lat' dir='ltr'>pagis</span> <span class='ocrx_word' id='word_1_97' title='bbox 417 795 693 850; x_wconf 88' lang='lat' dir='ltr'>germanicis.</span> <span class='ocrx_word' id='word_1_98' title='bbox 766 796 823 837; x_wconf 83' lang='lat' dir='ltr'>Jn</span> <span class='ocrx_word' id='word_1_99' title='bbox 866 795 1054 838; x_wconf 89' lang='lat' dir='ltr'>dioecesi</span> <span class='ocrx_word' id='word_1_100' title='bbox 1096 795 1266 849; x_wconf 90' lang='lat' dir='ltr'>quidem</span> <span class='ocrx_word' id='word_1_101' title='bbox 1312 797 1586 850; x_wconf 89' lang='lat' dir='ltr'>Augustana,</span> <span class='ocrx_word' id='word_1_102' title='bbox 1630 811 1741 850; x_wconf 90' lang='lat' dir='ltr'>quae</span> <span class='ocrx_word' id='word_1_103' title='bbox 1785 796 1940 851; x_wconf 86' lang='lat' dir='ltr'>longeb</span> 
     </span>
     <span class='ocr_line' id='line_1_12' title="bbox 162 860 1938 916; baseline 0.001 -14"><span class='ocrx_word' id='word_1_104' title='bbox 162 862 317 903; x_wconf 86' lang='lat' dir='ltr'>melius</span> <span class='ocrx_word' id='word_1_105' title='bbox 357 861 491 903; x_wconf 89' lang='lat' dir='ltr'>habet</span> <span class='ocrx_word' id='word_1_106' title='bbox 532 875 662 914; x_wconf 88' lang='lat' dir='ltr'>quam</span> <span class='ocrx_word' id='word_1_107' title='bbox 703 860 911 914; x_wconf 89' lang='lat' dir='ltr'>reliquae,</span> <span class='ocrx_word' id='word_1_108' title='bbox 953 860 1234 903; x_wconf 88' lang='lat' dir='ltr'>inueniuntur</span> <span class='ocrx_word' id='word_1_109' title='bbox 1265 864 1314 903; x_wconf 93' lang='lat' dir='ltr'>ut</span> <span class='ocrx_word' id='word_1_110' title='bbox 1346 861 1487 912; x_wconf 90' lang='lat' dir='ltr'>audio,</span> <span class='ocrx_word' id='word_1_111' title='bbox 1531 876 1586 904; x_wconf 88' lang='lat' dir='ltr'>ex</span> <span class='ocrx_word' id='word_1_112' title='bbox 1619 862 1835 916; x_wconf 87' lang='lat' dir='ltr'>apostatis</span> <span class='ocrx_word' id='word_1_113' title='bbox 1869 864 1938 912; x_wconf 86' lang='lat'>30,</span> 
     </span>
     <span class='ocr_line' id='line_1_13' title="bbox 162 926 1939 981; baseline 0 -13"><span class='ocrx_word' id='word_1_114' title='bbox 162 926 235 978; x_wconf 89' lang='lat' dir='ltr'>qui</span> <span class='ocrx_word' id='word_1_115' title='bbox 268 941 417 968; x_wconf 86' lang='lat' dir='ltr'>curam</span> <span class='ocrx_word' id='word_1_116' title='bbox 450 926 718 981; x_wconf 90' lang='lat' dir='ltr'>pastoralem</span> <span class='ocrx_word' id='word_1_117' title='bbox 752 926 983 970; x_wconf 89' lang='lat' dir='ltr'>sustinent.</span> <span class='ocrx_word' id='word_1_118' title='bbox 1027 926 1363 980; x_wconf 85' lang='lat' dir='ltr'>Responderunt</span> <span class='ocrx_word' id='word_1_119' title='bbox 1395 927 1572 969; x_wconf 89' lang='lat' dir='ltr'>tandem</span> <span class='ocrx_word' id='word_1_120' title='bbox 1605 927 1668 969; x_wconf 91' lang='lat' dir='ltr'>illi</span> <span class='ocrx_word' id='word_1_121' title='bbox 1700 927 1752 969; x_wconf 90' lang='lat' dir='ltr'>de</span> <span class='ocrx_word' id='word_1_122' title='bbox 1785 926 1939 980; x_wconf 91' lang='lat' dir='ltr'>quibus</span> 
     </span>
     <span class='ocr_line' id='line_1_14' title="bbox 163 991 1938 1046; baseline 0.001 -14"><span class='ocrx_word' id='word_1_123' title='bbox 163 991 274 1033; x_wconf 84' lang='lat' dir='ltr'>dixi:</span> <span class='ocrx_word' id='word_1_124' title='bbox 320 992 418 1034; x_wconf 87' lang='lat' dir='ltr'>Non</span> <span class='ocrx_word' id='word_1_125' title='bbox 460 1005 588 1046; x_wconf 88' lang='lat' dir='ltr'>posse</span> <span class='ocrx_word' id='word_1_126' title='bbox 630 991 738 1033; x_wconf 89' lang='lat' dir='ltr'>haec</span> <span class='ocrx_word' id='word_1_127' title='bbox 779 992 896 1033; x_wconf 88' lang='lat' dir='ltr'>mala</span> <span class='ocrx_word' id='word_1_128' title='bbox 937 991 1030 1033; x_wconf 88' lang='lat' dir='ltr'>sine</span> <span class='ocrx_word' id='word_1_129' title='bbox 1068 994 1187 1033; x_wconf 88' lang='lat' dir='ltr'>certo</span> <span class='ocrx_word' id='word_1_130' title='bbox 1227 991 1418 1045; x_wconf 89' lang='lat' dir='ltr'>periculo</span> <span class='ocrx_word' id='word_1_131' title='bbox 1451 992 1625 1034; x_wconf 87' lang='lat' dir='ltr'>statimc</span> <span class='ocrx_word' id='word_1_132' title='bbox 1658 992 1830 1045; x_wconf 83' lang='lat' dir='ltr'>corrigi.</span> <span class='ocrx_word' id='word_1_133' title='bbox 1895 992 1938 1034; x_wconf 84' lang='lat' dir='ltr'>Si</span> 
     </span>
     <span class='ocr_line' id='line_1_15' title="bbox 160 1056 1935 1111; baseline 0 -13"><span class='ocrx_word' id='word_1_134' title='bbox 160 1056 272 1098; x_wconf 91' lang='lat' dir='ltr'>enim</span> <span class='ocrx_word' id='word_1_135' title='bbox 296 1057 650 1111; x_wconf 86' lang='lat' dir='ltr'>profligarentur,</span> <span class='ocrx_word' id='word_1_136' title='bbox 685 1057 905 1100; x_wconf 90' lang='lat' dir='ltr'>desertum</span> <span class='ocrx_word' id='word_1_137' title='bbox 937 1056 1109 1098; x_wconf 91' lang='lat' dir='ltr'>omnino</span> <span class='ocrx_word' id='word_1_138' title='bbox 1132 1056 1184 1098; x_wconf 90' lang='lat' dir='ltr'>iri</span> <span class='ocrx_word' id='word_1_139' title='bbox 1208 1057 1442 1107; x_wconf 87' lang='lat' dir='ltr'>Ecclesias,</span> <span class='ocrx_word' id='word_1_140' title='bbox 1477 1060 1521 1099; x_wconf 88' lang='lat' dir='ltr'>et</span> <span class='ocrx_word' id='word_1_141' title='bbox 1554 1071 1606 1098; x_wconf 89' lang='lat' dir='ltr'>ne</span> <span class='ocrx_word' id='word_1_142' title='bbox 1629 1071 1742 1098; x_wconf 90' lang='lat' dir='ltr'>nunc</span> <span class='ocrx_word' id='word_1_143' title='bbox 1765 1057 1935 1110; x_wconf 87' lang='lat' dir='ltr'>quidem</span> 
     </span>
     <span class='ocr_line' id='line_1_16' title="bbox 158 1122 1938 1176; baseline 0 -13"><span class='ocrx_word' id='word_1_144' title='bbox 158 1122 354 1176; x_wconf 86' lang='lat' dir='ltr'>reperiri,</span> <span class='ocrx_word' id='word_1_145' title='bbox 399 1122 469 1175; x_wconf 91' lang='lat' dir='ltr'>qui</span> <span class='ocrx_word' id='word_1_146' title='bbox 513 1122 710 1164; x_wconf 86' lang='lat' dir='ltr'>omnibus</span> <span class='ocrx_word' id='word_1_147' title='bbox 750 1122 969 1176; x_wconf 87' lang='lat' dir='ltr'>parochijs</span> <span class='ocrx_word' id='word_1_148' title='bbox 1011 1122 1342 1176; x_wconf 89' lang='lat' dir='ltr'>praeficiantur:</span> <span class='ocrx_word' id='word_1_149' title='bbox 1385 1122 1515 1164; x_wconf 87' lang='lat' dir='ltr'>Tales</span> <span class='ocrx_word' id='word_1_150' title='bbox 1552 1126 1699 1164; x_wconf 86' lang='lat' dir='ltr'>autem</span> <span class='ocrx_word' id='word_1_151' title='bbox 1732 1126 1938 1175; x_wconf 89' lang='lat' dir='ltr'>aegrotos</span> 
     </span>
     <span class='ocr_line' id='line_1_17' title="bbox 160 1187 1938 1242; baseline 0 -14"><span class='ocrx_word' id='word_1_152' title='bbox 160 1201 269 1236; x_wconf 86' lang='lat' dir='ltr'>esse,</span> <span class='ocrx_word' id='word_1_153' title='bbox 305 1187 375 1240; x_wconf 90' lang='lat' dir='ltr'>qui</span> <span class='ocrx_word' id='word_1_154' title='bbox 409 1188 571 1229; x_wconf 88' lang='lat' dir='ltr'>nullam</span> <span class='ocrx_word' id='word_1_155' title='bbox 597 1187 803 1242; x_wconf 88' lang='lat' dir='ltr'>Episcopi</span> <span class='ocrx_word' id='word_1_156' title='bbox 835 1187 1093 1229; x_wconf 79' lang='lat' dir='ltr'>medicinam</span> <span class='ocrx_word' id='word_1_157' title='bbox 1126 1187 1259 1230; x_wconf 80' lang='lat' dir='ltr'>laturi</span> <span class='ocrx_word' id='word_1_158' title='bbox 1282 1187 1526 1238; x_wconf 88' lang='lat' dir='ltr'>uideantur,</span> <span class='ocrx_word' id='word_1_159' title='bbox 1561 1187 1596 1228; x_wconf 91' lang='lat' dir='ltr'>si</span> <span class='ocrx_word' id='word_1_160' title='bbox 1619 1187 1724 1228; x_wconf 91' lang='lat' dir='ltr'>iuris</span> <span class='ocrx_word' id='word_1_161' title='bbox 1746 1187 1938 1229; x_wconf 89' lang='lat' dir='ltr'>remedia</span> 
     </span>
     <span class='ocr_line' id='line_1_18' title="bbox 157 1251 1934 1302; baseline 0 -9"><span class='ocrx_word' id='word_1_162' title='bbox 157 1253 263 1294; x_wconf 91' lang='lat' dir='ltr'>uelit</span> <span class='ocrx_word' id='word_1_163' title='bbox 296 1253 516 1295; x_wconf 86' lang='lat' dir='ltr'>adhibere.</span> <span class='ocrx_word' id='word_1_164' title='bbox 561 1253 683 1294; x_wconf 88' lang='lat' dir='ltr'>Haec</span> <span class='ocrx_word' id='word_1_165' title='bbox 715 1251 820 1293; x_wconf 90' lang='lat' dir='ltr'>mihi</span> <span class='ocrx_word' id='word_1_166' title='bbox 853 1252 1066 1302; x_wconf 87' lang='lat' dir='ltr'>dicuntur,</span> <span class='ocrx_word' id='word_1_167' title='bbox 1095 1255 1143 1294; x_wconf 92' lang='lat' dir='ltr'>ut</span> <span class='ocrx_word' id='word_1_168' title='bbox 1166 1252 1459 1294; x_wconf 89' lang='lat' dir='ltr'>Ecclesiarum</span> <span class='ocrx_word' id='word_1_169' title='bbox 1485 1252 1744 1294; x_wconf 80' lang='lat' dir='ltr'>Germaniae</span> <span class='ocrx_word' id='word_1_170' title='bbox 1777 1255 1934 1302; x_wconf 89' lang='lat' dir='ltr'>status,</span> 
     </span>
     <span class='ocr_line' id='line_1_19' title="bbox 157 1317 1936 1372; baseline 0 -14"><span class='ocrx_word' id='word_1_171' title='bbox 157 1317 229 1370; x_wconf 88' lang='lat' dir='ltr'>qui</span> <span class='ocrx_word' id='word_1_172' title='bbox 262 1318 371 1360; x_wconf 88' lang='lat' dir='ltr'>satis</span> <span class='ocrx_word' id='word_1_173' title='bbox 404 1318 623 1372; x_wconf 85' lang='lat' dir='ltr'>deplorari</span> <span class='ocrx_word' id='word_1_174' title='bbox 655 1332 740 1359; x_wconf 89' lang='lat' dir='ltr'>non</span> <span class='ocrx_word' id='word_1_175' title='bbox 774 1320 933 1371; x_wconf 87' lang='lat' dir='ltr'>potest,</span> <span class='ocrx_word' id='word_1_176' title='bbox 974 1317 1135 1359; x_wconf 88' lang='lat' dir='ltr'>rectius</span> <span class='ocrx_word' id='word_1_177' title='bbox 1167 1317 1296 1359; x_wconf 87' lang='lat' dir='ltr'>isthic</span> <span class='ocrx_word' id='word_1_178' title='bbox 1328 1317 1614 1370; x_wconf 86' lang='lat' dir='ltr'>intelligatur.</span> <span class='ocrx_word' id='word_1_179' title='bbox 1678 1317 1799 1359; x_wconf 89' lang='lat' dir='ltr'>Nulli</span> <span class='ocrx_word' id='word_1_180' title='bbox 1832 1331 1936 1359; x_wconf 91' lang='lat' dir='ltr'>uero</span> 
     </span>
     <span class='ocr_line' id='line_1_20' title="bbox 155 1382 1936 1436; baseline 0 -13"><span class='ocrx_word' id='word_1_181' title='bbox 155 1382 293 1424; x_wconf 87' lang='lat' dir='ltr'>morbi</span> <span class='ocrx_word' id='word_1_182' title='bbox 342 1383 597 1425; x_wconf 88' lang='lat' dir='ltr'>clericorum</span> <span class='ocrx_word' id='word_1_183' title='bbox 647 1382 887 1435; x_wconf 79' lang='lat' dir='ltr'>grauiores,</span> <span class='ocrx_word' id='word_1_184' title='bbox 938 1396 1067 1436; x_wconf 88' lang='lat' dir='ltr'>quam</span> <span class='ocrx_word' id='word_1_185' title='bbox 1115 1383 1159 1424; x_wconf 91' lang='lat' dir='ltr'>in</span> <span class='ocrx_word' id='word_1_186' title='bbox 1203 1382 1411 1436; x_wconf 79' lang='lat' dir='ltr'>EcclesijS</span> <span class='ocrx_word' id='word_1_187' title='bbox 1457 1382 1789 1424; x_wconf 87' lang='lat' dir='ltr'>Cathedralibus</span> <span class='ocrx_word' id='word_1_188' title='bbox 1834 1395 1936 1423; x_wconf 90' lang='lat' dir='ltr'>con-</span> 
     </span>
     <span class='ocr_line' id='line_1_21' title="bbox 159 1447 1932 1502; baseline 0 -14"><span class='ocrx_word' id='word_1_189' title='bbox 159 1447 413 1501; x_wconf 85' lang='lat' dir='ltr'>spiciuntur.</span> <span class='ocrx_word' id='word_1_190' title='bbox 486 1447 580 1490; x_wconf 88' lang='lat' dir='ltr'>Nec</span> <span class='ocrx_word' id='word_1_191' title='bbox 632 1448 757 1490; x_wconf 91' lang='lat' dir='ltr'>uideo</span> <span class='ocrx_word' id='word_1_192' title='bbox 810 1447 911 1501; x_wconf 88' lang='lat' dir='ltr'>quid</span> <span class='ocrx_word' id='word_1_193' title='bbox 959 1448 1084 1490; x_wconf 91' lang='lat' dir='ltr'>Pont.</span> <span class='ocrx_word' id='word_1_194' title='bbox 1137 1462 1253 1489; x_wconf 84' lang='lat' dir='ltr'>max.</span> <span class='ocrx_word' id='word_1_195' title='bbox 1306 1447 1510 1502; x_wconf 86' lang='lat' dir='ltr'>praesidij</span> <span class='ocrx_word' id='word_1_196' title='bbox 1559 1447 1698 1501; x_wconf 88' lang='lat' dir='ltr'>possit</span> <span class='ocrx_word' id='word_1_197' title='bbox 1746 1447 1932 1489; x_wconf 85' lang='lat' dir='ltr'>adferre.</span> 
     </span>
     <span class='ocr_line' id='line_1_22' title="bbox 160 1512 1935 1566; baseline -0.001 -12"><span class='ocrx_word' id='word_1_198' title='bbox 160 1526 254 1554; x_wconf 90' lang='lat' dir='ltr'>cum</span> <span class='ocrx_word' id='word_1_199' title='bbox 298 1513 390 1555; x_wconf 89' lang='lat' dir='ltr'>eius</span> <span class='ocrx_word' id='word_1_200' title='bbox 429 1513 609 1556; x_wconf 91' lang='lat' dir='ltr'>monitio</span> <span class='ocrx_word' id='word_1_201' title='bbox 652 1517 696 1556; x_wconf 90' lang='lat' dir='ltr'>et</span> <span class='ocrx_word' id='word_1_202' title='bbox 737 1512 974 1555; x_wconf 86' lang='lat' dir='ltr'>Concilium</span> <span class='ocrx_word' id='word_1_203' title='bbox 1009 1512 1310 1555; x_wconf 86' lang='lat' dir='ltr'>Tridentinum</span> <span class='ocrx_word' id='word_1_204' title='bbox 1349 1512 1452 1554; x_wconf 89' lang='lat' dir='ltr'>nihil</span> <span class='ocrx_word' id='word_1_205' title='bbox 1487 1513 1602 1566; x_wconf 89' lang='lat' dir='ltr'>apud</span> <span class='ocrx_word' id='word_1_206' title='bbox 1633 1512 1742 1555; x_wconf 88' lang='lat' dir='ltr'>istos</span> <span class='ocrx_word' id='word_1_207' title='bbox 1774 1512 1935 1553; x_wconf 89' lang='lat' dir='ltr'>habere</span> 
     </span>
     <span class='ocr_line' id='line_1_23' title="bbox 158 1576 1934 1631; baseline -0.001 -11"><span class='ocrx_word' id='word_1_208' title='bbox 158 1578 361 1631; x_wconf 90' lang='lat' dir='ltr'>ponderis</span> <span class='ocrx_word' id='word_1_209' title='bbox 404 1579 619 1621; x_wconf 90' lang='lat' dir='ltr'>uideatur.</span> <span class='ocrx_word' id='word_1_210' title='bbox 685 1578 826 1620; x_wconf 88' lang='lat' dir='ltr'>Pluris</span> <span class='ocrx_word' id='word_1_211' title='bbox 867 1578 941 1620; x_wconf 88' lang='lat' dir='ltr'>isti</span> <span class='ocrx_word' id='word_1_212' title='bbox 974 1578 1244 1627; x_wconf 40' lang='lat' dir='ltr'>Caesarem&amp;</span> <span class='ocrx_word' id='word_1_213' title='bbox 1287 1591 1415 1631; x_wconf 88' lang='lat' dir='ltr'>quam</span> <span class='ocrx_word' id='word_1_214' title='bbox 1460 1577 1712 1620; x_wconf 84' lang='lat' dir='ltr'>Pontificem</span> <span class='ocrx_word' id='word_1_215' title='bbox 1754 1576 1934 1627; x_wconf 88' lang='lat' dir='ltr'>faciunt,</span> 
     </span>
     <span class='ocr_line' id='line_1_24' title="bbox 156 1641 1932 1697; baseline -0.001 -12"><span class='ocrx_word' id='word_1_216' title='bbox 156 1643 259 1685; x_wconf 88' lang='lat' dir='ltr'>licet</span> <span class='ocrx_word' id='word_1_217' title='bbox 300 1643 440 1686; x_wconf 89' lang='lat' dir='ltr'>minor</span> <span class='ocrx_word' id='word_1_218' title='bbox 481 1643 612 1687; x_wconf 88' lang='lat' dir='ltr'>etiam</span> <span class='ocrx_word' id='word_1_219' title='bbox 647 1643 846 1686; x_wconf 85' lang='lat' dir='ltr'>Caesaris</span> <span class='ocrx_word' id='word_1_220' title='bbox 887 1641 1174 1697; x_wconf 83' lang='lat' dir='ltr'>au[c]toritas</span> <span class='ocrx_word' id='word_1_221' title='bbox 1217 1656 1312 1684; x_wconf 89' lang='lat' dir='ltr'>esse</span> <span class='ocrx_word' id='word_1_222' title='bbox 1355 1643 1561 1696; x_wconf 88' lang='lat' dir='ltr'>coeperit,</span> <span class='ocrx_word' id='word_1_223' title='bbox 1608 1656 1736 1695; x_wconf 87' lang='lat' dir='ltr'>quam</span> <span class='ocrx_word' id='word_1_224' title='bbox 1780 1645 1932 1684; x_wconf 90' lang='lat' dir='ltr'>antea:</span> 
     </span>
     <span class='ocr_line' id='line_1_25' title="bbox 159 1707 1936 1763; baseline -0.001 -14"><span class='ocrx_word' id='word_1_225' title='bbox 159 1709 270 1761; x_wconf 91' lang='lat' dir='ltr'>quod</span> <span class='ocrx_word' id='word_1_226' title='bbox 325 1709 387 1750; x_wconf 90' lang='lat' dir='ltr'>illi</span> <span class='ocrx_word' id='word_1_227' title='bbox 431 1709 672 1763; x_wconf 89' lang='lat' dir='ltr'>potentiam</span> <span class='ocrx_word' id='word_1_228' title='bbox 715 1709 795 1750; x_wconf 89' lang='lat' dir='ltr'>tali</span> <span class='ocrx_word' id='word_1_229' title='bbox 836 1709 931 1750; x_wconf 88' lang='lat' dir='ltr'>loco</span> <span class='ocrx_word' id='word_1_230' title='bbox 974 1708 1148 1761; x_wconf 89' lang='lat' dir='ltr'>dignam</span> <span class='ocrx_word' id='word_1_231' title='bbox 1193 1709 1344 1749; x_wconf 87' lang='lat' dir='ltr'>deesse</span> <span class='ocrx_word' id='word_1_232' title='bbox 1387 1707 1667 1750; x_wconf 85' lang='lat' dir='ltr'>arbitrentur.</span> <span class='ocrx_word' id='word_1_233' title='bbox 1740 1707 1936 1760; x_wconf 61' lang='lat' dir='ltr'>Pei-gunt</span> 
     </span>
     <span class='ocr_line' id='line_1_26' title="bbox 155 1771 1933 1828; baseline -0.001 -14"><span class='ocrx_word' id='word_1_234' title='bbox 155 1773 329 1816; x_wconf 78' lang='lat' dir='ltr'>interim</span> <span class='ocrx_word' id='word_1_235' title='bbox 362 1774 600 1816; x_wconf 89' lang='lat' dir='ltr'>Lutherani</span> <span class='ocrx_word' id='word_1_236' title='bbox 633 1774 854 1828; x_wconf 82' lang='lat' dir='ltr'>Principes</span> <span class='ocrx_word' id='word_1_237' title='bbox 887 1773 1127 1828; x_wconf 87' lang='lat' dir='ltr'>Episcopos</span> <span class='ocrx_word' id='word_1_238' title='bbox 1161 1777 1205 1816; x_wconf 90' lang='lat' dir='ltr'>et</span> <span class='ocrx_word' id='word_1_239' title='bbox 1239 1787 1385 1814; x_wconf 86' lang='lat' dir='ltr'>eorum</span> <span class='ocrx_word' id='word_1_240' title='bbox 1419 1772 1761 1814; x_wconf 86' lang='lat' dir='ltr'>iurisdictionem</span> <span class='ocrx_word' id='word_1_241' title='bbox 1793 1771 1933 1824; x_wconf 85' lang='lat' dir='ltr'>magis</span> 
     </span>
     <span class='ocr_line' id='line_1_27' title="bbox 156 1836 1932 1894; baseline -0.002 -13"><span class='ocrx_word' id='word_1_242' title='bbox 156 1852 206 1880; x_wconf 86' lang='lat' dir='ltr'>ac</span> <span class='ocrx_word' id='word_1_243' title='bbox 238 1839 379 1893; x_wconf 85' lang='lat' dir='ltr'>magis</span> <span class='ocrx_word' id='word_1_244' title='bbox 412 1840 493 1881; x_wconf 90' lang='lat' dir='ltr'>sibi</span> <span class='ocrx_word' id='word_1_245' title='bbox 526 1839 752 1894; x_wconf 88' lang='lat' dir='ltr'>subijcere,</span> <span class='ocrx_word' id='word_1_246' title='bbox 787 1852 950 1892; x_wconf 87' lang='lat' dir='ltr'>suoque</span> <span class='ocrx_word' id='word_1_247' title='bbox 983 1839 1086 1880; x_wconf 88' lang='lat' dir='ltr'>fisco</span> <span class='ocrx_word' id='word_1_248' title='bbox 1121 1838 1342 1892; x_wconf 86' lang='lat' dir='ltr'>applicare</span> <span class='ocrx_word' id='word_1_249' title='bbox 1372 1838 1486 1880; x_wconf 87' lang='lat' dir='ltr'>bona</span> <span class='ocrx_word' id='word_1_250' title='bbox 1509 1836 1932 1883; x_wconf 81' lang='lat' dir='ltr'>Ecclesiasticorum,</span> 
     </span>
     <span class='ocr_line' id='line_1_28' title="bbox 156 1902 1933 1959; baseline -0.001 -14"><span class='ocrx_word' id='word_1_251' title='bbox 156 1906 200 1946; x_wconf 89' lang='lat' dir='ltr'>et</span> <span class='ocrx_word' id='word_1_252' title='bbox 233 1904 590 1959; x_wconf 87' lang='lat' dir='ltr'>Episcopatuum,</span> <span class='ocrx_word' id='word_1_253' title='bbox 634 1918 690 1946; x_wconf 81' lang='lat' dir='ltr'>ex</span> <span class='ocrx_word' id='word_1_254' title='bbox 733 1903 886 1957; x_wconf 89' lang='lat' dir='ltr'>quibus</span> <span class='ocrx_word' id='word_1_255' title='bbox 918 1903 1128 1958; x_wconf 77' lang='lat' dir='ltr'>proximis</span> <span class='ocrx_word' id='word_1_256' title='bbox 1161 1903 1312 1945; x_wconf 82' lang='lat' dir='ltr'>annisd</span> <span class='ocrx_word' id='word_1_257' title='bbox 1352 1903 1587 1957; x_wconf 89' lang='lat' dir='ltr'>perierunt,</span> <span class='ocrx_word' id='word_1_258' title='bbox 1631 1902 1933 1956; x_wconf 88' lang='lat' dir='ltr'>Archiepisco-</span> 
     </span>
     <span class='ocr_line' id='line_1_29' title="bbox 155 1967 1931 2023; baseline -0.002 -12"><span class='ocrx_word' id='word_1_259' title='bbox 155 1971 285 2022; x_wconf 86' lang='lat' dir='ltr'>patus</span> <span class='ocrx_word' id='word_1_260' title='bbox 327 1969 731 2023; x_wconf 88' lang='lat' dir='ltr'>Magdeburgensis,</span> <span class='ocrx_word' id='word_1_261' title='bbox 776 1969 1066 2023; x_wconf 86' lang='lat' dir='ltr'>Episcopatus</span> <span class='ocrx_word' id='word_1_262' title='bbox 1108 1968 1441 2022; x_wconf 88' lang='lat' dir='ltr'>Nunburgensis</span> <span class='ocrx_word' id='word_1_263' title='bbox 1483 1971 1528 2010; x_wconf 91' lang='lat' dir='ltr'>et</span> <span class='ocrx_word' id='word_1_264' title='bbox 1569 1967 1931 2021; x_wconf 82' lang='lat' dir='ltr'>Merspurgensis,</span> 
     </span>
     <span class='ocr_line' id='line_1_30' title="bbox 155 2032 1932 2087; baseline -0.001 -12"><span class='ocrx_word' id='word_1_265' title='bbox 155 2034 430 2087; x_wconf 84' lang='lat' dir='ltr'>periclitatur</span> <span class='ocrx_word' id='word_1_266' title='bbox 478 2037 522 2077; x_wconf 89' lang='lat' dir='ltr'>et</span> <span class='ocrx_word' id='word_1_267' title='bbox 566 2033 985 2076; x_wconf 81' lang='lat' dir='ltr'>Halberstatensis3.</span> <span class='ocrx_word' id='word_1_268' title='bbox 1055 2033 1133 2075; x_wconf 80' lang='lat' dir='ltr'>Jta</span> <span class='ocrx_word' id='word_1_269' title='bbox 1178 2033 1294 2074; x_wconf 88' lang='lat' dir='ltr'>uires</span> <span class='ocrx_word' id='word_1_270' title='bbox 1340 2032 1771 2082; x_wconf 89' lang='lat' dir='ltr'>Ecclesiasticorum,</span> <span class='ocrx_word' id='word_1_271' title='bbox 1822 2045 1932 2084; x_wconf 89' lang='lat' dir='ltr'>quae</span> 
     </span>
     <span class='ocr_line' id='line_1_31' title="bbox 157 2097 1929 2152; baseline -0.002 -12"><span class='ocrx_word' id='word_1_272' title='bbox 157 2098 402 2141; x_wconf 88' lang='lat' dir='ltr'>Catholicos</span> <span class='ocrx_word' id='word_1_273' title='bbox 434 2100 646 2142; x_wconf 87' lang='lat' dir='ltr'>hactenus</span> <span class='ocrx_word' id='word_1_274' title='bbox 678 2099 722 2140; x_wconf 89' lang='lat' dir='ltr'>in</span> <span class='ocrx_word' id='word_1_275' title='bbox 757 2099 989 2140; x_wconf 82' lang='lat' dir='ltr'>Germania</span> <span class='ocrx_word' id='word_1_276' title='bbox 1021 2102 1255 2152; x_wconf 88' lang='lat' dir='ltr'>utcumque</span> <span class='ocrx_word' id='word_1_277' title='bbox 1288 2100 1614 2148; x_wconf 89' lang='lat' dir='ltr'>conseruarunt,</span> <span class='ocrx_word' id='word_1_278' title='bbox 1649 2097 1692 2138; x_wconf 92' lang='lat' dir='ltr'>in</span> <span class='ocrx_word' id='word_1_279' title='bbox 1724 2098 1929 2150; x_wconf 85' lang='lat' dir='ltr'>praedam</span> 
     </span>
     <span class='ocr_line' id='line_1_32' title="bbox 156 2163 1574 2217; baseline -0.001 -12"><span class='ocrx_word' id='word_1_280' title='bbox 156 2164 480 2217; x_wconf 85' lang='lat' dir='ltr'>sacrilegorum,</span> <span class='ocrx_word' id='word_1_281' title='bbox 517 2168 561 2207; x_wconf 90' lang='lat' dir='ltr'>et</span> <span class='ocrx_word' id='word_1_282' title='bbox 592 2165 636 2205; x_wconf 92' lang='lat' dir='ltr'>in</span> <span class='ocrx_word' id='word_1_283' title='bbox 668 2163 904 2206; x_wconf 88' lang='lat' dir='ltr'>utilitatem</span> <span class='ocrx_word' id='word_1_284' title='bbox 937 2163 1256 2205; x_wconf 89' lang='lat' dir='ltr'>haereticorum</span> <span class='ocrx_word' id='word_1_285' title='bbox 1290 2163 1574 2217; x_wconf 87' lang='lat' dir='ltr'>abripiuntur.</span> 
     </span>
    </p>

    <p class='ocr_par' dir='ltr' id='par_1_3' title="bbox 276 2232 1929 2290">
     <span class='ocr_line' id='line_1_33' title="bbox 276 2232 1929 2290; baseline -0.002 -13"><span class='ocrx_word' id='word_1_286' title='bbox 276 2236 333 2278; x_wconf 79' lang='lat' dir='ltr'>Jn</span> <span class='ocrx_word' id='word_1_287' title='bbox 366 2235 595 2290; x_wconf 89' lang='lat' dir='ltr'>Episcopis</span> <span class='ocrx_word' id='word_1_288' title='bbox 627 2234 788 2277; x_wconf 87' lang='lat' dir='ltr'>nostris</span> <span class='ocrx_word' id='word_1_289' title='bbox 819 2234 900 2276; x_wconf 92' lang='lat' dir='ltr'>hoc</span> <span class='ocrx_word' id='word_1_290' title='bbox 932 2248 1013 2287; x_wconf 87' lang='lat' dir='ltr'>ego</span> <span class='ocrx_word' id='word_1_291' title='bbox 1047 2234 1224 2288; x_wconf 91' lang='lat' dir='ltr'>deploro</span> <span class='ocrx_word' id='word_1_292' title='bbox 1257 2234 1460 2284; x_wconf 79' lang='lat' dir='ltr'>maxime,</span> <span class='ocrx_word' id='word_1_293' title='bbox 1497 2233 1611 2287; x_wconf 91' lang='lat' dir='ltr'>quod</span> <span class='ocrx_word' id='word_1_294' title='bbox 1644 2234 1784 2275; x_wconf 90' lang='lat' dir='ltr'>nullos</span> <span class='ocrx_word' id='word_1_295' title='bbox 1816 2232 1929 2286; x_wconf 86' lang='lat' dir='ltr'>apud</span> 
     </span>
    </p>
   </div>
   <div class='ocr_carea' id='block_1_3' title="bbox 156 2297 1931 2419">
    <p class='ocr_par' dir='ltr' id='par_1_4' title="bbox 156 2297 1931 2419">
     <span class='ocr_line' id='line_1_34' title="bbox 156 2297 1931 2354; baseline -0.002 -13"><span class='ocrx_word' id='word_1_296' title='bbox 156 2314 202 2342; x_wconf 85' lang='lat' dir='ltr'>se</span> <span class='ocrx_word' id='word_1_297' title='bbox 226 2301 472 2354; x_wconf 89' lang='lat' dir='ltr'>Theologos</span> <span class='ocrx_word' id='word_1_298' title='bbox 505 2300 707 2350; x_wconf 86' lang='lat' dir='ltr'>habeant,</span> <span class='ocrx_word' id='word_1_299' title='bbox 742 2303 786 2341; x_wconf 91' lang='lat' dir='ltr'>et</span> <span class='ocrx_word' id='word_1_300' title='bbox 809 2300 1012 2342; x_wconf 86' lang='lat' dir='ltr'>Canonici</span> <span class='ocrx_word' id='word_1_301' title='bbox 1045 2299 1150 2341; x_wconf 89' lang='lat' dir='ltr'>iuris</span> <span class='ocrx_word' id='word_1_302' title='bbox 1181 2299 1370 2353; x_wconf 87' lang='lat' dir='ltr'>peritos:</span> <span class='ocrx_word' id='word_1_303' title='bbox 1404 2300 1662 2353; x_wconf 85' lang='lat' dir='ltr'>plaerosque</span> <span class='ocrx_word' id='word_1_304' title='bbox 1696 2311 1798 2339; x_wconf 89' lang='lat' dir='ltr'>uero</span> <span class='ocrx_word' id='word_1_305' title='bbox 1822 2297 1931 2339; x_wconf 84' lang='lat' dir='ltr'>Con-</span> 
     </span>
     <span class='ocr_line' id='line_1_35' title="bbox 157 2363 1931 2419; baseline -0.002 -12"><span class='ocrx_word' id='word_1_306' title='bbox 157 2365 342 2408; x_wconf 85' lang='lat' dir='ltr'>siliarios</span> <span class='ocrx_word' id='word_1_307' title='bbox 384 2366 678 2415; x_wconf 85' lang='lat' dir='ltr'>Lutheranos,</span> <span class='ocrx_word' id='word_1_308' title='bbox 725 2365 924 2417; x_wconf 85' lang='lat' dir='ltr'>talesque</span> <span class='ocrx_word' id='word_1_309' title='bbox 969 2364 1172 2407; x_wconf 79' lang='lat' dir='ltr'>mittunte</span> <span class='ocrx_word' id='word_1_310' title='bbox 1218 2364 1401 2419; x_wconf 85' lang='lat' dir='ltr'>Spiram,</span> <span class='ocrx_word' id='word_1_311' title='bbox 1447 2367 1496 2406; x_wconf 91' lang='lat' dir='ltr'>ut</span> <span class='ocrx_word' id='word_1_312' title='bbox 1539 2376 1784 2405; x_wconf 84' lang='lat' dir='ltr'>assessores</span> <span class='ocrx_word' id='word_1_313' title='bbox 1824 2363 1931 2404; x_wconf 88' lang='lat' dir='ltr'>fiant</span> 
     </span>
    </p>
   </div>
   <div class='ocr_carea' id='block_1_4' title="bbox 170 2599 303 2604">
    <p class='ocr_par' dir='ltr' id='par_1_5' title="bbox 170 2599 303 2604">
     <span class='ocr_line' id='line_1_36' title="bbox 170 2599 303 2604; baseline 0 0"><span class='ocrx_word' id='word_1_314' title='bbox 170 2599 303 2604; x_wconf 95' lang='lat' dir='ltr'> </span> 
     </span>
    </p>
   </div>
   <div class='ocr_carea' id='block_1_5' title="bbox 159 2471 1927 2692">
    <p class='ocr_par' dir='ltr' id='par_1_6' title="bbox 159 2471 1927 2692">
     <span class='ocr_line' id='line_1_37' title="bbox 278 2471 1927 2506; baseline -0.002 -7"><span class='ocrx_word' id='word_1_315' title='bbox 278 2478 304 2501; x_wconf 69' lang='lat' dir='ltr'>a)</span> <span class='ocrx_word' id='word_1_316' title='bbox 328 2476 371 2499; x_wconf 71' lang='lat' dir='ltr'>Ab</span> <span class='ocrx_word' id='word_1_317' title='bbox 391 2476 456 2506; x_wconf 70' lang='lat' dir='ltr'>ipso</span> <span class='ocrx_word' id='word_1_318' title='bbox 476 2475 602 2500; x_wconf 73' lang='lat' dir='ltr'>librario</span> <span class='ocrx_word' id='word_1_319' title='bbox 622 2475 665 2499; x_wconf 73' lang='lat' dir='ltr'>ita</span> <span class='ocrx_word' id='word_1_320' title='bbox 686 2478 845 2500; x_wconf 71' lang='lat' dir='ltr'>correctum</span> <span class='ocrx_word' id='word_1_321' title='bbox 866 2478 906 2499; x_wconf 77' lang='lat' dir='ltr'>est</span> <span class='ocrx_word' id='word_1_322' title='bbox 927 2482 963 2499; x_wconf 67' lang='lat' dir='ltr'>ea·</span> <span class='ocrx_word' id='word_1_323' title='bbox 984 2473 1039 2499; x_wconf 82' lang='lat' dir='ltr'>sas.</span> <span class='ocrx_word' id='word_1_324' title='bbox 1108 2474 1137 2504; x_wconf 84' lang='lat' dir='ltr'>b)</span> <span class='ocrx_word' id='word_1_325' title='bbox 1159 2475 1206 2498; x_wconf 76' lang='lat' dir='ltr'>Ita</span> <span class='ocrx_word' id='word_1_326' title='bbox 1227 2474 1293 2499; x_wconf 77' lang='lat' dir='ltr'>libr.</span> <span class='ocrx_word' id='word_1_327' title='bbox 1314 2474 1442 2498; x_wconf 62' lang='lat' dir='ltr'>coi-remit</span> <span class='ocrx_word' id='word_1_328' title='bbox 1464 2481 1500 2497; x_wconf 64' lang='lat' dir='ltr'>ea·</span> <span class='ocrx_word' id='word_1_329' title='bbox 1519 2471 1611 2504; x_wconf 79' lang='lat' dir='ltr'>longj.</span> <span class='ocrx_word' id='word_1_330' title='bbox 1675 2472 1701 2503; x_wconf 87' lang='grc'>(·)</span> <span class='ocrx_word' id='word_1_331' title='bbox 1724 2472 1783 2497; x_wconf 79' lang='lat' dir='ltr'>Hoc</span> <span class='ocrx_word' id='word_1_332' title='bbox 1797 2479 1821 2496; x_wconf 68' lang='lat' dir='ltr'>v.</span> <span class='ocrx_word' id='word_1_333' title='bbox 1836 2479 1927 2502; x_wconf 74' lang='lat' dir='ltr'>supra</span> 
     </span>
     <span class='ocr_line' id='line_1_38' title="bbox 159 2514 1602 2548; baseline -0.002 -7"><span class='ocrx_word' id='word_1_334' title='bbox 159 2524 271 2541; x_wconf 74' lang='lat' dir='ltr'>versum</span> <span class='ocrx_word' id='word_1_335' title='bbox 292 2517 434 2548; x_wconf 72' lang='lat' dir='ltr'>scriptmn</span> <span class='ocrx_word' id='word_1_336' title='bbox 456 2520 507 2541; x_wconf 72' lang='lat' dir='ltr'>est.</span> <span class='ocrx_word' id='word_1_337' title='bbox 577 2516 606 2548; x_wconf 84' lang='lat' dir='ltr'>d)</span> <span class='ocrx_word' id='word_1_338' title='bbox 628 2519 652 2541; x_wconf 74' lang='grc' dir='ltr'><strong><em>Α</em></strong></span> <span class='ocrx_word' id='word_1_339' title='bbox 673 2517 740 2541; x_wconf 76' lang='lat' dir='ltr'>libr.</span> <span class='ocrx_word' id='word_1_340' title='bbox 761 2524 835 2541; x_wconf 73' lang='lat' dir='ltr'>corr.</span> <span class='ocrx_word' id='word_1_341' title='bbox 856 2524 892 2540; x_wconf 64' lang='lat' dir='ltr'>er</span> <span class='ocrx_word' id='word_1_342' title='bbox 911 2515 1052 2548; x_wconf 83' lang='lat' dir='ltr'>proximo</span> <span class='ocrx_word' id='word_1_343' title='bbox 1074 2522 1162 2540; x_wconf 85' lang='lat' dir='ltr'>anno.</span> <span class='ocrx_word' id='word_1_344' title='bbox 1237 2520 1263 2547; x_wconf 24' lang='lat' dir='ltr'>ev)</span> <span class='ocrx_word' id='word_1_345' title='bbox 1285 2515 1424 2547; x_wconf 73' lang='lat' dir='ltr'>Sequitur</span> <span class='ocrx_word' id='word_1_346' title='bbox 1444 2514 1492 2544; x_wconf 81' lang='lat' dir='ltr'>ad,</span> <span class='ocrx_word' id='word_1_347' title='bbox 1512 2514 1602 2539; x_wconf 77' lang='lat' dir='ltr'>oblitt.</span> 
     </span>
     <span class='ocr_line' id='line_1_39' title="bbox 280 2656 1435 2692; baseline -0.002 -1"><span class='ocrx_word' id='word_1_348' title='bbox 280 2658 288 2676; x_wconf 93' lang='lat'>¹</span> <span class='ocrx_word' id='word_1_349' title='bbox 317 2657 370 2691; x_wconf 85' lang='lat' dir='ltr'>Cf.</span> <span class='ocrx_word' id='word_1_350' title='bbox 401 2658 487 2692; x_wconf 77' lang='lat' dir='ltr'>Can.</span> <span class='ocrx_word' id='word_1_351' title='bbox 515 2657 565 2691; x_wconf 87' lang='lat' dir='ltr'>IV</span> <span class='ocrx_word' id='word_1_352' title='bbox 592 2658 661 2692; x_wconf 71' lang='lat'>:345</span> <span class='ocrx_word' id='word_1_353' title='bbox 688 2658 887 2692; x_wconf 77' lang='lat'>562—563.</span> <span class='ocrx_word' id='word_1_354' title='bbox 1035 2658 1048 2677; x_wconf 74' lang='lat'>‘2</span> <span class='ocrx_word' id='word_1_355' title='bbox 1075 2656 1363 2691; x_wconf 59' lang='lat' dir='ltr'>B‘Iaxiinilianum</span> <span class='ocrx_word' id='word_1_356' title='bbox 1392 2656 1435 2690; x_wconf 93' lang='lat' dir='ltr'>II.</span> 
     </span>
    </p>
   </div>
   <div class='ocr_carea' id='block_1_6' title="bbox 155 2713 1930 3131">
    <p class='ocr_par' dir='ltr' id='par_1_7' title="bbox 155 2713 1930 3131">
     <span class='ocr_line' id='line_1_40' title="bbox 278 2713 1929 2761; baseline -0.002 -12"><span class='ocrx_word' id='word_1_357' title='bbox 278 2717 290 2735; x_wconf 74' lang='lat'><strong>³</strong></span> <span class='ocrx_word' id='word_1_358' title='bbox 316 2715 368 2749; x_wconf 92' lang='lat' dir='ltr'>De</span> <span class='ocrx_word' id='word_1_359' title='bbox 400 2716 611 2761; x_wconf 80' lang='lat' dir='ltr'>episcopatu</span> <span class='ocrx_word' id='word_1_360' title='bbox 637 2716 919 2760; x_wconf 81' lang='lat' dir='ltr'>naumburgensi</span> <span class='ocrx_word' id='word_1_361' title='bbox 954 2728 986 2750; x_wconf 82' lang='lat' dir='ltr'>v,</span> <span class='ocrx_word' id='word_1_362' title='bbox 1022 2717 1107 2750; x_wconf 80' lang='lat' dir='ltr'>Cau.</span> <span class='ocrx_word' id='word_1_363' title='bbox 1135 2715 1183 2749; x_wconf 74' lang='lat' dir='ltr'>IV</span> <span class='ocrx_word' id='word_1_364' title='bbox 1212 2715 1316 2755; x_wconf 69' lang='lat'>60813</span> <span class='ocrx_word' id='word_1_365' title='bbox 1354 2715 1396 2748; x_wconf 89' lang='lat' dir='ltr'>de</span> <span class='ocrx_word' id='word_1_366' title='bbox 1432 2714 1734 2757; x_wconf 83' lang='lat' dir='ltr'>magdeburgensi</span> <span class='ocrx_word' id='word_1_367' title='bbox 1764 2714 1851 2747; x_wconf 81' lang='lat' dir='ltr'>Can.</span> <span class='ocrx_word' id='word_1_368' title='bbox 1878 2713 1929 2746; x_wconf 87' lang='lat'>111</span> 
     </span>
     <span class='ocr_line' id='line_1_41' title="bbox 161 2766 1930 2813; baseline -0.002 -11"><span class='ocrx_word' id='word_1_369' title='bbox 161 2769 256 2809; x_wconf 79' lang='lat'>3602,</span> <span class='ocrx_word' id='word_1_370' title='bbox 294 2769 337 2802; x_wconf 90' lang='lat' dir='ltr'>de</span> <span class='ocrx_word' id='word_1_371' title='bbox 372 2769 664 2813; x_wconf 84' lang='lat' dir='ltr'>merseburgensi</span> <span class='ocrx_word' id='word_1_372' title='bbox 695 2771 781 2804; x_wconf 75' lang='lat' dir='ltr'>Can.</span> <span class='ocrx_word' id='word_1_373' title='bbox 802 2770 832 2803; x_wconf 89' lang='lat' dir='ltr'>V</span> <span class='ocrx_word' id='word_1_374' title='bbox 857 2770 949 2803; x_wconf 69' lang='lat'>174³.</span> <span class='ocrx_word' id='word_1_375' title='bbox 989 2768 1235 2803; x_wconf 81' lang='lat' dir='ltr'>Halberstadii</span> <span class='ocrx_word' id='word_1_376' title='bbox 1266 2767 1533 2810; x_wconf 82' lang='lat' dir='ltr'>(Halberstadt)</span> <span class='ocrx_word' id='word_1_377' title='bbox 1563 2766 1760 2811; x_wconf 82' lang='lat' dir='ltr'>capitulum</span> <span class='ocrx_word' id='word_1_378' title='bbox 1787 2766 1930 2800; x_wconf 77' lang='lat' dir='ltr'>a.1566</span> 
     </span>
     <span class='ocr_line' id='line_1_42' title="bbox 157 2820 1929 2867; baseline -0.001 -13"><span class='ocrx_word' id='word_1_379' title='bbox 157 2821 352 2855; x_wconf 85' lang='lat' dir='ltr'>Henricum</span> <span class='ocrx_word' id='word_1_380' title='bbox 371 2821 510 2862; x_wconf 86' lang='lat' dir='ltr'>Iulium,</span> <span class='ocrx_word' id='word_1_381' title='bbox 536 2822 615 2856; x_wconf 84' lang='lat' dir='ltr'>Iulii</span> <span class='ocrx_word' id='word_1_382' title='bbox 641 2823 743 2856; x_wconf 84' lang='lat' dir='ltr'>ducis</span> <span class='ocrx_word' id='word_1_383' title='bbox 762 2821 1276 2867; x_wconf 83' lang='lat' dir='ltr'>brunsvico-guelpherbytani</span> <span class='ocrx_word' id='word_1_384' title='bbox 1300 2821 1413 2854; x_wconf 87' lang='lat' dir='ltr'>filium</span> <span class='ocrx_word' id='word_1_385' title='bbox 1442 2820 1519 2864; x_wconf 88' lang='lat' dir='ltr'>(qui</span> <span class='ocrx_word' id='word_1_386' title='bbox 1546 2821 1634 2854; x_wconf 90' lang='lat' dir='ltr'>duos</span> <span class='ocrx_word' id='word_1_387' title='bbox 1652 2823 1793 2854; x_wconf 83' lang='lat' dir='ltr'>tantum</span> <span class='ocrx_word' id='word_1_388' title='bbox 1817 2830 1929 2853; x_wconf 86' lang='lat' dir='ltr'>annos</span> 
     </span>
     <span class='ocr_line' id='line_1_43' title="bbox 155 2873 1929 2920; baseline -0.002 -12"><span class='ocrx_word' id='word_1_389' title='bbox 155 2877 264 2908; x_wconf 81' lang='lat' dir='ltr'>natus</span> <span class='ocrx_word' id='word_1_390' title='bbox 291 2876 369 2908; x_wconf 84' lang='lat' dir='ltr'>erat</span> <span class='ocrx_word' id='word_1_391' title='bbox 395 2878 431 2908; x_wconf 91' lang='lat' dir='ltr'>et</span> <span class='ocrx_word' id='word_1_392' title='bbox 448 2878 588 2919; x_wconf 84' lang='lat' dir='ltr'>patrem</span> <span class='ocrx_word' id='word_1_393' title='bbox 606 2875 763 2909; x_wconf 85' lang='lat' dir='ltr'>habebat</span> <span class='ocrx_word' id='word_1_394' title='bbox 790 2875 1050 2919; x_wconf 83' lang='lat' dir='ltr'>lutheranum),</span> <span class='ocrx_word' id='word_1_395' title='bbox 1078 2876 1284 2920; x_wconf 87' lang='lat' dir='ltr'>episcopum</span> <span class='ocrx_word' id='word_1_396' title='bbox 1309 2874 1377 2908; x_wconf 87' lang='lat' dir='ltr'>sibi</span> <span class='ocrx_word' id='word_1_397' title='bbox 1397 2873 1648 2918; x_wconf 84' lang='lat' dir='ltr'>postulaverat</span> <span class='ocrx_word' id='word_1_398' title='bbox 1673 2885 1715 2908; x_wconf 88' lang='lat' dir='ltr'>ea</span> <span class='ocrx_word' id='word_1_399' title='bbox 1741 2884 1822 2907; x_wconf 91' lang='lat' dir='ltr'>cum</span> <span class='ocrx_word' id='word_1_400' title='bbox 1849 2884 1929 2906; x_wconf 90' lang='lat' dir='ltr'>con-</span> 
     </span>
     <span class='ocr_line' id='line_1_44' title="bbox 156 2925 1928 2973; baseline -0.001 -13"><span class='ocrx_word' id='word_1_401' title='bbox 156 2928 304 2967; x_wconf 86' lang='lat' dir='ltr'>dicione,</span> <span class='ocrx_word' id='word_1_402' title='bbox 331 2930 370 2961; x_wconf 90' lang='lat' dir='ltr'>ut</span> <span class='ocrx_word' id='word_1_403' title='bbox 397 2927 457 2961; x_wconf 87' lang='lat' dir='ltr'>ille</span> <span class='ocrx_word' id='word_1_404' title='bbox 483 2927 660 2962; x_wconf 80' lang='lat' dir='ltr'>catholice</span> <span class='ocrx_word' id='word_1_405' title='bbox 685 2929 909 2969; x_wconf 77' lang='lat' dir='ltr'>educaretur,</span> <span class='ocrx_word' id='word_1_406' title='bbox 937 2932 973 2963; x_wconf 86' lang='lat' dir='ltr'>et</span> <span class='ocrx_word' id='word_1_407' title='bbox 999 2932 1039 2962; x_wconf 81' lang='lat' dir='ltr'>ut</span> <span class='ocrx_word' id='word_1_408' title='bbox 1065 2928 1238 2973; x_wconf 78' lang='lat' dir='ltr'>proximis</span> <span class='ocrx_word' id='word_1_409' title='bbox 1266 2927 1307 2960; x_wconf 79' lang='lat'>12</span> <span class='ocrx_word' id='word_1_410' title='bbox 1326 2927 1430 2961; x_wconf 87' lang='lat' dir='ltr'>annis</span> <span class='ocrx_word' id='word_1_411' title='bbox 1448 2927 1622 2961; x_wconf 86' lang='lat' dir='ltr'>dioecesis</span> <span class='ocrx_word' id='word_1_412' title='bbox 1648 2938 1712 2971; x_wconf 87' lang='lat' dir='ltr'>per</span> <span class='ocrx_word' id='word_1_413' title='bbox 1730 2925 1928 2970; x_wconf 79' lang='lat' dir='ltr'>capitulum</span> 
     </span>
     <span class='ocr_line' id='line_1_45' title="bbox 156 2977 1930 3024; baseline -0.001 -10"><span class='ocrx_word' id='word_1_414' title='bbox 156 2981 471 3014; x_wconf 84' lang='lat' dir='ltr'>administraretur</span> <span class='ocrx_word' id='word_1_415' title='bbox 500 2980 669 3023; x_wconf 72' lang='lat' dir='ltr'>(Janssen</span> <span class='ocrx_word' id='word_1_416' title='bbox 696 2981 718 3015; x_wconf 87' lang='lat' dir='ltr'>l.</span> <span class='ocrx_word' id='word_1_417' title='bbox 746 2993 774 3015; x_wconf 87' lang='lat' dir='ltr'>c.</span> <span class='ocrx_word' id='word_1_418' title='bbox 795 2982 844 3015; x_wconf 76' lang='lat' dir='ltr'>IV</span> <span class='ocrx_word' id='word_1_419' title='bbox 864 2983 952 3002; x_wconf 39' lang='lat'>¹⁵⁴⁶</span> <span class='ocrx_word' id='word_1_420' title='bbox 979 2981 1204 3024; x_wconf 78' lang='lat'>528—529);</span> <span class='ocrx_word' id='word_1_421' title='bbox 1233 2991 1340 3024; x_wconf 82' lang='lat' dir='ltr'>quam</span> <span class='ocrx_word' id='word_1_422' title='bbox 1367 2980 1645 3024; x_wconf 83' lang='lat' dir='ltr'>postulationem</span> <span class='ocrx_word' id='word_1_423' title='bbox 1673 2990 1752 3013; x_wconf 87' lang='lat' dir='ltr'>cum</span> <span class='ocrx_word' id='word_1_424' title='bbox 1783 2979 1866 3012; x_wconf 83' lang='lat' dir='ltr'>Pius</span> <span class='ocrx_word' id='word_1_425' title='bbox 1884 2977 1930 3012; x_wconf 83' lang='lat' dir='ltr'>V.</span> 
     </span>
     <span class='ocr_line' id='line_1_46' title="bbox 155 3033 1929 3078; baseline -0.002 -11"><span class='ocrx_word' id='word_1_426' title='bbox 155 3033 351 3074; x_wconf 84' lang='lat' dir='ltr'>reiecisset,</span> <span class='ocrx_word' id='word_1_427' title='bbox 388 3034 567 3067; x_wconf 87' lang='lat' dir='ltr'>Henricus</span> <span class='ocrx_word' id='word_1_428' title='bbox 595 3034 707 3067; x_wconf 89' lang='lat' dir='ltr'>lulius</span> <span class='ocrx_word' id='word_1_429' title='bbox 744 3035 966 3078; x_wconf 82' lang='lat' dir='ltr'>episcopatui</span> <span class='ocrx_word' id='word_1_430' title='bbox 1003 3035 1039 3068; x_wconf 89' lang='lat' dir='ltr'>vi</span> <span class='ocrx_word' id='word_1_431' title='bbox 1075 3037 1112 3068; x_wconf 88' lang='lat' dir='ltr'>et</span> <span class='ocrx_word' id='word_1_432' title='bbox 1146 3034 1272 3067; x_wconf 82' lang='lat' dir='ltr'>fraude</span> <span class='ocrx_word' id='word_1_433' title='bbox 1305 3033 1468 3067; x_wconf 85' lang='lat' dir='ltr'>intrusus</span> <span class='ocrx_word' id='word_1_434' title='bbox 1503 3033 1764 3077; x_wconf 85' lang='lat' dir='ltr'>impositusque</span> <span class='ocrx_word' id='word_1_435' title='bbox 1801 3034 1856 3065; x_wconf 84' lang='lat' dir='ltr'>est</span> <span class='ocrx_word' id='word_1_436' title='bbox 1893 3033 1929 3064; x_wconf 77' lang='lat' dir='ltr'>et</span> 
     </span>
     <span class='ocr_line' id='line_1_47' title="bbox 155 3086 1304 3131; baseline 0.001 -11"><span class='ocrx_word' id='word_1_437' title='bbox 155 3098 302 3130; x_wconf 82' lang='lat' dir='ltr'>gregem</span> <span class='ocrx_word' id='word_1_438' title='bbox 330 3086 547 3120; x_wconf 81' lang='lat' dir='ltr'>catholicum</span> <span class='ocrx_word' id='word_1_439' title='bbox 573 3087 707 3121; x_wconf 86' lang='lat' dir='ltr'>sensim</span> <span class='ocrx_word' id='word_1_440' title='bbox 736 3087 780 3120; x_wconf 83' lang='lat' dir='ltr'>ad</span> <span class='ocrx_word' id='word_1_441' title='bbox 808 3087 955 3121; x_wconf 84' lang='lat' dir='ltr'>Lutheri</span> <span class='ocrx_word' id='word_1_442' title='bbox 982 3090 1104 3131; x_wconf 84' lang='lat' dir='ltr'>partes</span> <span class='ocrx_word' id='word_1_443' title='bbox 1131 3087 1304 3121; x_wconf 82' lang='lat' dir='ltr'>traduxit.</span> 
     </span>
    </p>
   </div>
  </div>
 </body>
</html>
