2044 3335
139 91 223 133 568
429 109 431 111 ·
799 90 892 124 Mon.
921 90 988 124 948
1015 90 1092 124 sive
1119 91 1155 124 it.
1178 90 1244 133 (l).

541 208 578 248 2.
592 205 887 248 Jnueniendus
906 208 973 248 est
987 207 1138 248 modus
1156 207 1310 259 aliquis
1329 209 1650 250 conseruandae
1669 208 1898 262 religiosae

479 271 695 313 libertatis
719 275 894 313 nostrae
917 272 1072 314 saltem
1102 272 1144 313 in
1167 275 1400 325 posterum,
1434 274 1495 314 uti
1520 274 1659 326 quoad
1684 274 1897 327 guberna-

480 335 640 377 tionem
673 339 918 378 nostrorum
953 350 978 377 a
1000 336 1269 390 Principibus
1303 350 1355 378 ne
1387 337 1681 391 impediamur.
1736 339 1897 391 Magna

480 400 591 442 enim
617 400 823 443 Societati
856 403 1031 443 nostrae
1060 401 1232 443 uidetur
1263 401 1439 444 inducta
1471 403 1659 445 seruitus
1682 403 1896 457 Monachij

479 468 523 507 et
566 465 818 519 Oeniponti‚
861 470 909 508 ut
951 465 1024 507 uix
1066 466 1260 508 Societas
1302 466 1431 508 etiam
1474 470 1658 520 urgente
1700 470 1897 510 extrema

480 530 742 573 necessitate
784 529 1033 584 person[am
1069 529 1328 585 p]ubli[cam
1363 545 1384 572 e
1416 532 1510 573 loco
1544 531 1648 586 un]o
1682 533 1722 573 in
1766 533 1896 574 alium

478 598 648 638 mutare
680 596 829 649 possit.
868 595 963 637 Nisi
984 595 1119 648 igitur
1145 594 1431 650 [Prin]cipum
1466 596 1508 638 in
1530 602 1701 640 nostros
1724 597 1900 640 liberior

480 660 693 703 autoritas
724 660 985 714 tempestiue
1007 661 1282 714 reprimatur,
1317 664 1361 703 et
1387 661 1575 703 ferendis
1599 665 1664 704 tot
1697 663 1899 704 oneribus

478 725 667 779 impares
700 725 871 776 erimus,
906 729 950 768 et
982 728 1155 767 nostros
1195 725 1238 766 in
1272 725 1411 767 officio
1446 727 1665 769 continere
1706 727 1781 769 uix
1821 742 1896 782 po-

477 790 671 833 terimus,
728 790 913 832 Videtur
944 792 1174 844 praeterea
1207 790 1371 832 Romae
1404 791 1655 841 cauendum,
1689 805 1742 833 ne
1774 792 1896 833 Prin-

479 855 621 909 cipum
661 854 893 908 petitiones
935 854 1063 896 facile
1105 854 1414 905 admittantur,
1458 869 1567 908 quae
1613 856 1755 898 onmia
1796 859 1898 898 ante

482 919 758 962 fundationes
789 919 960 961 facilius
993 923 1109 962 esset
1142 933 1309 962 cauere.

538 993 576 1034 3.
596 991 817 1044 Rogamus
831 990 1131 1032 Reuerendum
1147 991 1261 1033 P.N.
1276 993 1289 1018 1
1311 993 1359 1033 ut
1381 1005 1543 1033 memor
1562 991 1753 1034 afflictae
1774 992 1898 1034 huius

477 1055 725 1110 prouinciae
768 1055 1026 1097 Germaniae
1068 1056 1322 1109 superioris,
1366 1070 1476 1109 quae
1517 1056 1569 1098 in
1610 1057 1785 1098 medio
1826 1057 1897 1098 lu—

477 1121 691 1175 porum2
723 1121 809 1163 sita
842 1123 920 1171 est,
963 1134 1158 1174 quaeque
1190 1121 1255 1162 his
1297 1121 1421 1163 annis
1453 1124 1630 1175 propter
1672 1125 1898 1175 apostatas

479 1200 504 1228 a
535 1185 632 1236 fide,
667 1188 712 1228 et
744 1186 851 1227 alios
883 1186 1091 1236 internos,
1125 1188 1415 1239 externosque
1447 1187 1619 1228 morbos
1659 1186 1774 1228 haud
1806 1186 1898 1228 sine

477 1250 614 1303 graui,
649 1263 784 1303 eoque
813 1249 980 1304 publico
1004 1250 1208 1292 scandalo
1231 1251 1368 1292 multa
1401 1252 1468 1292 est
1499 1264 1642 1305 passa,
1676 1250 1783 1293 uelit
1816 1251 1898 1304 (uti

478 1315 606 1368 solet)
629 1317 810 1369 paterne
832 1315 1054 1357 nobiscum
1076 1315 1118 1356 in
1142 1319 1361 1369 posterum
1387 1329 1530 1369 agere,
1565 1319 1695 1368 atque
1721 1316 1763 1356 in
1786 1316 1897 1358 hanc

476 1380 741 1435 prouinciam
765 1394 849 1422 non
872 1380 951 1422 nisi
975 1380 1017 1421 in
1040 1384 1223 1433 utroque
1241 1380 1441 1422 homine3
1463 1380 1622 1422 solidos
1641 1383 1684 1422 et
1706 1380 1896 1430 idoneos,

477 1446 617 1499 quoad
660 1446 750 1487 eius
790 1446 883 1487 fieri
928 1446 1111 1500 poterit,
1154 1445 1342 1488 mittere.
1406 1446 1569 1487 Cauere
1610 1445 1807 1499 insuper,
1849 1449 1898 1488 ut

478 1511 729 1552 moderatae
752 1510 839 1552 sint
856 1510 1095 1562 missiones,
1120 1524 1173 1552 ne
1189 1510 1380 1563 Collegia
1403 1510 1597 1564 personis
1616 1511 1764 1552 crebro
1783 1510 1899 1552 ultro

479 1576 675 1629 citroque
693 1575 929 1626 mittendis,
955 1578 1002 1618 ut
1021 1575 1250 1629 aliquando
1268 1575 1433 1618 factum
1457 1578 1535 1626 est,
1560 1575 1744 1617 maiores
1768 1589 1895 1628 quam

477 1643 659 1695 possunt
691 1642 888 1694 sumptus
920 1640 1067 1682 facere
1102 1643 1327 1694 cogantur.

537 1714 578 1754 4.
612 1711 733 1761 Quod
773 1711 809 1752 si
842 1711 1125 1753 Prouincialis
1159 1714 1311 1754 contra
1351 1711 1666 1765 incorrigibiles
1699 1713 1744 1753 et
1784 1711 1897 1765 peri-

480 1777 648 1818 culosos
665 1775 858 1818 homines
876 1776 1080 1818 maiorem
1100 1791 1183 1818 non
1203 1776 1259 1818 sit
1276 1776 1515 1827 habiturus,
1536 1790 1663 1829 quam
1686 1777 1898 1818 hactenus

478 1842 785 1894 potestaten14‚
820 1841 966 1883 uideat
998 1841 1044 1883 P.
1078 1840 1133 1883 N.
1168 1855 1223 1882 an
1261 1841 1447 1882 carceris
1488 1855 1591 1882 usus
1632 1841 1898 1883 inducendus

478 1905 548 1955 sit,
582 1908 630 1947 ut
661 1905 704 1947 hi
736 1906 920 1947 rebelles
944 1909 988 1949 et
1021 1905 1212 1947 seditiosi
1238 1906 1591 1959 comprimantur.
1641 1905 1899 1948 Jnciderunt

477 1971 590 2012 enim
623 1971 831 2013 nonnulla
870 1971 955 2013 ian]
990 1985 1100 2024 quae
1140 1971 1236 2025 alijs
1277 1971 1479 2024 remedijs
1520 1971 1722 2013 uidentur
1755 1972 1897 2013 curari

477 2049 562 2077 non
594 2050 735 2090 posse.

539 2108 577 2149 5.
613 2106 656 2148 Si
690 2106 859 2159 quando
884 2106 1165 2148 Prouincialis
1198 2107 1267 2148 uel
1299 2107 1461 2148 Rector
1493 2107 1544 2148 de
1576 2107 1794 2149 sententia
1826 2121 1896 2149 su-

477 2185 598 2213 orum
644 2171 993 2213 Consiliariorum
1038 2172 1183 2225 aliqua
1225 2172 1511 2224 Collegiorum
1556 2172 1810 2225 grauamina
1853 2172 1896 2213 in

476 2236 627 2278 vrbem
660 2236 836 2285 scribat,
872 2250 1097 2290 precamur
1129 2236 1175 2278 P.
1210 2236 1265 2279 N.
1300 2236 1449 2279 credat
1490 2250 1585 2278 esse
1626 2236 1895 2289 grauamina,

479 2304 522 2344 et
568 2315 646 2355 pro
693 2301 956 2343 necessitate
1002 2301 1227 2355 proposita
1272 2300 1398 2344 citius
1444 2301 1572 2343 solito
1620 2301 1660 2343 in
1711 2301 1895 2343 medium

478 2366 690 2408 consulat.

538 2438 577 2480 6.
613 2437 769 2479 Videat
805 2437 851 2480 P.
885 2436 940 2479 N.
975 2437 1236 2491 expediatne
1277 2451 1436 2479 nouum
1479 2440 1523 2480 et
1564 2450 1762 2478 seuerum
1803 2436 1896 2478 fieri

476 2502 742 2553 mandatum,
775 2505 824 2544 ut
855 2502 898 2543 hi
932 2502 1002 2555 qui
1025 2502 1270 2556 superiores
1292 2516 1377 2544 non
1408 2505 1522 2552 sunt,
1555 2501 1731 2556 propria
1752 2501 1897 2555 sigilla

478 2581 562 2608 non
593 2567 783 2609 habeant
816 2567 926 2620 (siue
949 2567 1181 2610 Societatis
1213 2567 1314 2618 sint,
1348 2567 1439 2609 siue
1472 2566 1768 2619 externorum)
1802 2565 1894 2619 qui—

136 2709 231 2739 uero,
259 2699 318 2742 qui
344 2711 410 2734 nec
437 2711 577 2742 graues,
612 2712 678 2735 nec
704 2703 876 2744 urgentes
901 2703 995 2742 sunt,
1031 2704 1242 2746 expectetur
1277 2701 1430 2735 consulti
1458 2700 1643 2735 Generalis
1674 2711 1894 2745 responsum.

134 2750 232 2784 Idem
258 2752 482 2795 intelligatur
508 2754 550 2787 de
577 2753 631 2798 ijs,
658 2755 718 2798 qui
746 2766 766 2788 a
785 2755 993 2799 Praeposito
1013 2754 1179 2789 Generali
1206 2757 1290 2788 sunt
1315 2754 1426 2795 missi,
1453 2754 1511 2787 uel
1537 2754 1581 2788 ab
1608 2765 1648 2787 eo
1675 2753 1832 2794 admissi,
1861 2756 1899 2786 et

136 2803 178 2836 de
205 2803 433 2839 benemeritis
459 2806 501 2840 de
528 2807 706 2841 Societate
732 2807 834 2841 iuxta
861 2819 937 2852 cap.
956 2807 1109 2852 primum
1137 2810 1248 2842 const.
1275 2808 1326 2840 2³0
1352 2818 1426 2851 par.
1455 2808 1490 2840 et
1515 2807 1592 2840 eius
1618 2806 1893 2840 declarationem

135 2854 170 2889 li:
199 2867 226 2889 c.
255 2859 290 2890 et
316 2857 426 2891 decla.
446 2869 498 2892 ca.
525 2860 561 2892 2¹.
590 2871 663 2904 par.
691 2861 743 2894 22³²
768 2860 805 2894 li.
831 2860 865 2894 b.
892 2863 928 2894 et
953 2861 1003 2894 c.“
1029 2861 1090 2903 (ex
1116 2860 1279 2905 exemplo
1306 2860 1520 2904 archetypo3
1550 2859 1634 2894 Can.
1660 2860 1705 2893 42
1732 2859 1756 2894 f.
1784 2859 1895 2902 10521).

260 2911 266 2928 ¹
295 2909 328 2942 S.
356 2910 584 2945 Franciscum
612 2912 778 2956 Borgiam
806 2912 1048 2957 praepositum
1075 2913 1291 2956 generalem.

256 2962 268 2980 ‘-'
294 2962 348 2994 Mt
376 2962 427 3003 10,
457 2964 516 3003 16;
545 2965 589 2998 cf.
617 2964 666 2999 Lc
695 2966 747 3007 10,
775 2966 806 3000 3.

259 3015 270 3032 ³
298 3014 334 3047 In
362 3026 507 3058 corpore
534 3018 570 3049 et
596 3017 724 3051 anima.

258 3068 268 3086 ⁴
296 3066 517 3101 l'otestatem
544 3068 745 3103 dimittendi
771 3070 995 3113 significant3
1023 3083 1058 3105 v.
1086 3082 1194 3115 supra
1220 3082 1252 3115 p.
1272 3071 1368 3104 567⁵.
