2044 3335
675 93 874 139 Oeniponte
903 95 932 128 1.
953 95 1108 139 Augusti
1137 95 1238 129 1571.
1755 98 1840 139 455

76 211 262 254 virtutes
294 210 453 264 partim
487 210 720 252 aemularis
753 214 942 262 strenue,
977 211 1136 265 partim
1170 212 1225 253 ad
1247 212 1394 254 viuum
1419 211 1733 264 quodammodo
1764 226 1842 254 ex-

76 275 237 330 primis,
281 275 317 316 si
358 275 616 329 praesertim
649 275 946 328 quotidianam
988 276 1032 318 in
1073 280 1119 318 te
1150 276 1446 326 sobrietatem,
1489 276 1526 318 si
1567 276 1841 319 clementiam

75 340 339 393 singularem
373 342 417 382 et
438 340 659 381 incensum
682 341 827 383 auitae
850 340 1073 393 religionis
1094 341 1285 382 studium
1309 341 1642 384 consideremus.
1681 341 1842 390 Quibus

76 419 180 447 sane
212 405 341 446 rebus
372 404 415 446 id
448 405 739 458 consequeris,
784 408 832 448 vt
864 405 1012 459 magni
1044 405 1255 459 paruique
1287 409 1331 448 te
1364 406 1616 460 suspiciant,
1649 409 1843 449 tantum-

77 483 159 523 que
190 470 269 512 tibi
302 469 582 512 authoritatis
615 470 828 520 deferant,
872 471 1082 523 quantum
1124 470 1222 511 boni
1263 484 1412 512 omnes
1443 471 1487 512 in
1520 485 1686 513 summo
1719 471 1843 513 Prin-

77 535 170 588 cipe
203 537 468 577 venerantur
500 538 632 587 atque
665 535 826 578 colunt.
874 535 954 576 His
988 534 1159 577 accedit
1189 535 1335 589 iudicij
1369 536 1560 585 solertia,
1595 550 1722 589 quam
1747 550 1842 578 cum

76 600 119 641 in
151 603 195 642 te
228 613 359 654 saepe
391 599 514 650 alias,
555 603 649 642 tum
681 614 786 642 vero
819 599 1021 650 maxime,
1065 613 1148 653 quo
1190 602 1386 653 tempore
1420 601 1696 643 serenissimo
1728 601 1843 656 patri

75 668 151 707 tuo
193 664 355 718 tibique
397 679 422 706 a
463 664 598 706 sacris
641 664 915 707 concionibus
957 678 1097 706 essem
1114 666 1144 715 1,
1187 664 1315 706 facile
1357 665 1658 708 animaduerti.
1722 665 1843 708 Adeo

76 730 256 772 dextere
288 744 339 772 ac
372 730 510 783 perite
542 730 657 772 inter
690 733 813 772 casta
846 732 890 772 et
912 730 1094 784 impura,
1128 730 1244 772 inter
1265 730 1510 772 orthodoxa
1532 733 1576 772 et
1598 730 1844 773 adulterina

75 794 282 847 dogmata
314 797 438 849 potes
472 795 717 837 discernere
750 798 881 848 atque
915 794 1165 837 diiudicare.
1207 794 1322 836 Nam
1355 798 1399 837 et
1421 794 1660 849 spiritualis
1682 795 1842 846 vnctio,

75 873 186 912 quae
208 859 475 901 Catholicum
508 863 660 913 pectus
693 860 745 901 de
778 859 977 901 omnibus
1005 859 1172 901 creditu
1195 859 1453 914 necessarijs
1475 859 1589 902 haud
1613 859 1845 902 difficulter

76 925 244 975 docet2,
291 925 460 967 abunde
501 924 695 978 suppetit
735 924 828 974 tibi,
871 924 943 978 qui
985 924 1149 967 veteris
1192 924 1414 978 religionis
1457 938 1503 966 es
1540 925 1844 967 tenacissimus

76 992 235 1033 custos,
290 990 353 1032 Tu
386 1004 489 1031 vero
522 989 638 1043 ipse³
670 989 775 1031 nihil
808 990 942 1031 habes
975 989 1208 1043 antiquius,
1243 1004 1373 1043 quam
1405 990 1536 1032 matri
1568 990 1844 1032 venerandae

76 1054 311 1105 Ecclesiae,
345 1069 430 1096 non
463 1055 601 1096 solum
625 1055 677 1096 de
700 1054 927 1109 scripturis
952 1054 1108 1096 diuinis
1129 1055 1327 1105 testanti,
1356 1055 1432 1097 sed
1456 1055 1588 1098 etiam
1611 1055 1844 1109 genuinum

75 1134 223 1161 earum
256 1134 429 1162 sensum
462 1119 773 1173 interpretanti
805 1120 981 1162 credere
993 1120 1019 1171 ¹³,
1063 1120 1241 1173 eiusque
1284 1120 1470 1163 decretis
1511 1123 1556 1163 et
1588 1121 1845 1164 authoritati

75 1185 389 1239 obtemperare.
440 1184 658 1238 Siquidem
693 1199 747 1227 ex
779 1199 884 1238 rege
916 1185 1236 1240 sapientissimo
1261 1186 1491 1228 Salomone
1523 1187 1748 1240 praeclare
1782 1186 1844 1228 di-

75 1250 230 1300 dicisti,
274 1250 328 1292 ad
360 1250 543 1292 filiorum
579 1250 659 1292 Dei
692 1250 880 1292 officium
915 1251 984 1292 vel
1017 1250 1206 1293 maxime
1238 1251 1470 1304 pertinere,
1513 1254 1563 1293 vt
1600 1266 1685 1293 non
1718 1252 1844 1294 modo

75 1315 256 1369 patris
303 1315 471 1358 aeterni
520 1315 881 1369 disciplinam
936 1317 1191 1365 obseruent,
1241 1330 1393 1358 verum
1441 1316 1573 1359 etiam
1621 1317 1844 1359 Ecclesiae

75 1381 273 1423 matris
305 1382 481 1434 legem
514 1395 597 1422 non
633 1381 851 1431 deserant,
896 1383 961 1423 etc
993 1395 1019 1423 a
1052 1381 1285 1423 muliere
1328 1381 1530 1424 aliena3
1562 1382 1844 1437 improbaque

74 1445 243 1500 pellice,
287 1460 398 1499 quae
438 1449 590 1500 typum
633 1447 864 1489 haereseos
906 1447 1022 1500 gerit
1062 1448 1248 1500 fucoque
1280 1447 1553 1490 meretriciod
1584 1448 1733 1490 multis
1764 1448 1845 1490 im-

75 1511 210 1565 ponit,
244 1525 510 1566 magnopere
542 1512 623 1554 sibi
655 1514 843 1555 caueant
865 1512 1218 1566 prospiciantque
1232 1513 1260 1555 4.
1304 1512 1491 1555 Proinde
1514 1514 1632 1555 nulla
1653 1513 1697 1555 in
1719 1517 1845 1568 parte

76 1576 284 1619 Catholici
319 1577 537 1630 dogmatis
570 1577 904 1627 claudicas5,
939 1578 1015 1620 sed
1047 1578 1161 1631 quod
1195 1578 1348 1632 optimi
1382 1578 1591 1632 Principis
1624 1578 1844 1633 proprium

74 1655 169 1684 esse
202 1642 343 1692 debet,
378 1642 594 1694 integram
628 1656 759 1684 verae
791 1642 889 1684 fidei
924 1645 968 1685 et
1001 1642 1335 1685 Ecclesiasticae
1367 1643 1615 1686 traditionis
1648 1645 1844 1697 regulam

72 1707 281 1750 inuiolate
323 1708 527 1757 custodis,
570 1721 711 1761 neque
753 1707 832 1750 tibi
875 1707 1104 1761 quicquam
1148 1722 1243 1750 cum
1287 1708 1510 1751 Ecclesiae
1551 1709 1846 1752 desertoribus

73 1773 236 1826 negotij
271 1787 368 1815 esse
400 1775 560 1827 potest.
604 1773 777 1815 Pridem
800 1773 913 1815 enim
937 1773 1159 1827 intelligis,
1195 1776 1405 1827 quantum
1439 1775 1691 1817 detrimenti
1713 1776 1845 1828 atque

72 1837 251 1892 periculi
276 1838 405 1892 Resp.
430 1838 589 1893 capiat,
614 1839 688 1880 vbi
710 1838 849 1880 libera
872 1853 1011 1881 nouae
1034 1839 1249 1893 impietati
1274 1842 1376 1882 sunt
1409 1840 1670 1882 diuersoria:
1704 1843 1845 1883 recte-

73 1917 156 1956 que
196 1903 384 1951 iudicas,
431 1917 457 1945 a
497 1904 607 1946 tuis⁸
649 1904 905 1958 prouinciis,
949 1918 1061 1958 quae
1094 1905 1363 1948 Catholicum
1397 1919 1552 1948 nomen
1586 1907 1846 1960 profitentur

73 1968 307 2019 hactenus,
351 1969 537 2011 alienum
579 1984 757 2024 prorsus
800 1984 895 2011 esse
937 1972 1160 2024 oportere,
1204 1970 1277 2012 vtf
1315 1985 1411 2012 cum
1454 1985 1531 2013 suo
1564 1971 1765 2025 Principe
1802 1971 1845 2012 in

74 2033 310 2087 religioneg
342 2034 603 2089 discrepent,
645 2038 691 2078 et
722 2036 766 2076 in
799 2035 946 2077 varias
979 2035 1032 2077 de
1064 2036 1148 2077 fide
1180 2036 1404 2090 opiniones
1438 2038 1571 2090 atque
1603 2036 1845 2079 sententias

74 2099 312 2142 distractae
346 2100 640 2153 diuulsaeque,
678 2100 963 2154 grauissimis,
998 2104 1046 2144 vt
1078 2102 1128 2144 fit
1160 2101 1276 2152 alibi,
1319 2101 1606 2144 seditionibus
1638 2101 1846 2144 diuexen-

72 2165 211 2208 turhss.
260 2165 492 2207 Praetereo
524 2165 738 2218 insignem
770 2166 1037 2219 grauitatem
1071 2170 1115 2209 et
1147 2181 1290 2209 raram
1325 2167 1584 2221 sapientiam
1609 2181 1845 2222 paremque

194 2247 221 2278 a)
243 2246 356 2273 custos.
394 2245 480 2271 Vnde
499 2249 516 2271 3
529 2249 553 2271 4.
634 2246 663 2276 b)
684 2246 775 2272 fidem
794 2246 906 2272 habere
927 2250 943 2271 3
957 2250 980 2272 4.
1061 2250 1086 2276 c)
1108 2250 1141 2273 In
1163 2250 1179 2273 3
1194 2250 1209 2273 4
1229 2249 1364 2281 sequitur
1383 2248 1506 2274 ideirco.
1581 2247 1612 2279 d)
1634 2247 1798 2273 meritricio
1821 2250 1844 2273 1.

74 2290 101 2321 e)
122 2287 268 2317 custodis,
294 2288 443 2313 maiorum
469 2295 555 2313 sacra
582 2287 724 2313 instituta
751 2288 856 2314 sedulo
879 2288 1027 2318 defendis,
1055 2296 1071 2314 a
1092 2289 1249 2321 religionis
1270 2289 1430 2315 nouandae
1451 2289 1553 2315 studio
1575 2290 1605 2314 et
1626 2288 1845 2314 consuetudine

73 2337 194 2363 semper
219 2329 376 2356 abhorres.
414 2329 597 2362 Iampridem
623 2330 703 2355 enim
729 2329 885 2362 intelligis,
912 2331 1059 2363 quantum
1086 2331 1167 2356 inter
1197 2332 1329 2357 veterem
1359 2332 1389 2357 et
1416 2338 1526 2357 nouam
1553 2330 1643 2355 fidem
1663 2330 1795 2359 intersit.
1815 2330 1846 2355 et

74 2379 163 2405 quam
183 2371 320 2405 dispares
340 2371 458 2397 fruetus
478 2370 514 2396 ab
535 2371 674 2404 vtraque.
695 2371 730 2397 vt
748 2370 791 2397 ita
812 2371 918 2401 dicam,
938 2372 1047 2398 arbore
1068 2372 1261 2405 colligantur.
1300 2374 1375 2399 Tum
1394 2373 1548 2406 praeclare
1563 2372 1689 2401 iudicas,
1709 2371 1770 2397 tuis
1790 2374 1807 2397 3
1820 2374 1845 2397 4.

72 2414 100 2445 f)
121 2413 278 2443 hactenus,
298 2413 332 2438 vt
352 2412 536 2442 indecorum.
558 2413 600 2438 ita
620 2414 651 2438 et
670 2412 874 2446 perniciosum
895 2414 970 2444 fore,
991 2414 1017 2439 si
1031 2416 1047 2439 3
1067 2416 1092 2439 4.
1166 2418 1196 2446 g)
1218 2415 1248 2440 in
1269 2414 1447 2440 Orthodoxa
1468 2414 1609 2439 doctrina
1629 2416 1645 2438 3
1659 2416 1682 2438 4.
1758 2413 1789 2445 h)
1810 2413 1845 2439 vt

73 2454 143 2481 alibi
163 2455 277 2488 passim
298 2455 409 2484 euenit,
430 2454 632 2480 seditionibus
653 2453 849 2486 exagitentur
868 2457 904 2486 2,-
930 2455 1088 2488 opiniones
1109 2456 1341 2489 sententiasque
1362 2456 1536 2484 distractae,
1557 2455 1587 2480 id
1608 2455 1690 2488 quod
1711 2454 1794 2485 libet,
1814 2455 1845 2480 in

72 2497 168 2523 sacris
188 2503 308 2530 quoque
329 2496 385 2522 sibi
406 2496 496 2522 licere
516 2495 707 2522 arbitrentur
727 2498 743 2521 3
757 2498 781 2521 4.

195 2609 397 2644 ¹Canisius
438 2609 668 2643 Vindobonae
707 2609 922 2644 Ferdinandi
962 2611 986 2644 I.
1027 2609 1269 2645 Romanorum
1312 2611 1409 2654 regis
1449 2611 1731 2644 contionatorem
1771 2609 1846 2654 egit

72 2675 103 2697 a.
125 2663 378 2704 1553—1555;
406 2663 547 2706 Pragae
574 2674 694 2697 coram
721 2663 948 2697 Ferdinando
968 2663 1011 2698 ΙΙ.
1031 2664 1224 2698 archiduce
1252 2663 1330 2708 (qui
1357 2664 1433 2698 loco
1452 2663 1693 2698 Maximiliani
1720 2663 1844 2697 fratris

72 2716 264 2750 Bohemiae
290 2728 442 2760 regnum
468 2716 759 2760 administrabat)
786 2728 817 2750 a.
835 2717 925 2751 1555
953 2718 990 2751 et
1010 2717 1100 2752 1556
1128 2717 1344 2762 compluries
1363 2717 1543 2752 orationes
1570 2728 1693 2751 sacras
1719 2717 1845 2751 habuit

73 2769 333 2814 (VVolfsqruber
358 2770 380 2804 l.
409 2782 438 2804 c.
466 2769 515 2814 [v.
542 2781 653 2815 supra
680 2782 712 2815 p.
734 2769 808 2814 162]
836 2771 880 2804 69
908 2770 988 2805 605.
1031 2771 1152 2805 Cani
1178 2771 1248 2805 438
1275 2771 1344 2805 548
1371 2771 1439 2806 613
1468 2771 1534 2805 747
1564 2771 1661 2815 768).

192 2824 205 2843 2
232 2823 285 2858 Cf.
316 2825 331 2857 1
360 2824 397 2857 Io
423 2824 455 2864 2,
484 2824 548 2865 20;
575 2824 596 2857 2
624 2824 693 2858 Cor
722 2825 751 2864 1,
778 2824 835 2858 21.

193 2878 204 2896 ³
230 2877 304 2911 Prv
333 2877 362 2917 1,
390 2878 429 2917 8:
459 2877 490 2918 2,
521 2877 575 2912 16.
722 2879 734 2896 4
761 2876 814 2911 Cf.
842 2877 916 2911 Prv
944 2878 975 2917 7,
1002 2877 1130 2911 4—27.

192 2931 205 2949 ⁵
232 2930 252 2964 3
279 2930 335 2973 Rg
364 2930 417 2971 18,
444 2931 501 2966 21.
537 2931 586 2965 Ps
617 2931 670 2972 17,
697 2931 755 2965 46.
795 2930 893 2964 Hebr
922 2931 975 2971 12,
1004 2931 1058 2964 13.

191 2984 203 3003 ‘³
231 2983 395 3018 Canisius
433 2984 489 3018 his
524 2984 646 3019 verbis
685 2984 904 3018 subobscure
943 2986 1060 3018 terras
1099 2984 1292 3028 significat,
1332 2984 1462 3028 quibus
1501 2985 1771 3019 Maximilianus
1811 2987 1847 3019 et

72 3035 232 3078 Carolus,
263 3037 478 3071 Ferdinandi
504 3038 645 3079 fratres,
682 3037 926 3082 imperabant:
962 3037 1181 3079 Bohemiam,
1208 3038 1393 3072 Austriam
1429 3038 1636 3073 inferiorem
1664 3038 1775 3082 (infra
1811 3041 1846 3072 et

70 3101 179 3134 supra
205 3090 384 3134 Anisum),
412 3090 566 3133 Sthiam,
595 3090 815 3125 Carinthiam
844 3093 932 3131 etc.;
960 3102 994 3125 V.
1021 3102 1131 3136 supra
1158 3103 1191 3136 p.
1211 3091 1296 3125 223¹
1324 3091 1392 3127 238
1420 3092 1499 3126 367.
