<?xml version="1.0" encoding="UTF-8"?>
<!DOCTYPE html PUBLIC "-//W3C//DTD XHTML 1.0 Transitional//EN"
    "http://www.w3.org/TR/xhtml1/DTD/xhtml1-transitional.dtd">
<html xmlns="http://www.w3.org/1999/xhtml" xml:lang="en" lang="en">
 <head>
  <title>
</title>
<meta http-equiv="Content-Type" content="text/html;charset=utf-8" />
  <meta name='ocr-system' content='tesseract 3.04.00' />
  <meta name='ocr-capabilities' content='ocr_page ocr_carea ocr_par ocr_line ocrx_word'/>
</head>
<body>
  <div class='ocr_page' id='page_1' title='image "beatipetricanisi06cani_0712.png"; bbox 0 0 2044 3335; ppageno 0'>
   <div class='ocr_carea' id='block_1_1' title="bbox 129 56 1494 106">
    <p class='ocr_par' dir='ltr' id='par_1_1' title="bbox 129 56 1494 106">
     <span class='ocr_line' id='line_1_1' title="bbox 129 56 1494 106; baseline -0.004 -10"><span class='ocrx_word' id='word_1_1' title='bbox 129 63 212 106; x_wconf 79' lang='lat'>638</span> <span class='ocrx_word' id='word_1_2' title='bbox 516 61 611 94; x_wconf 81' lang='lat' dir='ltr'>Mon.</span> <span class='ocrx_word' id='word_1_3' title='bbox 639 60 708 95; x_wconf 83' lang='lat'>998</span> <span class='ocrx_word' id='word_1_4' title='bbox 735 60 811 93; x_wconf 85' lang='lat' dir='ltr'>sive</span> <span class='ocrx_word' id='word_1_5' title='bbox 838 70 914 92; x_wconf 89' lang='lat' dir='ltr'>oen.</span> <span class='ocrx_word' id='word_1_6' title='bbox 937 58 1026 101; x_wconf 79' lang='lat'>(26).</span> <span class='ocrx_word' id='word_1_7' title='bbox 1077 57 1130 91; x_wconf 80' lang='lat'>18.</span> <span class='ocrx_word' id='word_1_8' title='bbox 1150 56 1364 91; x_wconf 90' lang='lat' dir='ltr'>Novembris</span> <span class='ocrx_word' id='word_1_9' title='bbox 1393 56 1494 91; x_wconf 84' lang='lat'>1571.</span> 
     </span>
    </p>
   </div>
   <div class='ocr_carea' id='block_1_2' title="bbox 128 170 1904 1281">
    <p class='ocr_par' dir='ltr' id='par_1_2' title="bbox 128 170 1900 698">
     <span class='ocr_line' id='line_1_2' title="bbox 129 170 1896 221; baseline -0.005 -8"><span class='ocrx_word' id='word_1_10' title='bbox 129 181 165 213; x_wconf 87' lang='lat' dir='ltr'>et</span> <span class='ocrx_word' id='word_1_11' title='bbox 190 177 328 212; x_wconf 87' lang='lat' dir='ltr'>inuenti</span> <span class='ocrx_word' id='word_1_12' title='bbox 355 178 542 221; x_wconf 80' lang='lat' dir='ltr'>praeterea</span> <span class='ocrx_word' id='word_1_13' title='bbox 568 185 704 214; x_wconf 85' lang='lat' dir='ltr'>aurum,</span> <span class='ocrx_word' id='word_1_14' title='bbox 732 175 933 216; x_wconf 84' lang='lat' dir='ltr'>argentum,</span> <span class='ocrx_word' id='word_1_15' title='bbox 961 171 1121 206; x_wconf 87' lang='lat' dir='ltr'>clenodia</span> <span class='ocrx_word' id='word_1_16' title='bbox 1147 173 1183 205; x_wconf 92' lang='lat' dir='ltr'>et</span> <span class='ocrx_word' id='word_1_17' title='bbox 1208 172 1329 215; x_wconf 88' lang='lat' dir='ltr'>magni</span> <span class='ocrx_word' id='word_1_18' title='bbox 1354 170 1527 211; x_wconf 78' lang='lat' dir='ltr'>thesauri,</span> <span class='ocrx_word' id='word_1_19' title='bbox 1553 171 1620 205; x_wconf 91' lang='lat' dir='ltr'>mit</span> <span class='ocrx_word' id='word_1_20' title='bbox 1645 170 1793 215; x_wconf 88' lang='lat' dir='ltr'>allerley</span> <span class='ocrx_word' id='word_1_21' title='bbox 1818 182 1896 216; x_wconf 88' lang='lat' dir='ltr'>pro-</span> 
     </span>
     <span class='ocr_line' id='line_1_3' title="bbox 128 223 1898 276; baseline -0.005 -11"><span class='ocrx_word' id='word_1_22' title='bbox 128 231 258 276; x_wconf 75' lang='lat' dir='ltr'>phand,</span> <span class='ocrx_word' id='word_1_23' title='bbox 295 229 471 267; x_wconf 61' lang='lat' dir='ltr'>michem,</span> <span class='ocrx_word' id='word_1_24' title='bbox 508 226 692 270; x_wconf 67' lang='lat' dir='ltr'>geschfflz,</span> <span class='ocrx_word' id='word_1_25' title='bbox 727 226 867 266; x_wconf 80' lang='lat' dir='ltr'>waffen,</span> <span class='ocrx_word' id='word_1_26' title='bbox 903 225 1046 265; x_wconf 87' lang='lat' dir='ltr'>buluer,</span> <span class='ocrx_word' id='word_1_27' title='bbox 1081 224 1342 267; x_wconf 78' lang='lat' dir='ltr'>schiffriistung</span> <span class='ocrx_word' id='word_1_28' title='bbox 1378 226 1467 258; x_wconf 76' lang='lat' dir='ltr'>etc.a</span> <span class='ocrx_word' id='word_1_29' title='bbox 1498 224 1717 258; x_wconf 84' lang='lat' dir='ltr'>frumentum</span> <span class='ocrx_word' id='word_1_30' title='bbox 1751 223 1898 265; x_wconf 85' lang='lat' dir='ltr'>biscoet,</span> 
     </span>
     <span class='ocr_line' id='line_1_4' title="bbox 129 276 1898 328; baseline -0.004 -11"><span class='ocrx_word' id='word_1_31' title='bbox 129 283 232 328; x_wconf 69' lang='lat' dir='ltr'>speiss</span> <span class='ocrx_word' id='word_1_32' title='bbox 260 283 331 316; x_wconf 81' lang='lat' dir='ltr'>vnd</span> <span class='ocrx_word' id='word_1_33' title='bbox 359 280 494 314; x_wconf 87' lang='lat' dir='ltr'>dranck</span> <span class='ocrx_word' id='word_1_34' title='bbox 515 307 521 314; x_wconf 95' lang='lat'>.</span> <span class='ocrx_word' id='word_1_35' title='bbox 543 306 549 313; x_wconf 92' lang='lat'>.</span> <span class='ocrx_word' id='word_1_36' title='bbox 570 306 577 312; x_wconf 93' lang='lat'>.</span> <span class='ocrx_word' id='word_1_37' title='bbox 598 279 691 322; x_wconf 90' lang='lat' dir='ltr'>quod</span> <span class='ocrx_word' id='word_1_38' title='bbox 718 277 913 323; x_wconf 84' lang='lat' dir='ltr'>Christianj</span> <span class='ocrx_word' id='word_1_39' title='bbox 951 277 1085 322; x_wconf 86' lang='lat' dir='ltr'>captiuj</span> <span class='ocrx_word' id='word_1_40' title='bbox 1121 277 1279 311; x_wconf 91' lang='lat' dir='ltr'>animum</span> <span class='ocrx_word' id='word_1_41' title='bbox 1315 277 1521 322; x_wconf 88' lang='lat' dir='ltr'>acceperint</span> <span class='ocrx_word' id='word_1_42' title='bbox 1555 276 1738 321; x_wconf 82' lang='lat' dir='ltr'>pugnandj</span> <span class='ocrx_word' id='word_1_43' title='bbox 1774 278 1898 310; x_wconf 88' lang='lat' dir='ltr'>contra</span> 
     </span>
     <span class='ocr_line' id='line_1_5' title="bbox 129 329 1898 375; baseline -0.004 -5"><span class='ocrx_word' id='word_1_44' title='bbox 129 337 274 371; x_wconf 84' lang='lat' dir='ltr'>Turcas.</span> <span class='ocrx_word' id='word_1_45' title='bbox 303 336 336 368; x_wconf 85' lang='lat' dir='ltr'>et</span> <span class='ocrx_word' id='word_1_46' title='bbox 363 335 505 367; x_wconf 88' lang='lat' dir='ltr'>nostros</span> <span class='ocrx_word' id='word_1_47' title='bbox 531 332 689 366; x_wconf 88' lang='lat' dir='ltr'>iuuerint</span> <span class='ocrx_word' id='word_1_48' title='bbox 715 331 759 365; x_wconf 88' lang='lat' dir='ltr'>ad</span> <span class='ocrx_word' id='word_1_49' title='bbox 785 331 878 365; x_wconf 84' lang='lat' dir='ltr'>hanc</span> <span class='ocrx_word' id='word_1_50' title='bbox 904 331 1094 365; x_wconf 86' lang='lat' dir='ltr'>victoriam</span> <span class='ocrx_word' id='word_1_51' title='bbox 1113 357 1120 364; x_wconf 95' lang='lat'>.</span> <span class='ocrx_word' id='word_1_52' title='bbox 1141 357 1149 364; x_wconf 93' lang='lat'>.</span> <span class='ocrx_word' id='word_1_53' title='bbox 1169 357 1176 364; x_wconf 90' lang='lat'>.</span> <span class='ocrx_word' id='word_1_54' title='bbox 1228 330 1294 364; x_wconf 89' lang='lat' dir='ltr'>Dei</span> <span class='ocrx_word' id='word_1_55' title='bbox 1321 342 1409 375; x_wconf 92' lang='lat' dir='ltr'>opus</span> <span class='ocrx_word' id='word_1_56' title='bbox 1436 331 1515 370; x_wconf 86' lang='lat' dir='ltr'>fuit,</span> <span class='ocrx_word' id='word_1_57' title='bbox 1542 330 1635 374; x_wconf 89' lang='lat' dir='ltr'>quod</span> <span class='ocrx_word' id='word_1_58' title='bbox 1671 329 1782 374; x_wconf 84' lang='lat' dir='ltr'>nostrj</span> <span class='ocrx_word' id='word_1_59' title='bbox 1809 331 1898 363; x_wconf 90' lang='lat' dir='ltr'>tem—</span> 
     </span>
     <span class='ocr_line' id='line_1_6' title="bbox 129 381 1900 434; baseline -0.003 -12"><span class='ocrx_word' id='word_1_60' title='bbox 129 390 225 434; x_wconf 85' lang='lat' dir='ltr'>poris</span> <span class='ocrx_word' id='word_1_61' title='bbox 253 386 446 431; x_wconf 70' lang='lat' dir='ltr'>Catholici,</span> <span class='ocrx_word' id='word_1_62' title='bbox 482 396 592 430; x_wconf 84' lang='lat' dir='ltr'>supra</span> <span class='ocrx_word' id='word_1_63' title='bbox 628 396 768 418; x_wconf 87' lang='lat' dir='ltr'>omnem</span> <span class='ocrx_word' id='word_1_64' title='bbox 804 395 904 429; x_wconf 87' lang='lat' dir='ltr'>spem</span> <span class='ocrx_word' id='word_1_65' title='bbox 941 386 977 418; x_wconf 87' lang='lat' dir='ltr'>et</span> <span class='ocrx_word' id='word_1_66' title='bbox 1012 383 1300 428; x_wconf 74' lang='lat' dir='ltr'>expectationem</span> <span class='ocrx_word' id='word_1_67' title='bbox 1336 383 1508 417; x_wconf 87' lang='lat' dir='ltr'>bonorum</span> <span class='ocrx_word' id='word_1_68' title='bbox 1543 383 1579 416; x_wconf 91' lang='lat' dir='ltr'>in</span> <span class='ocrx_word' id='word_1_69' title='bbox 1616 386 1768 426; x_wconf 87' lang='lat' dir='ltr'>quatuor</span> <span class='ocrx_word' id='word_1_70' title='bbox 1801 381 1900 416; x_wconf 87' lang='lat' dir='ltr'>horis</span> 
     </span>
     <span class='ocr_line' id='line_1_7' title="bbox 129 436 1900 481; baseline -0.003 -6"><span class='ocrx_word' id='word_1_71' title='bbox 129 441 236 475; x_wconf 78' lang='lat' dir='ltr'>talem</span> <span class='ocrx_word' id='word_1_72' title='bbox 264 440 452 474; x_wconf 86' lang='lat' dir='ltr'>victoriam</span> <span class='ocrx_word' id='word_1_73' title='bbox 479 438 692 479; x_wconf 75' lang='lat' dir='ltr'>obtinerent,</span> <span class='ocrx_word' id='word_1_74' title='bbox 719 465 726 472; x_wconf 91' lang='lat'>.</span> <span class='ocrx_word' id='word_1_75' title='bbox 748 465 754 472; x_wconf 95' lang='lat'>.</span> <span class='ocrx_word' id='word_1_76' title='bbox 777 464 784 471; x_wconf 93' lang='lat'>.</span> <span class='ocrx_word' id='word_1_77' title='bbox 803 437 945 481; x_wconf 88' lang='lat' dir='ltr'>qualem</span> <span class='ocrx_word' id='word_1_78' title='bbox 972 437 1147 471; x_wconf 87' lang='lat' dir='ltr'>hactenus</span> <span class='ocrx_word' id='word_1_79' title='bbox 1165 448 1235 470; x_wconf 90' lang='lat' dir='ltr'>non</span> <span class='ocrx_word' id='word_1_80' title='bbox 1261 437 1459 481; x_wconf 87' lang='lat' dir='ltr'>reperimus</span> <span class='ocrx_word' id='word_1_81' title='bbox 1484 436 1657 481; x_wconf 74' lang='lat' dir='ltr'>scriptam</span> <span class='ocrx_word' id='word_1_82' title='bbox 1683 436 1717 469; x_wconf 91' lang='lat' dir='ltr'>in</span> <span class='ocrx_word' id='word_1_83' title='bbox 1737 436 1900 470; x_wconf 88' lang='lat' dir='ltr'>omnibus</span> 
     </span>
     <span class='ocr_line' id='line_1_8' title="bbox 131 488 1900 536; baseline -0.003 -8"><span class='ocrx_word' id='word_1_84' title='bbox 131 493 316 529; x_wconf 86' lang='lat' dir='ltr'>Chronicis</span> <span class='ocrx_word' id='word_1_85' title='bbox 352 495 388 526; x_wconf 89' lang='lat' dir='ltr'>et</span> <span class='ocrx_word' id='word_1_86' title='bbox 423 491 585 536; x_wconf 79' lang='lat' dir='ltr'>historijs</span> <span class='ocrx_word' id='word_1_87' title='bbox 605 518 611 525; x_wconf 91' lang='lat'>.</span> <span class='ocrx_word' id='word_1_88' title='bbox 633 518 666 525; x_wconf 90' lang='lat'>..</span> <span class='ocrx_word' id='word_1_89' title='bbox 718 490 856 524; x_wconf 88' lang='lat' dir='ltr'>Tantus</span> <span class='ocrx_word' id='word_1_90' title='bbox 891 489 1007 524; x_wconf 89' lang='lat' dir='ltr'>hostis</span> <span class='ocrx_word' id='word_1_91' title='bbox 1043 492 1124 534; x_wconf 88' lang='lat' dir='ltr'>post</span> <span class='ocrx_word' id='word_1_92' title='bbox 1158 491 1212 523; x_wconf 87' lang='lat' dir='ltr'>tot</span> <span class='ocrx_word' id='word_1_93' title='bbox 1246 489 1419 524; x_wconf 87' lang='lat' dir='ltr'>victorias</span> <span class='ocrx_word' id='word_1_94' title='bbox 1455 488 1639 523; x_wconf 83' lang='lat' dir='ltr'>exaltatus</span> <span class='ocrx_word' id='word_1_95' title='bbox 1673 491 1710 522; x_wconf 90' lang='lat' dir='ltr'>et</span> <span class='ocrx_word' id='word_1_96' title='bbox 1743 488 1900 522; x_wconf 90' lang='lat' dir='ltr'>insolens</span> 
     </span>
     <span class='ocr_line' id='line_1_9' title="bbox 129 541 1900 587; baseline -0.003 -7"><span class='ocrx_word' id='word_1_97' title='bbox 129 547 248 580; x_wconf 77' lang='lat' dir='ltr'>factus</span> <span class='ocrx_word' id='word_1_98' title='bbox 268 573 274 579; x_wconf 96' lang='lat'>.</span> <span class='ocrx_word' id='word_1_99' title='bbox 296 572 302 579; x_wconf 91' lang='lat'>.</span> <span class='ocrx_word' id='word_1_100' title='bbox 323 572 330 579; x_wconf 91' lang='lat'>.</span> <span class='ocrx_word' id='word_1_101' title='bbox 351 544 580 579; x_wconf 85' lang='lat' dir='ltr'>confunditur</span> <span class='ocrx_word' id='word_1_102' title='bbox 615 544 659 578; x_wconf 85' lang='lat' dir='ltr'>ab</span> <span class='ocrx_word' id='word_1_103' title='bbox 685 555 756 577; x_wconf 86' lang='lat' dir='ltr'>vno</span> <span class='ocrx_word' id='word_1_104' title='bbox 789 545 951 577; x_wconf 85' lang='lat' dir='ltr'>exercitu</span> <span class='ocrx_word' id='word_1_105' title='bbox 978 542 1194 583; x_wconf 85' lang='lat' dir='ltr'>Christiano,</span> <span class='ocrx_word' id='word_1_106' title='bbox 1229 543 1273 577; x_wconf 87' lang='lat' dir='ltr'>ab</span> <span class='ocrx_word' id='word_1_107' title='bbox 1300 554 1370 577; x_wconf 90' lang='lat' dir='ltr'>vno</span> <span class='ocrx_word' id='word_1_108' title='bbox 1397 542 1564 587; x_wconf 81' lang='lat' dir='ltr'>Generalj</span> <span class='ocrx_word' id='word_1_109' title='bbox 1601 541 1803 583; x_wconf 84' lang='lat' dir='ltr'>Austriaco,</span> <span class='ocrx_word' id='word_1_110' title='bbox 1838 541 1900 585; x_wconf 86' lang='lat' dir='ltr'>qui</span> 
     </span>
     <span class='ocr_line' id='line_1_10' title="bbox 130 594 1900 642; baseline -0.003 -9"><span class='ocrx_word' id='word_1_111' title='bbox 130 611 231 634; x_wconf 87' lang='lat' dir='ltr'>suam</span> <span class='ocrx_word' id='word_1_112' title='bbox 258 599 364 632; x_wconf 86' lang='lat' dir='ltr'>fidem</span> <span class='ocrx_word' id='word_1_113' title='bbox 391 597 533 642; x_wconf 88' lang='lat' dir='ltr'>publice</span> <span class='ocrx_word' id='word_1_114' title='bbox 552 597 739 631; x_wconf 88' lang='lat' dir='ltr'>confessus</span> <span class='ocrx_word' id='word_1_115' title='bbox 766 599 832 637; x_wconf 84' lang='lat' dir='ltr'>est,</span> <span class='ocrx_word' id='word_1_116' title='bbox 859 596 1000 640; x_wconf 89' lang='lat' dir='ltr'>quando</span> <span class='ocrx_word' id='word_1_117' title='bbox 1027 598 1175 640; x_wconf 90' lang='lat' dir='ltr'>accepto</span> <span class='ocrx_word' id='word_1_118' title='bbox 1194 596 1364 629; x_wconf 82' lang='lat' dir='ltr'>crucifixo</span> <span class='ocrx_word' id='word_1_119' title='bbox 1391 607 1514 629; x_wconf 88' lang='lat' dir='ltr'>omnes</span> <span class='ocrx_word' id='word_1_120' title='bbox 1540 595 1674 629; x_wconf 81' lang='lat' dir='ltr'>milites</span> <span class='ocrx_word' id='word_1_121' title='bbox 1699 596 1743 629; x_wconf 89' lang='lat' dir='ltr'>ad</span> <span class='ocrx_word' id='word_1_122' title='bbox 1770 594 1900 628; x_wconf 88' lang='lat' dir='ltr'>fortem</span> 
     </span>
     <span class='ocr_line' id='line_1_11' title="bbox 130 648 1583 698; baseline -0.003 -12"><span class='ocrx_word' id='word_1_123' title='bbox 130 664 286 698; x_wconf 81' lang='lat' dir='ltr'>pugnam</span> <span class='ocrx_word' id='word_1_124' title='bbox 313 651 479 686; x_wconf 80' lang='lat' dir='ltr'>hortatus</span> <span class='ocrx_word' id='word_1_125' title='bbox 506 653 571 692; x_wconf 83' lang='lat' dir='ltr'>est,</span> <span class='ocrx_word' id='word_1_126' title='bbox 599 651 705 694; x_wconf 83' lang='lat' dir='ltr'>idque</span> <span class='ocrx_word' id='word_1_127' title='bbox 732 651 768 683; x_wconf 90' lang='lat' dir='ltr'>in</span> <span class='ocrx_word' id='word_1_128' title='bbox 794 650 1079 684; x_wconf 74' lang='lat' dir='ltr'>consideratione</span> <span class='ocrx_word' id='word_1_129' title='bbox 1104 649 1217 683; x_wconf 85' lang='lat' dir='ltr'>Jhesu</span> <span class='ocrx_word' id='word_1_130' title='bbox 1245 648 1379 693; x_wconf 87' lang='lat' dir='ltr'>Christj</span> <span class='ocrx_word' id='word_1_131' title='bbox 1407 648 1583 693; x_wconf 80' lang='lat' dir='ltr'>crucifixj.</span> 
     </span>
    </p>

    <p class='ocr_par' dir='ltr' id='par_1_3' title="bbox 132 701 1904 1281">
     <span class='ocr_line' id='line_1_12' title="bbox 250 701 1901 745; baseline -0.002 -7"><span class='ocrx_word' id='word_1_132' title='bbox 250 707 302 739; x_wconf 85' lang='lat' dir='ltr'>De</span> <span class='ocrx_word' id='word_1_133' title='bbox 328 706 447 738; x_wconf 80' lang='lat' dir='ltr'>eadem</span> <span class='ocrx_word' id='word_1_134' title='bbox 482 705 630 737; x_wconf 75' lang='lat' dir='ltr'>victoria</span> <span class='ocrx_word' id='word_1_135' title='bbox 661 704 827 737; x_wconf 65' lang='lat' dir='ltr'>&amp;misius</span> <span class='ocrx_word' id='word_1_136' title='bbox 860 705 897 736; x_wconf 77' lang='lat' dir='ltr'>in</span> <span class='ocrx_word' id='word_1_137' title='bbox 932 704 1046 736; x_wconf 80' lang='lat' dir='ltr'>eodem</span> <span class='ocrx_word' id='word_1_138' title='bbox 1076 703 1201 736; x_wconf 75' lang='lat' dir='ltr'>Codice</span> <span class='ocrx_word' id='word_1_139' title='bbox 1235 703 1418 745; x_wconf 72' lang='lat' dir='ltr'>complura</span> <span class='ocrx_word' id='word_1_140' title='bbox 1453 704 1596 744; x_wconf 73' lang='lat' dir='ltr'>notavit,</span> <span class='ocrx_word' id='word_1_141' title='bbox 1633 712 1722 745; x_wconf 77' lang='lat' dir='ltr'>quae</span> <span class='ocrx_word' id='word_1_142' title='bbox 1757 706 1786 734; x_wconf 78' lang='lat' dir='ltr'>et</span> <span class='ocrx_word' id='word_1_143' title='bbox 1820 701 1901 744; x_wconf 79' lang='lat' dir='ltr'>ipsa</span> 
     </span>
     <span class='ocr_line' id='line_1_13' title="bbox 132 756 1902 798; baseline -0.003 -5"><span class='ocrx_word' id='word_1_144' title='bbox 132 760 287 793; x_wconf 69' lang='lat' dir='ltr'>contioni</span> <span class='ocrx_word' id='word_1_145' title='bbox 315 759 368 792; x_wconf 64' lang='lat' dir='ltr'>illi</span> <span class='ocrx_word' id='word_1_146' title='bbox 393 759 573 791; x_wconf 75' lang='lat' dir='ltr'>habendae</span> <span class='ocrx_word' id='word_1_147' title='bbox 599 758 643 790; x_wconf 81' lang='lat' dir='ltr'>ab</span> <span class='ocrx_word' id='word_1_148' title='bbox 669 768 706 790; x_wconf 86' lang='lat' dir='ltr'>eo</span> <span class='ocrx_word' id='word_1_149' title='bbox 725 757 886 790; x_wconf 74' lang='lat' dir='ltr'>adhibita</span> <span class='ocrx_word' id='word_1_150' title='bbox 913 768 980 790; x_wconf 70' lang='lat' dir='ltr'>esse</span> <span class='ocrx_word' id='word_1_151' title='bbox 1004 757 1092 789; x_wconf 74' lang='lat' dir='ltr'>satis</span> <span class='ocrx_word' id='word_1_152' title='bbox 1114 757 1343 798; x_wconf 67' lang='lat' dir='ltr'>perspicuam</span> <span class='ocrx_word' id='word_1_153' title='bbox 1367 760 1437 797; x_wconf 72' lang='lat' dir='ltr'>est,·</span> <span class='ocrx_word' id='word_1_154' title='bbox 1463 766 1583 788; x_wconf 72' lang='lat' dir='ltr'>eornm</span> <span class='ocrx_word' id='word_1_155' title='bbox 1601 756 1725 798; x_wconf 75' lang='lat' dir='ltr'>aliqua</span> <span class='ocrx_word' id='word_1_156' title='bbox 1747 765 1902 798; x_wconf 78' lang='lat' dir='ltr'>ponam:</span> 
     </span>
     <span class='ocr_line' id='line_1_14' title="bbox 132 807 1901 853; baseline -0.003 -7"><span class='ocrx_word' id='word_1_157' title='bbox 132 814 228 847; x_wconf 72' lang='lat' dir='ltr'>Dens</span> <span class='ocrx_word' id='word_1_158' title='bbox 253 812 315 845; x_wconf 88' lang='lat' dir='ltr'>dat</span> <span class='ocrx_word' id='word_1_159' title='bbox 342 811 530 845; x_wconf 85' lang='lat' dir='ltr'>uictoriam</span> <span class='ocrx_word' id='word_1_160' title='bbox 558 810 602 844; x_wconf 91' lang='lat' dir='ltr'>ad</span> <span class='ocrx_word' id='word_1_161' title='bbox 629 809 909 844; x_wconf 87' lang='lat' dir='ltr'>confirmandum</span> <span class='ocrx_word' id='word_1_162' title='bbox 938 820 1023 843; x_wconf 84' lang='lat' dir='ltr'>suas</span> <span class='ocrx_word' id='word_1_163' title='bbox 1048 809 1303 853; x_wconf 80' lang='lat' dir='ltr'>promissiones</span> <span class='ocrx_word' id='word_1_164' title='bbox 1322 820 1412 852; x_wconf 87' lang='lat' dir='ltr'>quas</span> <span class='ocrx_word' id='word_1_165' title='bbox 1438 808 1524 842; x_wconf 89' lang='lat' dir='ltr'>fecit</span> <span class='ocrx_word' id='word_1_166' title='bbox 1550 807 1584 842; x_wconf 94' lang='lat' dir='ltr'>in</span> <span class='ocrx_word' id='word_1_167' title='bbox 1610 807 1680 841; x_wconf 89' lang='lat' dir='ltr'>fide</span> <span class='ocrx_word' id='word_1_168' title='bbox 1706 807 1901 847; x_wconf 88' lang='lat' dir='ltr'>orantibus,</span> 
     </span>
     <span class='ocr_line' id='line_1_15' title="bbox 133 860 1902 907; baseline -0.003 -8"><span class='ocrx_word' id='word_1_169' title='bbox 133 867 226 900; x_wconf 85' lang='lat' dir='ltr'>sicut</span> <span class='ocrx_word' id='word_1_170' title='bbox 251 864 365 898; x_wconf 85' lang='lat' dir='ltr'>multa</span> <span class='ocrx_word' id='word_1_171' title='bbox 391 863 505 898; x_wconf 83' lang='lat' dir='ltr'>millia</span> <span class='ocrx_word' id='word_1_172' title='bbox 532 862 816 897; x_wconf 83' lang='lat' dir='ltr'>Christianorum</span> <span class='ocrx_word' id='word_1_173' title='bbox 842 874 937 896; x_wconf 89' lang='lat' dir='ltr'>nunc</span> <span class='ocrx_word' id='word_1_174' title='bbox 963 864 1111 895; x_wconf 89' lang='lat' dir='ltr'>orarunt</span> <span class='ocrx_word' id='word_1_175' title='bbox 1142 873 1206 907; x_wconf 91' lang='lat' dir='ltr'>pro</span> <span class='ocrx_word' id='word_1_176' title='bbox 1233 861 1359 895; x_wconf 88' lang='lat' dir='ltr'>foelice</span> <span class='ocrx_word' id='word_1_177' title='bbox 1385 872 1556 895; x_wconf 87' lang='lat' dir='ltr'>successu</span> <span class='ocrx_word' id='word_1_178' title='bbox 1589 860 1695 894; x_wconf 87' lang='lat' dir='ltr'>huius</span> <span class='ocrx_word' id='word_1_179' title='bbox 1722 860 1902 894; x_wconf 79' lang='lat' dir='ltr'>exercitus</span> 
     </span>
     <span class='ocr_line' id='line_1_16' title="bbox 136 913 1902 963; baseline -0.003 -11"><span class='ocrx_word' id='word_1_180' title='bbox 136 922 171 952; x_wconf 88' lang='lat' dir='ltr'>et</span> <span class='ocrx_word' id='word_1_181' title='bbox 198 917 479 963; x_wconf 74' lang='lat' dir='ltr'>supplicationes</span> <span class='ocrx_word' id='word_1_182' title='bbox 514 916 750 950; x_wconf 83' lang='lat' dir='ltr'>instituerunt</span> <span class='ocrx_word' id='word_1_183' title='bbox 765 917 786 951; x_wconf 81' lang='lat'>1.</span> <span class='ocrx_word' id='word_1_184' title='bbox 837 915 907 949; x_wconf 79' lang='lat' dir='ltr'>Dat</span> <span class='ocrx_word' id='word_1_185' title='bbox 934 915 1122 949; x_wconf 89' lang='lat' dir='ltr'>uictoriam</span> <span class='ocrx_word' id='word_1_186' title='bbox 1158 915 1203 948; x_wconf 90' lang='lat' dir='ltr'>ad</span> <span class='ocrx_word' id='word_1_187' title='bbox 1238 914 1518 949; x_wconf 80' lang='lat' dir='ltr'>consolationem</span> <span class='ocrx_word' id='word_1_188' title='bbox 1546 916 1581 948; x_wconf 88' lang='lat' dir='ltr'>et</span> <span class='ocrx_word' id='word_1_189' title='bbox 1606 913 1902 948; x_wconf 85' lang='lat' dir='ltr'>confortationem</span> 
     </span>
     <span class='ocr_line' id='line_1_17' title="bbox 134 967 1902 1015; baseline -0.003 -10"><span class='ocrx_word' id='word_1_190' title='bbox 134 972 330 1006; x_wconf 89' lang='lat' dir='ltr'>multorum</span> <span class='ocrx_word' id='word_1_191' title='bbox 358 969 650 1015; x_wconf 87' lang='lat' dir='ltr'>pusillanimium‚</span> <span class='ocrx_word' id='word_1_192' title='bbox 677 969 738 1013; x_wconf 91' lang='lat' dir='ltr'>qui</span> <span class='ocrx_word' id='word_1_193' title='bbox 764 970 892 1002; x_wconf 83' lang='lat' dir='ltr'>timent</span> <span class='ocrx_word' id='word_1_194' title='bbox 917 979 1024 1013; x_wconf 89' lang='lat' dir='ltr'>soepe</span> <span class='ocrx_word' id='word_1_195' title='bbox 1060 968 1111 1002; x_wconf 89' lang='lat' dir='ltr'>ita</span> <span class='ocrx_word' id='word_1_196' title='bbox 1136 967 1250 1002; x_wconf 90' lang='lat' dir='ltr'>Deum</span> <span class='ocrx_word' id='word_1_197' title='bbox 1286 968 1389 1002; x_wconf 89' lang='lat' dir='ltr'>nobis</span> <span class='ocrx_word' id='word_1_198' title='bbox 1416 967 1631 1002; x_wconf 84' lang='lat' dir='ltr'>Christianis</span> <span class='ocrx_word' id='word_1_199' title='bbox 1667 967 1795 1000; x_wconf 89' lang='lat' dir='ltr'>iratum</span> <span class='ocrx_word' id='word_1_200' title='bbox 1823 977 1902 1000; x_wconf 86' lang='lat' dir='ltr'>esse</span> 
     </span>
     <span class='ocr_line' id='line_1_18' title="bbox 139 1020 1903 1068; baseline -0.003 -9"><span class='ocrx_word' id='word_1_201' title='bbox 139 1027 180 1059; x_wconf 88' lang='lat' dir='ltr'>ut</span> <span class='ocrx_word' id='word_1_202' title='bbox 204 1025 304 1059; x_wconf 88' lang='lat' dir='ltr'>nulla</span> <span class='ocrx_word' id='word_1_203' title='bbox 330 1025 376 1058; x_wconf 85' lang='lat' dir='ltr'>sit</span> <span class='ocrx_word' id='word_1_204' title='bbox 402 1035 485 1068; x_wconf 87' lang='lat' dir='ltr'>spes</span> <span class='ocrx_word' id='word_1_205' title='bbox 512 1023 647 1067; x_wconf 86' lang='lat' dir='ltr'>aliquid</span> <span class='ocrx_word' id='word_1_206' title='bbox 666 1022 871 1067; x_wconf 88' lang='lat' dir='ltr'>proficiendi</span> <span class='ocrx_word' id='word_1_207' title='bbox 891 1025 1014 1056; x_wconf 89' lang='lat' dir='ltr'>contra</span> <span class='ocrx_word' id='word_1_208' title='bbox 1033 1021 1187 1055; x_wconf 89' lang='lat' dir='ltr'>Turcam</span> <span class='ocrx_word' id='word_1_209' title='bbox 1215 1021 1384 1065; x_wconf 88' lang='lat' dir='ltr'>quicquid</span> <span class='ocrx_word' id='word_1_210' title='bbox 1404 1021 1512 1054; x_wconf 88' lang='lat' dir='ltr'>etiam</span> <span class='ocrx_word' id='word_1_211' title='bbox 1538 1022 1680 1054; x_wconf 90' lang='lat' dir='ltr'>tentent</span> <span class='ocrx_word' id='word_1_212' title='bbox 1698 1020 1903 1061; x_wconf 81' lang='lat' dir='ltr'>Christiani,</span> 
     </span>
     <span class='ocr_line' id='line_1_19' title="bbox 135 1073 1902 1123; baseline -0.003 -11"><span class='ocrx_word' id='word_1_213' title='bbox 135 1079 271 1112; x_wconf 84' lang='lat' dir='ltr'>frustra</span> <span class='ocrx_word' id='word_1_214' title='bbox 298 1080 426 1123; x_wconf 86' lang='lat' dir='ltr'>putant</span> <span class='ocrx_word' id='word_1_215' title='bbox 453 1076 530 1110; x_wconf 91' lang='lat' dir='ltr'>fieri</span> <span class='ocrx_word' id='word_1_216' title='bbox 557 1078 720 1121; x_wconf 86' lang='lat' dir='ltr'>sumptus</span> <span class='ocrx_word' id='word_1_217' title='bbox 748 1078 784 1110; x_wconf 89' lang='lat' dir='ltr'>et</span> <span class='ocrx_word' id='word_1_218' title='bbox 801 1075 1048 1120; x_wconf 78' lang='lat' dir='ltr'>expeditiones</span> <span class='ocrx_word' id='word_1_219' title='bbox 1071 1078 1195 1109; x_wconf 80' lang='lat' dir='ltr'>contra</span> <span class='ocrx_word' id='word_1_220' title='bbox 1221 1074 1360 1109; x_wconf 83' lang='lat' dir='ltr'>hostem</span> <span class='ocrx_word' id='word_1_221' title='bbox 1386 1078 1460 1108; x_wconf 86' lang='lat' dir='ltr'>tam</span> <span class='ocrx_word' id='word_1_222' title='bbox 1480 1074 1661 1108; x_wconf 85' lang='lat' dir='ltr'>crudelem</span> <span class='ocrx_word' id='word_1_223' title='bbox 1688 1075 1723 1107; x_wconf 86' lang='lat' dir='ltr'>et</span> <span class='ocrx_word' id='word_1_224' title='bbox 1749 1073 1902 1107; x_wconf 89' lang='lat' dir='ltr'>alterum</span> 
     </span>
     <span class='ocr_line' id='line_1_20' title="bbox 135 1126 1901 1172; baseline -0.003 -7"><span class='ocrx_word' id='word_1_225' title='bbox 135 1131 297 1165; x_wconf 79' lang='lat' dir='ltr'>Attilam.</span> <span class='ocrx_word' id='word_1_226' title='bbox 319 1158 325 1165; x_wconf 93' lang='lat'>.</span> <span class='ocrx_word' id='word_1_227' title='bbox 346 1158 352 1164; x_wconf 93' lang='lat'>.</span> <span class='ocrx_word' id='word_1_228' title='bbox 374 1157 381 1164; x_wconf 81' lang='grc'>.</span> <span class='ocrx_word' id='word_1_229' title='bbox 433 1130 524 1172; x_wconf 84' lang='lat' dir='ltr'>Quid</span> <span class='ocrx_word' id='word_1_230' title='bbox 551 1130 755 1163; x_wconf 84' lang='lat' dir='ltr'>faciendum</span> <span class='ocrx_word' id='word_1_231' title='bbox 781 1129 882 1163; x_wconf 89' lang='lat' dir='ltr'>nobis</span> <span class='ocrx_word' id='word_1_232' title='bbox 909 1128 952 1162; x_wconf 88' lang='lat' dir='ltr'>ob</span> <span class='ocrx_word' id='word_1_233' title='bbox 987 1128 1080 1162; x_wconf 90' lang='lat' dir='ltr'>hanc</span> <span class='ocrx_word' id='word_1_234' title='bbox 1114 1127 1314 1162; x_wconf 87' lang='lat' dir='ltr'>uictoriam.</span> <span class='ocrx_word' id='word_1_235' title='bbox 1366 1127 1519 1169; x_wconf 80' lang='lat' dir='ltr'>Quidam</span> <span class='ocrx_word' id='word_1_236' title='bbox 1553 1138 1592 1161; x_wconf 89' lang='lat' dir='ltr'>se</span> <span class='ocrx_word' id='word_1_237' title='bbox 1626 1126 1815 1168; x_wconf 87' lang='lat' dir='ltr'>inebriant,</span> <span class='ocrx_word' id='word_1_238' title='bbox 1842 1126 1901 1171; x_wconf 88' lang='lat' dir='ltr'>alij</span> 
     </span>
     <span class='ocr_line' id='line_1_21' title="bbox 135 1179 1904 1228; baseline -0.003 -10"><span class='ocrx_word' id='word_1_239' title='bbox 135 1184 237 1228; x_wconf 81' lang='lat' dir='ltr'>ignes</span> <span class='ocrx_word' id='word_1_240' title='bbox 264 1184 402 1218; x_wconf 87' lang='lat' dir='ltr'>faciunt</span> <span class='ocrx_word' id='word_1_241' title='bbox 427 1183 484 1217; x_wconf 90' lang='lat' dir='ltr'>uel</span> <span class='ocrx_word' id='word_1_242' title='bbox 511 1183 681 1216; x_wconf 87' lang='lat' dir='ltr'>emittunt</span> <span class='ocrx_word' id='word_1_243' title='bbox 716 1182 928 1216; x_wconf 75' lang='lat' dir='ltr'>bombardae</span> <span class='ocrx_word' id='word_1_244' title='bbox 955 1181 1013 1215; x_wconf 91' lang='lat' dir='ltr'>uel</span> <span class='ocrx_word' id='word_1_245' title='bbox 1040 1181 1150 1215; x_wconf 89' lang='lat' dir='ltr'>edunt</span> <span class='ocrx_word' id='word_1_246' title='bbox 1175 1180 1246 1215; x_wconf 89' lang='lat' dir='ltr'>alia</span> <span class='ocrx_word' id='word_1_247' title='bbox 1271 1181 1376 1224; x_wconf 82' lang='lat' dir='ltr'>signa</span> <span class='ocrx_word' id='word_1_248' title='bbox 1410 1180 1571 1214; x_wconf 83' lang='lat' dir='ltr'>laetitiae</span> <span class='ocrx_word' id='word_1_249' title='bbox 1596 1179 1747 1225; x_wconf 85' lang='lat' dir='ltr'>publice,</span> <span class='ocrx_word' id='word_1_250' title='bbox 1775 1179 1904 1224; x_wconf 89' lang='lat' dir='ltr'>quibus</span> 
     </span>
     <span class='ocr_line' id='line_1_22' title="bbox 137 1233 1674 1281; baseline -0.003 -10"><span class='ocrx_word' id='word_1_251' title='bbox 137 1238 245 1271; x_wconf 84' lang='lat' dir='ltr'>etiam</span> <span class='ocrx_word' id='word_1_252' title='bbox 272 1236 454 1281; x_wconf 84' lang='lat' dir='ltr'>simplices</span> <span class='ocrx_word' id='word_1_253' title='bbox 481 1236 718 1270; x_wconf 86' lang='lat' dir='ltr'>admonentur</span> <span class='ocrx_word' id='word_1_254' title='bbox 744 1235 786 1269; x_wconf 88' lang='lat' dir='ltr'>de</span> <span class='ocrx_word' id='word_1_255' title='bbox 812 1246 850 1268; x_wconf 90' lang='lat' dir='ltr'>re</span> <span class='ocrx_word' id='word_1_256' title='bbox 877 1246 970 1268; x_wconf 83' lang='lat' dir='ltr'>noua</span> <span class='ocrx_word' id='word_1_257' title='bbox 996 1235 1086 1268; x_wconf 85' lang='lat' dir='ltr'>bene</span> <span class='ocrx_word' id='word_1_258' title='bbox 1111 1236 1308 1268; x_wconf 81' lang='lat' dir='ltr'>transacta.</span> <span class='ocrx_word' id='word_1_259' title='bbox 1358 1233 1475 1267; x_wconf 88' lang='lat' dir='ltr'>Verus</span> <span class='ocrx_word' id='word_1_260' title='bbox 1501 1244 1589 1268; x_wconf 89' lang='lat' dir='ltr'>usus</span> <span class='ocrx_word' id='word_1_261' title='bbox 1616 1238 1674 1267; x_wconf 79' lang='lat' dir='ltr'>ete.</span> 
     </span>
    </p>
   </div>
   <div class='ocr_carea' id='block_1_3' title="bbox 141 1354 1127 1403">
    <p class='ocr_par' dir='ltr' id='par_1_4' title="bbox 141 1354 1127 1403">
     <span class='ocr_line' id='line_1_23' title="bbox 141 1354 1127 1403; baseline -0.004 -9"><span class='ocrx_word' id='word_1_262' title='bbox 141 1357 248 1394; x_wconf 77' lang='lat'>998</span> <span class='ocrx_word' id='word_1_263' title='bbox 277 1358 355 1393; x_wconf 80' lang='lat' dir='ltr'>sive</span> <span class='ocrx_word' id='word_1_264' title='bbox 384 1367 502 1394; x_wconf 81' lang='lat' dir='ltr'>oen.</span> <span class='ocrx_word' id='word_1_265' title='bbox 524 1357 660 1403; x_wconf 71' lang='lat'>(26).</span> <span class='ocrx_word' id='word_1_266' title='bbox 735 1356 785 1392; x_wconf 82' lang='lat'>18.</span> <span class='ocrx_word' id='word_1_267' title='bbox 803 1355 1017 1392; x_wconf 87' lang='lat' dir='ltr'>Novembris</span> <span class='ocrx_word' id='word_1_268' title='bbox 1042 1354 1127 1391; x_wconf 75' lang='lat'>1571.</span> 
     </span>
    </p>
   </div>
   <div class='ocr_carea' id='block_1_4' title="bbox 259 1419 1815 1463">
    <p class='ocr_par' dir='ltr' id='par_1_5' title="bbox 259 1419 1815 1463">
     <span class='ocr_line' id='line_1_24' title="bbox 259 1419 1815 1463; baseline -0.003 -5"><span class='ocrx_word' id='word_1_269' title='bbox 259 1424 310 1458; x_wconf 81' lang='lat' dir='ltr'>Ex</span> <span class='ocrx_word' id='word_1_270' title='bbox 338 1423 511 1458; x_wconf 87' lang='lat' dir='ltr'>contionis</span> <span class='ocrx_word' id='word_1_271' title='bbox 538 1422 793 1457; x_wconf 82' lang='lat' dir='ltr'>commentario</span> <span class='ocrx_word' id='word_1_272' title='bbox 819 1434 840 1456; x_wconf 83' lang='lat' dir='ltr'>a</span> <span class='ocrx_word' id='word_1_273' title='bbox 868 1421 1009 1456; x_wconf 84' lang='lat' dir='ltr'>Canisio</span> <span class='ocrx_word' id='word_1_274' title='bbox 1037 1421 1170 1455; x_wconf 87' lang='lat' dir='ltr'>dictato</span> <span class='ocrx_word' id='word_1_275' title='bbox 1198 1423 1233 1455; x_wconf 88' lang='lat' dir='ltr'>et</span> <span class='ocrx_word' id='word_1_276' title='bbox 1259 1421 1454 1463; x_wconf 74' lang='lat' dir='ltr'>recognito.</span> <span class='ocrx_word' id='word_1_277' title='bbox 1507 1419 1593 1454; x_wconf 84' lang='lat' dir='ltr'>Can.</span> <span class='ocrx_word' id='word_1_278' title='bbox 1621 1420 1661 1454; x_wconf 89' lang='lat'>51</span> <span class='ocrx_word' id='word_1_279' title='bbox 1691 1419 1715 1453; x_wconf 92' lang='lat' dir='ltr'>f.</span> <span class='ocrx_word' id='word_1_280' title='bbox 1743 1420 1815 1454; x_wconf 73' lang='lat'>501³.</span> 
     </span>
    </p>
   </div>
   <div class='ocr_carea' id='block_1_5' title="bbox 137 1480 1908 2438">
    <p class='ocr_par' dir='ltr' id='par_1_6' title="bbox 137 1480 1904 1633">
     <span class='ocr_line' id='line_1_25' title="bbox 261 1480 1904 1526; baseline -0.002 -9"><span class='ocrx_word' id='word_1_281' title='bbox 261 1484 426 1517; x_wconf 66' lang='lat' dir='ltr'>Canisius</span> <span class='ocrx_word' id='word_1_282' title='bbox 461 1484 666 1516; x_wconf 72' lang='lat' dir='ltr'>adulatores</span> <span class='ocrx_word' id='word_1_283' title='bbox 697 1483 907 1526; x_wconf 72' lang='lat' dir='ltr'>principum</span> <span class='ocrx_word' id='word_1_284' title='bbox 942 1481 1040 1515; x_wconf 65' lang='lat' dir='ltr'>valde</span> <span class='ocrx_word' id='word_1_285' title='bbox 1074 1481 1309 1524; x_wconf 72' lang='lat' dir='ltr'>reprehendit,</span> <span class='ocrx_word' id='word_1_286' title='bbox 1344 1480 1451 1513; x_wconf 75' lang='lat' dir='ltr'>simul</span> <span class='ocrx_word' id='word_1_287' title='bbox 1485 1484 1602 1513; x_wconf 73' lang='lat' dir='ltr'>tamen</span> <span class='ocrx_word' id='word_1_288' title='bbox 1636 1481 1816 1513; x_wconf 72' lang='lat' dir='ltr'>auditores</span> <span class='ocrx_word' id='word_1_289' title='bbox 1848 1491 1904 1513; x_wconf 75' lang='lat' dir='ltr'>ex-</span> 
     </span>
     <span class='ocr_line' id='line_1_26' title="bbox 137 1534 1904 1580; baseline -0.003 -10"><span class='ocrx_word' id='word_1_290' title='bbox 137 1538 313 1578; x_wconf 73' lang='lat' dir='ltr'>hortatur,</span> <span class='ocrx_word' id='word_1_291' title='bbox 341 1542 380 1570; x_wconf 67' lang='lat' dir='ltr'>at</span> <span class='ocrx_word' id='word_1_292' title='bbox 405 1537 684 1580; x_wconf 69' lang='lat' dir='ltr'>maqistratibus,</span> <span class='ocrx_word' id='word_1_293' title='bbox 716 1537 853 1569; x_wconf 69' lang='lat' dir='ltr'>etiamsi</span> <span class='ocrx_word' id='word_1_294' title='bbox 885 1536 979 1578; x_wconf 77' lang='lat' dir='ltr'>forte</span> <span class='ocrx_word' id='word_1_295' title='bbox 1012 1535 1101 1568; x_wconf 74' lang='lat' dir='ltr'>mali</span> <span class='ocrx_word' id='word_1_296' title='bbox 1133 1536 1215 1578; x_wconf 72' lang='lat' dir='ltr'>sint,</span> <span class='ocrx_word' id='word_1_297' title='bbox 1245 1537 1395 1577; x_wconf 66' lang='lat' dir='ltr'>propter</span> <span class='ocrx_word' id='word_1_298' title='bbox 1421 1534 1534 1566; x_wconf 73' lang='lat' dir='ltr'>Deum</span> <span class='ocrx_word' id='word_1_299' title='bbox 1570 1537 1599 1566; x_wconf 72' lang='lat' dir='ltr'>et</span> <span class='ocrx_word' id='word_1_300' title='bbox 1625 1544 1668 1566; x_wconf 79' lang='lat' dir='ltr'>ex</span> <span class='ocrx_word' id='word_1_301' title='bbox 1693 1534 1825 1566; x_wconf 78' lang='lat' dir='ltr'>animis</span> <span class='ocrx_word' id='word_1_302' title='bbox 1849 1544 1904 1566; x_wconf 81' lang='lat' dir='ltr'>re-</span> 
     </span>
     <span class='ocr_line' id='line_1_27' title="bbox 139 1590 1026 1633; baseline -0.002 -10"><span class='ocrx_word' id='word_1_303' title='bbox 139 1593 340 1633; x_wconf 67' lang='lat' dir='ltr'>verentiam,</span> <span class='ocrx_word' id='word_1_304' title='bbox 367 1601 533 1633; x_wconf 80' lang='lat' dir='ltr'>amorem,</span> <span class='ocrx_word' id='word_1_305' title='bbox 561 1590 814 1623; x_wconf 75' lang='lat' dir='ltr'>oboedientiam</span> <span class='ocrx_word' id='word_1_306' title='bbox 833 1593 1026 1632; x_wconf 72' lang='lat' dir='ltr'>praestent.</span> 
     </span>
    </p>

    <p class='ocr_par' dir='ltr' id='par_1_7' title="bbox 138 1646 1908 2438">
     <span class='ocr_line' id='line_1_28' title="bbox 261 1646 1903 1692; baseline -0.002 -9"><span class='ocrx_word' id='word_1_307' title='bbox 261 1650 425 1683; x_wconf 73' lang='lat' dir='ltr'>Canise&#39;us</span> <span class='ocrx_word' id='word_1_308' title='bbox 447 1650 636 1692; x_wconf 73' lang='lat' dir='ltr'>Oeniponte</span> <span class='ocrx_word' id='word_1_309' title='bbox 661 1650 699 1681; x_wconf 71' lang='lat' dir='ltr'>in</span> <span class='ocrx_word' id='word_1_310' title='bbox 718 1650 888 1691; x_wconf 70' lang='lat' dir='ltr'>contione,</span> <span class='ocrx_word' id='word_1_311' title='bbox 916 1658 1021 1690; x_wconf 75' lang='lat' dir='ltr'>quam</span> <span class='ocrx_word' id='word_1_312' title='bbox 1043 1649 1095 1680; x_wconf 84' lang='grc'>18.</span> <span class='ocrx_word' id='word_1_313' title='bbox 1116 1646 1322 1679; x_wconf 67' lang='lat' dir='ltr'>Novembris</span> <span class='ocrx_word' id='word_1_314' title='bbox 1340 1648 1431 1679; x_wconf 85' lang='lat'>1571</span> <span class='ocrx_word' id='word_1_315' title='bbox 1451 1647 1487 1678; x_wconf 78' lang='lat' dir='ltr'>in</span> <span class='ocrx_word' id='word_1_316' title='bbox 1508 1647 1594 1679; x_wconf 77' lang='lat' dir='ltr'>aula</span> <span class='ocrx_word' id='word_1_317' title='bbox 1612 1646 1840 1679; x_wconf 78' lang='lat' dir='ltr'>Ferdinandi</span> <span class='ocrx_word' id='word_1_318' title='bbox 1853 1646 1903 1680; x_wconf 89' lang='lat' dir='ltr'>II.</span> 
     </span>
     <span class='ocr_line' id='line_1_29' title="bbox 139 1699 1904 1744; baseline -0.003 -7"><span class='ocrx_word' id='word_1_319' title='bbox 139 1704 342 1737; x_wconf 57' lang='lat' dir='ltr'>archidmvis</span> <span class='ocrx_word' id='word_1_320' title='bbox 368 1703 532 1736; x_wconf 77' lang='lat' dir='ltr'>habebat:</span> <span class='ocrx_word' id='word_1_321' title='bbox 558 1703 729 1735; x_wconf 70' lang='lat' dir='ltr'>Homines</span> <span class='ocrx_word' id='word_1_322' title='bbox 751 1702 958 1744; x_wconf 73' lang='lat' dir='ltr'>pharisaeis</span> <span class='ocrx_word' id='word_1_323' title='bbox 983 1701 1055 1734; x_wconf 75' lang='lat' dir='ltr'>illis</span> <span class='ocrx_word' id='word_1_324' title='bbox 1074 1700 1147 1741; x_wconf 73' lang='lat' dir='ltr'>(Mt</span> <span class='ocrx_word' id='word_1_325' title='bbox 1165 1702 1222 1743; x_wconf 72' lang='lat'>22,</span> <span class='ocrx_word' id='word_1_326' title='bbox 1249 1701 1399 1733; x_wconf 85' lang='grc'><em>15-18.</em></span> <span class='ocrx_word' id='word_1_327' title='bbox 1428 1700 1484 1732; x_wconf 80' lang='lat' dir='ltr'>Mc</span> <span class='ocrx_word' id='word_1_328' title='bbox 1504 1702 1558 1742; x_wconf 79' lang='lat'>12,</span> <span class='ocrx_word' id='word_1_329' title='bbox 1587 1699 1745 1739; x_wconf 84' lang='lat'>13—15)</span> <span class='ocrx_word' id='word_1_330' title='bbox 1763 1699 1904 1743; x_wconf 79' lang='lat' dir='ltr'>similes,</span> 
     </span>
     <span class='ocr_line' id='line_1_30' title="bbox 138 1751 1904 1800; baseline -0.002 -11"><span class='ocrx_word' id='word_1_331' title='bbox 138 1757 265 1800; x_wconf 68' lang='lat' dir='ltr'>inquit,</span> <span class='ocrx_word' id='word_1_332' title='bbox 293 1756 520 1800; x_wconf 84' lang='lat' dir='ltr'>reperiuntur</span> <span class='ocrx_word' id='word_1_333' title='bbox 546 1755 581 1788; x_wconf 91' lang='lat' dir='ltr'>in</span> <span class='ocrx_word' id='word_1_334' title='bbox 606 1754 721 1796; x_wconf 85' lang='lat' dir='ltr'>Aulis,</span> <span class='ocrx_word' id='word_1_335' title='bbox 749 1754 808 1798; x_wconf 90' lang='lat' dir='ltr'>qui</span> <span class='ocrx_word' id='word_1_336' title='bbox 834 1756 966 1787; x_wconf 89' lang='lat' dir='ltr'>norunt</span> <span class='ocrx_word' id='word_1_337' title='bbox 1000 1753 1144 1797; x_wconf 83' lang='lat' dir='ltr'>egregie</span> <span class='ocrx_word' id='word_1_338' title='bbox 1179 1764 1264 1787; x_wconf 90' lang='lat' dir='ltr'>suos</span> <span class='ocrx_word' id='word_1_339' title='bbox 1300 1752 1459 1786; x_wconf 90' lang='lat' dir='ltr'>dominos</span> <span class='ocrx_word' id='word_1_340' title='bbox 1494 1752 1642 1786; x_wconf 86' lang='lat' dir='ltr'>laudare</span> <span class='ocrx_word' id='word_1_341' title='bbox 1678 1753 1714 1785; x_wconf 92' lang='lat' dir='ltr'>et</span> <span class='ocrx_word' id='word_1_342' title='bbox 1744 1751 1904 1786; x_wconf 87' lang='lat' dir='ltr'>fauorem</span> 
     </span>
     <span class='ocr_line' id='line_1_31' title="bbox 139 1805 1905 1854; baseline -0.003 -11"><span class='ocrx_word' id='word_1_343' title='bbox 139 1809 206 1854; x_wconf 88' lang='lat' dir='ltr'>sibj</span> <span class='ocrx_word' id='word_1_344' title='bbox 235 1820 442 1853; x_wconf 84' lang='lat' dir='ltr'>comparare</span> <span class='ocrx_word' id='word_1_345' title='bbox 468 1808 674 1842; x_wconf 86' lang='lat' dir='ltr'>adoratione</span> <span class='ocrx_word' id='word_1_346' title='bbox 685 1808 710 1850; x_wconf 75' lang='lat' dir='ltr'>b,</span> <span class='ocrx_word' id='word_1_347' title='bbox 739 1806 880 1852; x_wconf 82' lang='lat' dir='ltr'>etiamsj</span> <span class='ocrx_word' id='word_1_348' title='bbox 908 1818 1015 1851; x_wconf 83' lang='lat' dir='ltr'>saepe</span> <span class='ocrx_word' id='word_1_349' title='bbox 1042 1809 1165 1840; x_wconf 90' lang='lat' dir='ltr'>contra</span> <span class='ocrx_word' id='word_1_350' title='bbox 1192 1806 1447 1840; x_wconf 85' lang='lat' dir='ltr'>conscientiam</span> <span class='ocrx_word' id='word_1_351' title='bbox 1480 1805 1683 1849; x_wconf 84' lang='lat' dir='ltr'>loquantur,</span> <span class='ocrx_word' id='word_1_352' title='bbox 1710 1807 1746 1839; x_wconf 88' lang='lat' dir='ltr'>et</span> <span class='ocrx_word' id='word_1_353' title='bbox 1771 1805 1905 1839; x_wconf 87' lang='lat' dir='ltr'>malum</span> 
     </span>
     <span class='ocr_line' id='line_1_32' title="bbox 139 1858 1907 1907; baseline -0.002 -11"><span class='ocrx_word' id='word_1_354' title='bbox 139 1875 202 1907; x_wconf 91' lang='lat' dir='ltr'>pro</span> <span class='ocrx_word' id='word_1_355' title='bbox 229 1862 318 1896; x_wconf 89' lang='lat' dir='ltr'>bono</span> <span class='ocrx_word' id='word_1_356' title='bbox 337 1862 598 1902; x_wconf 88' lang='lat' dir='ltr'>commendent,</span> <span class='ocrx_word' id='word_1_357' title='bbox 624 1863 661 1895; x_wconf 89' lang='lat' dir='ltr'>et</span> <span class='ocrx_word' id='word_1_358' title='bbox 686 1861 888 1906; x_wconf 80' lang='lat' dir='ltr'>proximum</span> <span class='ocrx_word' id='word_1_359' title='bbox 915 1871 1023 1904; x_wconf 82' lang='lat' dir='ltr'>saepe</span> <span class='ocrx_word' id='word_1_360' title='bbox 1048 1859 1205 1900; x_wconf 82' lang='lat' dir='ltr'>laedant,</span> <span class='ocrx_word' id='word_1_361' title='bbox 1232 1859 1268 1904; x_wconf 82' lang='lat' dir='ltr'>hj</span> <span class='ocrx_word' id='word_1_362' title='bbox 1296 1870 1402 1903; x_wconf 85' lang='lat' dir='ltr'>saepe</span> <span class='ocrx_word' id='word_1_363' title='bbox 1428 1860 1512 1893; x_wconf 91' lang='lat' dir='ltr'>sunt</span> <span class='ocrx_word' id='word_1_364' title='bbox 1529 1858 1753 1892; x_wconf 86' lang='lat' dir='ltr'>nocentiores</span> <span class='ocrx_word' id='word_1_365' title='bbox 1778 1859 1815 1892; x_wconf 91' lang='lat' dir='ltr'>in</span> <span class='ocrx_word' id='word_1_366' title='bbox 1839 1869 1907 1892; x_wconf 81' lang='lat' dir='ltr'>sua</span> 
     </span>
     <span class='ocr_line' id='line_1_33' title="bbox 139 1911 1905 1959; baseline -0.003 -10"><span class='ocrx_word' id='word_1_367' title='bbox 139 1915 245 1949; x_wconf 83' lang='lat' dir='ltr'>laude</span> <span class='ocrx_word' id='word_1_368' title='bbox 273 1926 379 1958; x_wconf 86' lang='lat' dir='ltr'>quam</span> <span class='ocrx_word' id='word_1_369' title='bbox 407 1914 521 1959; x_wconf 82' lang='lat' dir='ltr'>apertj</span> <span class='ocrx_word' id='word_1_370' title='bbox 549 1914 683 1958; x_wconf 86' lang='lat' dir='ltr'>inimicj</span> <span class='ocrx_word' id='word_1_371' title='bbox 719 1914 755 1948; x_wconf 91' lang='lat' dir='ltr'>in</span> <span class='ocrx_word' id='word_1_372' title='bbox 781 1914 1056 1958; x_wconf 85' lang='lat' dir='ltr'>vituperatione,</span> <span class='ocrx_word' id='word_1_373' title='bbox 1083 1912 1176 1946; x_wconf 86' lang='lat' dir='ltr'>vnde</span> <span class='ocrx_word' id='word_1_374' title='bbox 1211 1912 1346 1946; x_wconf 89' lang='lat' dir='ltr'>dictum</span> <span class='ocrx_word' id='word_1_375' title='bbox 1380 1914 1454 1946; x_wconf 86' lang='lat' dir='ltr'>est:</span> <span class='ocrx_word' id='word_1_376' title='bbox 1490 1911 1664 1945; x_wconf 87' lang='lat' dir='ltr'>Melius</span> <span class='ocrx_word' id='word_1_377' title='bbox 1700 1914 1772 1945; x_wconf 89' lang='lat' dir='ltr'>est</span> <span class='ocrx_word' id='word_1_378' title='bbox 1797 1922 1818 1945; x_wconf 88' lang='lat' dir='ltr'>a</span> <span class='ocrx_word' id='word_1_379' title='bbox 1843 1922 1905 1945; x_wconf 84' lang='lat' dir='ltr'>sa-</span> 
     </span>
     <span class='ocr_line' id='line_1_34' title="bbox 139 1963 1906 2014; baseline -0.002 -12"><span class='ocrx_word' id='word_1_380' title='bbox 139 1969 302 2014; x_wconf 87' lang='lat' dir='ltr'>piente</span> <span class='ocrx_word' id='word_1_381' title='bbox 329 1968 531 2013; x_wconf 84' lang='lat' dir='ltr'>corripj,</span> <span class='ocrx_word' id='word_1_382' title='bbox 559 1979 692 2012; x_wconf 88' lang='lat' dir='ltr'>quam</span> <span class='ocrx_word' id='word_1_383' title='bbox 719 1967 984 2001; x_wconf 84' lang='lat' dir='ltr'>stultorum</span> <span class='ocrx_word' id='word_1_384' title='bbox 1011 1965 1297 2000; x_wconf 86' lang='lat' dir='ltr'>adulatione</span> <span class='ocrx_word' id='word_1_385' title='bbox 1324 1964 1520 2010; x_wconf 81' lang='lat' dir='ltr'>decipj².</span> <span class='ocrx_word' id='word_1_386' title='bbox 1572 1963 1663 2005; x_wconf 82' lang='lat' dir='ltr'>Quid</span> <span class='ocrx_word' id='word_1_387' title='bbox 1689 1965 1782 1998; x_wconf 88' lang='lat' dir='ltr'>enim</span> <span class='ocrx_word' id='word_1_388' title='bbox 1809 1964 1906 1999; x_wconf 86' lang='lat' dir='ltr'>aliud</span> 
     </span>
     <span class='ocr_line' id='line_1_35' title="bbox 139 2018 1905 2064; baseline -0.002 -8"><span class='ocrx_word' id='word_1_389' title='bbox 139 2023 277 2057; x_wconf 80' lang='lat' dir='ltr'>faciunt</span> <span class='ocrx_word' id='word_1_390' title='bbox 302 2022 396 2056; x_wconf 85' lang='lat' dir='ltr'>tales</span> <span class='ocrx_word' id='word_1_391' title='bbox 422 2022 628 2055; x_wconf 85' lang='lat' dir='ltr'>adulatores</span> <span class='ocrx_word' id='word_1_392' title='bbox 654 2032 761 2064; x_wconf 86' lang='lat' dir='ltr'>quam</span> <span class='ocrx_word' id='word_1_393' title='bbox 788 2021 879 2064; x_wconf 89' lang='lat' dir='ltr'>quod</span> <span class='ocrx_word' id='word_1_394' title='bbox 908 2022 943 2053; x_wconf 90' lang='lat' dir='ltr'>et</span> <span class='ocrx_word' id='word_1_395' title='bbox 969 2019 1035 2064; x_wconf 87' lang='lat' dir='ltr'>sibj</span> <span class='ocrx_word' id='word_1_396' title='bbox 1064 2022 1100 2052; x_wconf 90' lang='lat' dir='ltr'>et</span> <span class='ocrx_word' id='word_1_397' title='bbox 1125 2018 1207 2063; x_wconf 82' lang='lat' dir='ltr'>alijs</span> <span class='ocrx_word' id='word_1_398' title='bbox 1234 2020 1372 2059; x_wconf 84' lang='lat' dir='ltr'>nocent,</span> <span class='ocrx_word' id='word_1_399' title='bbox 1409 2020 1493 2052; x_wconf 88' lang='lat' dir='ltr'>sunt</span> <span class='ocrx_word' id='word_1_400' title='bbox 1528 2018 1661 2052; x_wconf 84' lang='lat' dir='ltr'>fratres</span> <span class='ocrx_word' id='word_1_401' title='bbox 1688 2018 1803 2053; x_wconf 87' lang='lat' dir='ltr'>Judae</span> <span class='ocrx_word' id='word_1_402' title='bbox 1821 2045 1829 2051; x_wconf 90' lang='lat'>.</span> <span class='ocrx_word' id='word_1_403' title='bbox 1849 2044 1857 2052; x_wconf 93' lang='lat'>.</span> <span class='ocrx_word' id='word_1_404' title='bbox 1876 2045 1905 2059; x_wconf 93' lang='lat'>.,</span> 
     </span>
     <span class='ocr_line' id='line_1_36' title="bbox 140 2071 1907 2121; baseline -0.002 -12"><span class='ocrx_word' id='word_1_405' title='bbox 140 2076 201 2121; x_wconf 90' lang='lat' dir='ltr'>qui</span> <span class='ocrx_word' id='word_1_406' title='bbox 226 2076 381 2109; x_wconf 86' lang='lat' dir='ltr'>reddunt</span> <span class='ocrx_word' id='word_1_407' title='bbox 408 2074 496 2108; x_wconf 84' lang='lat' dir='ltr'>alios</span> <span class='ocrx_word' id='word_1_408' title='bbox 523 2076 567 2108; x_wconf 85' lang='lat' dir='ltr'>ad</span> <span class='ocrx_word' id='word_1_409' title='bbox 593 2074 814 2119; x_wconf 89' lang='lat' dir='ltr'>peccandum</span> <span class='ocrx_word' id='word_1_410' title='bbox 841 2073 1058 2113; x_wconf 86' lang='lat' dir='ltr'>audaciores,</span> <span class='ocrx_word' id='word_1_411' title='bbox 1086 2073 1122 2105; x_wconf 92' lang='lat' dir='ltr'>et</span> <span class='ocrx_word' id='word_1_412' title='bbox 1144 2071 1248 2115; x_wconf 91' lang='lat' dir='ltr'>quasi</span> <span class='ocrx_word' id='word_1_413' title='bbox 1274 2071 1511 2116; x_wconf 83' lang='lat' dir='ltr'>pertrahuntc</span> <span class='ocrx_word' id='word_1_414' title='bbox 1537 2083 1624 2105; x_wconf 88' lang='lat' dir='ltr'>aues</span> <span class='ocrx_word' id='word_1_415' title='bbox 1651 2072 1686 2105; x_wconf 91' lang='lat' dir='ltr'>in</span> <span class='ocrx_word' id='word_1_416' title='bbox 1712 2073 1788 2106; x_wconf 87' lang='lat' dir='ltr'>rete</span> <span class='ocrx_word' id='word_1_417' title='bbox 1813 2071 1907 2105; x_wconf 86' lang='lat' dir='ltr'>sicut</span> 
     </span>
     <span class='ocr_line' id='line_1_37' title="bbox 140 2124 1908 2174; baseline -0.003 -11"><span class='ocrx_word' id='word_1_418' title='bbox 140 2141 297 2174; x_wconf 87' lang='lat' dir='ltr'>aucupes</span> <span class='ocrx_word' id='word_1_419' title='bbox 312 2130 333 2170; x_wconf 76' lang='grc'>3,</span> <span class='ocrx_word' id='word_1_420' title='bbox 360 2130 446 2162; x_wconf 88' lang='lat' dir='ltr'>sunt</span> <span class='ocrx_word' id='word_1_421' title='bbox 470 2127 564 2161; x_wconf 89' lang='lat' dir='ltr'>sicut</span> <span class='ocrx_word' id='word_1_422' title='bbox 589 2127 805 2172; x_wconf 86' lang='lat' dir='ltr'>scorpiones,</span> <span class='ocrx_word' id='word_1_423' title='bbox 833 2126 894 2170; x_wconf 86' lang='lat' dir='ltr'>qui</span> <span class='ocrx_word' id='word_1_424' title='bbox 920 2126 1013 2160; x_wconf 89' lang='lat' dir='ltr'>facie</span> <span class='ocrx_word' id='word_1_425' title='bbox 1038 2125 1282 2166; x_wconf 84' lang='lat' dir='ltr'>blandiuntur,</span> <span class='ocrx_word' id='word_1_426' title='bbox 1313 2124 1374 2158; x_wconf 88' lang='lat' dir='ltr'>sed</span> <span class='ocrx_word' id='word_1_427' title='bbox 1402 2125 1517 2158; x_wconf 89' lang='lat' dir='ltr'>cauda</span> <span class='ocrx_word' id='word_1_428' title='bbox 1542 2126 1716 2169; x_wconf 88' lang='lat' dir='ltr'>pungunt,</span> <span class='ocrx_word' id='word_1_429' title='bbox 1753 2126 1789 2159; x_wconf 90' lang='lat' dir='ltr'>et</span> <span class='ocrx_word' id='word_1_430' title='bbox 1814 2124 1908 2159; x_wconf 86' lang='lat' dir='ltr'>sicut</span> 
     </span>
     <span class='ocr_line' id='line_1_38' title="bbox 141 2177 1906 2228; baseline -0.003 -12"><span class='ocrx_word' id='word_1_431' title='bbox 141 2194 236 2228; x_wconf 84' lang='lat' dir='ltr'>apes,</span> <span class='ocrx_word' id='word_1_432' title='bbox 264 2193 355 2226; x_wconf 84' lang='lat' dir='ltr'>quae</span> <span class='ocrx_word' id='word_1_433' title='bbox 382 2180 452 2214; x_wconf 90' lang='lat' dir='ltr'>mel</span> <span class='ocrx_word' id='word_1_434' title='bbox 478 2183 610 2224; x_wconf 85' lang='lat' dir='ltr'>gerunt</span> <span class='ocrx_word' id='word_1_435' title='bbox 642 2180 678 2214; x_wconf 89' lang='lat' dir='ltr'>in</span> <span class='ocrx_word' id='word_1_436' title='bbox 704 2192 774 2221; x_wconf 84' lang='lat' dir='ltr'>ore,</span> <span class='ocrx_word' id='word_1_437' title='bbox 810 2180 873 2214; x_wconf 88' lang='lat' dir='ltr'>sed</span> <span class='ocrx_word' id='word_1_438' title='bbox 908 2179 1043 2213; x_wconf 86' lang='lat' dir='ltr'>aculeis</span> <span class='ocrx_word' id='word_1_439' title='bbox 1077 2180 1244 2223; x_wconf 85' lang='lat' dir='ltr'>pungunt</span> <span class='ocrx_word' id='word_1_440' title='bbox 1269 2190 1289 2212; x_wconf 85' lang='lat' dir='ltr'>a</span> <span class='ocrx_word' id='word_1_441' title='bbox 1316 2180 1417 2223; x_wconf 86' lang='lat' dir='ltr'>parte</span> <span class='ocrx_word' id='word_1_442' title='bbox 1454 2178 1653 2223; x_wconf 85' lang='lat' dir='ltr'>posteriori.</span> <span class='ocrx_word' id='word_1_443' title='bbox 1703 2177 1906 2212; x_wconf 87' lang='lat' dir='ltr'>Meliora</span> 
     </span>
     <span class='ocr_line' id='line_1_39' title="bbox 140 2230 1905 2277; baseline -0.003 -7"><span class='ocrx_word' id='word_1_444' title='bbox 140 2238 252 2270; x_wconf 86' lang='lat' dir='ltr'>sunt</span> <span class='ocrx_word' id='word_1_445' title='bbox 276 2234 478 2269; x_wconf 88' lang='lat' dir='ltr'>vulnera</span> <span class='ocrx_word' id='word_1_446' title='bbox 505 2233 787 2277; x_wconf 85' lang='lat' dir='ltr'>diligentis,</span> <span class='ocrx_word' id='word_1_447' title='bbox 815 2243 947 2276; x_wconf 88' lang='lat' dir='ltr'>quam</span> <span class='ocrx_word' id='word_1_448' title='bbox 975 2231 1295 2265; x_wconf 86' lang='lat' dir='ltr'>fraudulenta</span> <span class='ocrx_word' id='word_1_449' title='bbox 1322 2231 1487 2265; x_wconf 86' lang='lat' dir='ltr'>oscula</span> <span class='ocrx_word' id='word_1_450' title='bbox 1513 2230 1762 2265; x_wconf 40' lang='lat' dir='ltr'>odientis&amp;</span> <span class='ocrx_word' id='word_1_451' title='bbox 1813 2230 1905 2264; x_wconf 88' lang='lat' dir='ltr'>Tali-</span> 
     </span>
     <span class='ocr_line' id='line_1_40' title="bbox 139 2283 1906 2332; baseline -0.003 -9"><span class='ocrx_word' id='word_1_452' title='bbox 139 2290 206 2323; x_wconf 86' lang='lat' dir='ltr'>bus</span> <span class='ocrx_word' id='word_1_453' title='bbox 232 2290 343 2332; x_wconf 84' lang='lat' dir='ltr'>igitur</span> <span class='ocrx_word' id='word_1_454' title='bbox 370 2290 425 2321; x_wconf 89' lang='lat' dir='ltr'>est</span> <span class='ocrx_word' id='word_1_455' title='bbox 450 2286 736 2332; x_wconf 84' lang='lat' dir='ltr'>respondendum</span> <span class='ocrx_word' id='word_1_456' title='bbox 755 2285 919 2330; x_wconf 78' lang='lat' dir='ltr'>exemplo</span> <span class='ocrx_word' id='word_1_457' title='bbox 939 2284 1092 2329; x_wconf 84' lang='lat' dir='ltr'>Christj:</span> <span class='ocrx_word' id='word_1_458' title='bbox 1120 2284 1238 2326; x_wconf 89' lang='lat' dir='ltr'>Quid</span> <span class='ocrx_word' id='word_1_459' title='bbox 1265 2296 1329 2318; x_wconf 88' lang='lat' dir='ltr'>me</span> <span class='ocrx_word' id='word_1_460' title='bbox 1355 2284 1568 2318; x_wconf 87' lang='lat' dir='ltr'>tentatis</span> <span class='ocrx_word' id='word_1_461' title='bbox 1594 2283 1906 2329; x_wconf 76' lang='lat' dir='ltr'>hypocritae‘?⁵</span> 
     </span>
     <span class='ocr_line' id='line_1_41' title="bbox 141 2337 1907 2384; baseline -0.003 -8"><span class='ocrx_word' id='word_1_462' title='bbox 141 2342 285 2376; x_wconf 91' lang='lat' dir='ltr'>Illorum</span> <span class='ocrx_word' id='word_1_463' title='bbox 313 2341 405 2375; x_wconf 83' lang='lat' dir='ltr'>retia</span> <span class='ocrx_word' id='word_1_464' title='bbox 431 2343 516 2374; x_wconf 88' lang='lat' dir='ltr'>sunt</span> <span class='ocrx_word' id='word_1_465' title='bbox 550 2339 821 2384; x_wconf 88' lang='lat' dir='ltr'>perrumpenda,</span> <span class='ocrx_word' id='word_1_466' title='bbox 855 2338 998 2372; x_wconf 88' lang='lat' dir='ltr'>illorum</span> <span class='ocrx_word' id='word_1_467' title='bbox 1030 2338 1141 2372; x_wconf 88' lang='lat' dir='ltr'>verba</span> <span class='ocrx_word' id='word_1_468' title='bbox 1177 2338 1445 2379; x_wconf 89' lang='lat' dir='ltr'>contemnenda,</span> <span class='ocrx_word' id='word_1_469' title='bbox 1481 2338 1576 2371; x_wconf 87' lang='lat' dir='ltr'>sicut</span> <span class='ocrx_word' id='word_1_470' title='bbox 1600 2337 1754 2382; x_wconf 87' lang='lat' dir='ltr'>Vlysses</span> <span class='ocrx_word' id='word_1_471' title='bbox 1784 2337 1907 2372; x_wconf 86' lang='lat' dir='ltr'>audire</span> 
     </span>
     <span class='ocr_line' id='line_1_42' title="bbox 140 2390 1906 2438; baseline -0.003 -9"><span class='ocrx_word' id='word_1_472' title='bbox 140 2395 254 2429; x_wconf 88' lang='lat' dir='ltr'>noluit</span> <span class='ocrx_word' id='word_1_473' title='bbox 280 2397 425 2429; x_wconf 89' lang='lat' dir='ltr'>cantum</span> <span class='ocrx_word' id='word_1_474' title='bbox 452 2393 639 2438; x_wconf 76' lang='lat' dir='ltr'>Syr-enum,</span> <span class='ocrx_word' id='word_1_475' title='bbox 666 2392 901 2427; x_wconf 75' lang='lat' dir='ltr'>habentiumd</span> <span class='ocrx_word' id='word_1_476' title='bbox 928 2393 963 2426; x_wconf 93' lang='lat' dir='ltr'>in</span> <span class='ocrx_word' id='word_1_477' title='bbox 998 2392 1089 2426; x_wconf 87' lang='lat' dir='ltr'>mari</span> <span class='ocrx_word' id='word_1_478' title='bbox 1124 2391 1253 2425; x_wconf 86' lang='lat' dir='ltr'>faciem</span> <span class='ocrx_word' id='word_1_479' title='bbox 1288 2391 1498 2425; x_wconf 88' lang='lat' dir='ltr'>muliebrem</span> <span class='ocrx_word' id='word_1_480' title='bbox 1526 2393 1562 2425; x_wconf 83' lang='lat' dir='ltr'>et</span> <span class='ocrx_word' id='word_1_481' title='bbox 1596 2390 1801 2425; x_wconf 86' lang='lat' dir='ltr'>dulcissime</span> <span class='ocrx_word' id='word_1_482' title='bbox 1827 2402 1906 2424; x_wconf 82' lang='lat' dir='ltr'>can·</span> 
     </span>
    </p>
   </div>
   <div class='ocr_carea' id='block_1_6' title="bbox 143 2453 1906 2532">
    <p class='ocr_par' dir='ltr' id='par_1_8' title="bbox 143 2453 1906 2532">
     <span class='ocr_line' id='line_1_43' title="bbox 261 2453 1906 2490; baseline -0.002 -7"><span class='ocrx_word' id='word_1_483' title='bbox 261 2460 287 2487; x_wconf 69' lang='lat' dir='ltr'>a)</span> <span class='ocrx_word' id='word_1_484' title='bbox 312 2459 440 2490; x_wconf 65' lang='lat' dir='ltr'>Quinque</span> <span class='ocrx_word' id='word_1_485' title='bbox 463 2466 503 2482; x_wconf 69' lang='lat' dir='ltr'>rr.</span> <span class='ocrx_word' id='word_1_486' title='bbox 522 2466 580 2489; x_wconf 73' lang='lat' dir='ltr'>sqq.</span> <span class='ocrx_word' id='word_1_487' title='bbox 601 2466 617 2482; x_wconf 86' lang='lat' dir='ltr'>a</span> <span class='ocrx_word' id='word_1_488' title='bbox 640 2458 668 2482; x_wconf 82' lang='lat' dir='ltr'>C.</span> <span class='ocrx_word' id='word_1_489' title='bbox 689 2458 752 2489; x_wconf 81' lang='lat' dir='ltr'>ipso</span> <span class='ocrx_word' id='word_1_490' title='bbox 772 2457 874 2481; x_wconf 71' lang='lat' dir='ltr'>addita</span> <span class='ocrx_word' id='word_1_491' title='bbox 895 2459 971 2481; x_wconf 76' lang='lat' dir='ltr'>sunt.</span> <span class='ocrx_word' id='word_1_492' title='bbox 1108 2455 1137 2488; x_wconf 90' lang='lat' dir='ltr'>b)</span> <span class='ocrx_word' id='word_1_493' title='bbox 1159 2456 1224 2487; x_wconf 80' lang='lat' dir='ltr'>Si‹:,·</span> <span class='ocrx_word' id='word_1_494' title='bbox 1250 2456 1453 2487; x_wconf 73' lang='lat' dir='ltr'>corriyendam</span> <span class='ocrx_word' id='word_1_495' title='bbox 1480 2462 1541 2480; x_wconf 82' lang='lat' dir='ltr'>esse</span> <span class='ocrx_word' id='word_1_496' title='bbox 1567 2455 1698 2480; x_wconf 77' lang='lat' dir='ltr'>videtur:</span> <span class='ocrx_word' id='word_1_497' title='bbox 1724 2453 1906 2480; x_wconf 82' lang='lat' dir='ltr'>adulatione.</span> 
     </span>
     <span class='ocr_line' id='line_1_44' title="bbox 143 2497 1070 2532; baseline -0.003 -8"><span class='ocrx_word' id='word_1_498' title='bbox 143 2506 167 2525; x_wconf 67' lang='lat' dir='ltr'>ci</span> <span class='ocrx_word' id='word_1_499' title='bbox 189 2503 355 2532; x_wconf 66' lang='lat' dir='ltr'>Sequuntur</span> <span class='ocrx_word' id='word_1_500' title='bbox 377 2508 417 2524; x_wconf 73' lang='lat' dir='ltr'>re.</span> <span class='ocrx_word' id='word_1_501' title='bbox 438 2499 536 2532; x_wconf 83' lang='lat' dir='ltr'>pisces</span> <span class='ocrx_word' id='word_1_502' title='bbox 557 2500 597 2529; x_wconf 82' lang='lat' dir='ltr'>et,</span> <span class='ocrx_word' id='word_1_503' title='bbox 617 2499 707 2524; x_wconf 72' lang='lat' dir='ltr'>omitt.</span> <span class='ocrx_word' id='word_1_504' title='bbox 782 2498 811 2529; x_wconf 84' lang='lat' dir='ltr'>d)</span> <span class='ocrx_word' id='word_1_505' title='bbox 833 2497 981 2523; x_wconf 83' lang='lat' dir='ltr'>habentes</span> <span class='ocrx_word' id='word_1_506' title='bbox 1001 2498 1070 2522; x_wconf 74' lang='lat' dir='ltr'>libr.</span> 
     </span>
    </p>
   </div>
   <div class='ocr_carea' id='block_1_7' title="bbox 407 2574 484 2576">
    <p class='ocr_par' dir='ltr' id='par_1_9' title="bbox 407 2574 484 2576">
     <span class='ocr_line' id='line_1_45' title="bbox 407 2574 484 2576; baseline 0 0"><span class='ocrx_word' id='word_1_507' title='bbox 407 2574 484 2576; x_wconf 95' lang='lat' dir='ltr'> </span> 
     </span>
    </p>
   </div>
   <div class='ocr_carea' id='block_1_8' title="bbox 485 2573 567 2576">
    <p class='ocr_par' dir='ltr' id='par_1_10' title="bbox 485 2573 567 2576">
     <span class='ocr_line' id='line_1_46' title="bbox 485 2573 567 2576; baseline 0 0"><span class='ocrx_word' id='word_1_508' title='bbox 485 2573 567 2576; x_wconf 95' lang='lat' dir='ltr'> </span> 
     </span>
    </p>
   </div>
   <div class='ocr_carea' id='block_1_9' title="bbox 144 2613 1909 3082">
    <p class='ocr_par' dir='ltr' id='par_1_11' title="bbox 144 2613 1909 2979">
     <span class='ocr_line' id='line_1_47' title="bbox 268 2613 1909 2664; baseline -0.004 -11"><span class='ocrx_word' id='word_1_509' title='bbox 268 2621 275 2639; x_wconf 89' lang='lat'>¹</span> <span class='ocrx_word' id='word_1_510' title='bbox 302 2619 354 2652; x_wconf 87' lang='lat' dir='ltr'>De</span> <span class='ocrx_word' id='word_1_511' title='bbox 380 2618 647 2664; x_wconf 81' lang='lat' dir='ltr'>precationibus</span> <span class='ocrx_word' id='word_1_512' title='bbox 672 2616 1063 2662; x_wconf 86' lang='lat' dir='ltr'>supplicationibusque</span> <span class='ocrx_word' id='word_1_513' title='bbox 1090 2616 1167 2660; x_wconf 89' lang='lat' dir='ltr'>ipso</span> <span class='ocrx_word' id='word_1_514' title='bbox 1192 2615 1253 2649; x_wconf 92' lang='lat' dir='ltr'>illo</span> <span class='ocrx_word' id='word_1_515' title='bbox 1281 2615 1335 2648; x_wconf 91' lang='lat' dir='ltr'>die</span> <span class='ocrx_word' id='word_1_516' title='bbox 1363 2616 1395 2649; x_wconf 83' lang='lat'>7.</span> <span class='ocrx_word' id='word_1_517' title='bbox 1421 2614 1587 2648; x_wconf 89' lang='lat' dir='ltr'>Octobris</span> <span class='ocrx_word' id='word_1_518' title='bbox 1613 2625 1633 2647; x_wconf 85' lang='lat' dir='ltr'>a</span> <span class='ocrx_word' id='word_1_519' title='bbox 1658 2613 1909 2648; x_wconf 86' lang='lat' dir='ltr'>sodalitatibus</span> 
     </span>
     <span class='ocr_line' id='line_1_48' title="bbox 144 2666 1907 2715; baseline -0.003 -10"><span class='ocrx_word' id='word_1_520' title='bbox 144 2672 269 2705; x_wconf 87' lang='lat' dir='ltr'>rosarii</span> <span class='ocrx_word' id='word_1_521' title='bbox 296 2672 447 2705; x_wconf 86' lang='lat' dir='ltr'>mariani</span> <span class='ocrx_word' id='word_1_522' title='bbox 475 2671 653 2705; x_wconf 86' lang='lat' dir='ltr'>institutis</span> <span class='ocrx_word' id='word_1_523' title='bbox 679 2682 713 2703; x_wconf 92' lang='lat' dir='ltr'>v.</span> <span class='ocrx_word' id='word_1_524' title='bbox 732 2682 841 2715; x_wconf 86' lang='lat' dir='ltr'>supra</span> <span class='ocrx_word' id='word_1_525' title='bbox 867 2682 900 2715; x_wconf 91' lang='lat' dir='ltr'>p.</span> <span class='ocrx_word' id='word_1_526' title='bbox 918 2670 1015 2704; x_wconf 79' lang='lat'>487⁷.</span> <span class='ocrx_word' id='word_1_527' title='bbox 1050 2669 1090 2702; x_wconf 90' lang='lat' dir='ltr'>In</span> <span class='ocrx_word' id='word_1_528' title='bbox 1109 2668 1247 2703; x_wconf 83' lang='lat' dir='ltr'>*Libro</span> <span class='ocrx_word' id='word_1_529' title='bbox 1272 2669 1543 2713; x_wconf 87' lang='lat' dir='ltr'>praeceptorum</span> <span class='ocrx_word' id='word_1_530' title='bbox 1563 2666 1675 2701; x_wconf 82' lang='lat' dir='ltr'>Sociis</span> <span class='ocrx_word' id='word_1_531' title='bbox 1694 2678 1714 2700; x_wconf 89' lang='lat' dir='ltr'>a</span> <span class='ocrx_word' id='word_1_532' title='bbox 1731 2667 1907 2711; x_wconf 88' lang='lat' dir='ltr'>supremis</span> 
     </span>
     <span class='ocr_line' id='line_1_49' title="bbox 144 2719 1907 2769; baseline -0.003 -11"><span class='ocrx_word' id='word_1_533' title='bbox 144 2725 301 2769; x_wconf 86' lang='lat' dir='ltr'>ipsorum</span> <span class='ocrx_word' id='word_1_534' title='bbox 319 2725 602 2758; x_wconf 85' lang='lat' dir='ltr'>moderatoribus</span> <span class='ocrx_word' id='word_1_535' title='bbox 622 2724 784 2758; x_wconf 83' lang='lat' dir='ltr'>datorum</span> <span class='ocrx_word' id='word_1_536' title='bbox 811 2723 900 2757; x_wconf 89' lang='lat' dir='ltr'>haec</span> <span class='ocrx_word' id='word_1_537' title='bbox 919 2735 959 2757; x_wconf 93' lang='lat' dir='ltr'>eo</span> <span class='ocrx_word' id='word_1_538' title='bbox 986 2725 1145 2766; x_wconf 88' lang='lat' dir='ltr'>tempore</span> <span class='ocrx_word' id='word_1_539' title='bbox 1169 2723 1294 2756; x_wconf 88' lang='lat' dir='ltr'>notata</span> <span class='ocrx_word' id='word_1_540' title='bbox 1320 2723 1421 2755; x_wconf 87' lang='lat' dir='ltr'>sunt:</span> <span class='ocrx_word' id='word_1_541' title='bbox 1454 2721 1576 2763; x_wconf 85' lang='lat'>„1571.</span> <span class='ocrx_word' id='word_1_542' title='bbox 1603 2721 1634 2754; x_wconf 94' lang='lat' dir='ltr'>A</span> <span class='ocrx_word' id='word_1_543' title='bbox 1653 2721 1708 2754; x_wconf 79' lang='lat'>21.</span> <span class='ocrx_word' id='word_1_544' title='bbox 1728 2720 1762 2754; x_wconf 92' lang='lat' dir='ltr'>di</span> <span class='ocrx_word' id='word_1_545' title='bbox 1781 2719 1907 2762; x_wconf 88' lang='lat' dir='ltr'>Luglio</span> 
     </span>
     <span class='ocr_line' id='line_1_50' title="bbox 146 2772 1908 2821; baseline -0.002 -12"><span class='ocrx_word' id='word_1_546' title='bbox 146 2777 266 2810; x_wconf 87' lang='lat' dir='ltr'>ordine</span> <span class='ocrx_word' id='word_1_547' title='bbox 302 2789 407 2821; x_wconf 79' lang='lat' dir='ltr'>sopra</span> <span class='ocrx_word' id='word_1_548' title='bbox 440 2778 463 2811; x_wconf 93' lang='lat' dir='ltr'>il</span> <span class='ocrx_word' id='word_1_549' title='bbox 490 2778 544 2811; x_wconf 89' lang='lat' dir='ltr'>dir</span> <span class='ocrx_word' id='word_1_550' title='bbox 570 2777 654 2819; x_wconf 82' lang='lat' dir='ltr'>ogni</span> <span class='ocrx_word' id='word_1_551' title='bbox 680 2777 874 2810; x_wconf 86' lang='lat' dir='ltr'>settimana</span> <span class='ocrx_word' id='word_1_552' title='bbox 909 2776 1054 2810; x_wconf 89' lang='lat' dir='ltr'>ciascun</span> <span class='ocrx_word' id='word_1_553' title='bbox 1088 2775 1274 2809; x_wconf 82' lang='lat' dir='ltr'>sacerdote</span> <span class='ocrx_word' id='word_1_554' title='bbox 1311 2785 1381 2807; x_wconf 83' lang='lat' dir='ltr'>una</span> <span class='ocrx_word' id='word_1_555' title='bbox 1414 2785 1543 2814; x_wconf 86' lang='lat' dir='ltr'>messa,</span> <span class='ocrx_word' id='word_1_556' title='bbox 1577 2775 1612 2807; x_wconf 88' lang='lat' dir='ltr'>et</span> <span class='ocrx_word' id='word_1_557' title='bbox 1643 2773 1668 2807; x_wconf 91' lang='lat' dir='ltr'>li</span> <span class='ocrx_word' id='word_1_558' title='bbox 1694 2772 1827 2807; x_wconf 81' lang='lat' dir='ltr'>fratelli</span> <span class='ocrx_word' id='word_1_559' title='bbox 1852 2773 1908 2807; x_wconf 85' lang='lat' dir='ltr'>far</span> 
     </span>
     <span class='ocr_line' id='line_1_51' title="bbox 146 2826 1906 2864; baseline -0.002 -2"><span class='ocrx_word' id='word_1_560' title='bbox 146 2831 303 2863; x_wconf 87' lang='lat' dir='ltr'>oratione</span> <span class='ocrx_word' id='word_1_561' title='bbox 331 2833 365 2863; x_wconf 88' lang='lat' dir='ltr'>et</span> <span class='ocrx_word' id='word_1_562' title='bbox 392 2830 669 2864; x_wconf 85' lang='lat' dir='ltr'>raccomandare</span> <span class='ocrx_word' id='word_1_563' title='bbox 703 2829 797 2863; x_wconf 89' lang='lat' dir='ltr'>nelle</span> <span class='ocrx_word' id='word_1_564' title='bbox 829 2840 946 2863; x_wconf 89' lang='lat' dir='ltr'>messe</span> <span class='ocrx_word' id='word_1_565' title='bbox 982 2831 1017 2862; x_wconf 90' lang='lat' dir='ltr'>et</span> <span class='ocrx_word' id='word_1_566' title='bbox 1052 2827 1203 2862; x_wconf 83' lang='lat' dir='ltr'>orationi</span> <span class='ocrx_word' id='word_1_567' title='bbox 1237 2828 1273 2861; x_wconf 88' lang='lat' dir='ltr'>la</span> <span class='ocrx_word' id='word_1_568' title='bbox 1307 2827 1454 2861; x_wconf 89' lang='lat' dir='ltr'>vittoria</span> <span class='ocrx_word' id='word_1_569' title='bbox 1490 2828 1614 2861; x_wconf 86' lang='lat' dir='ltr'>contra</span> <span class='ocrx_word' id='word_1_570' title='bbox 1648 2826 1674 2860; x_wconf 92' lang='lat' dir='ltr'>il</span> <span class='ocrx_word' id='word_1_571' title='bbox 1699 2826 1814 2860; x_wconf 90' lang='lat' dir='ltr'>Turco</span> <span class='ocrx_word' id='word_1_572' title='bbox 1840 2828 1906 2860; x_wconf 90' lang='lat' dir='ltr'>etc.</span> 
     </span>
     <span class='ocr_line' id='line_1_52' title="bbox 147 2878 1907 2926; baseline -0.001 -12"><span class='ocrx_word' id='word_1_573' title='bbox 147 2882 336 2915; x_wconf 87' lang='lat' dir='ltr'>Prouincia</span> <span class='ocrx_word' id='word_1_574' title='bbox 356 2883 526 2923; x_wconf 79' lang='lat' dir='ltr'>Romana,</span> <span class='ocrx_word' id='word_1_575' title='bbox 553 2882 776 2924; x_wconf 85' lang='lat' dir='ltr'>Lombardia,</span> <span class='ocrx_word' id='word_1_576' title='bbox 802 2881 930 2926; x_wconf 88' lang='lat' dir='ltr'>Napoli</span> <span class='ocrx_word' id='word_1_577' title='bbox 950 2884 986 2915; x_wconf 91' lang='lat' dir='ltr'>et</span> <span class='ocrx_word' id='word_1_578' title='bbox 1004 2881 1135 2922; x_wconf 85' lang='lat' dir='ltr'>Sicilia,</span> <span class='ocrx_word' id='word_1_579' title='bbox 1162 2880 1311 2914; x_wconf 87' lang='lat' dir='ltr'>Austria</span> <span class='ocrx_word' id='word_1_580' title='bbox 1329 2882 1365 2914; x_wconf 88' lang='lat' dir='ltr'>et</span> <span class='ocrx_word' id='word_1_581' title='bbox 1382 2880 1544 2924; x_wconf 86' lang='lat' dir='ltr'>superior</span> <span class='ocrx_word' id='word_1_582' title='bbox 1563 2878 1766 2921; x_wconf 81' lang='lat' dir='ltr'>Germania,</span> <span class='ocrx_word' id='word_1_583' title='bbox 1785 2878 1907 2913; x_wconf 83' lang='lat' dir='ltr'>Rheno</span> 
     </span>
     <span class='ocr_line' id='line_1_53' title="bbox 148 2931 1659 2979; baseline -0.001 -12"><span class='ocrx_word' id='word_1_584' title='bbox 148 2937 183 2968; x_wconf 89' lang='lat' dir='ltr'>et</span> <span class='ocrx_word' id='word_1_585' title='bbox 208 2934 372 2973; x_wconf 82' lang='lat' dir='ltr'>Fiandra,</span> <span class='ocrx_word' id='word_1_586' title='bbox 400 2935 549 2969; x_wconf 81' lang='lat' dir='ltr'>Francia</span> <span class='ocrx_word' id='word_1_587' title='bbox 576 2938 610 2969; x_wconf 90' lang='lat' dir='ltr'>et</span> <span class='ocrx_word' id='word_1_588' title='bbox 638 2935 850 2979; x_wconf 81' lang='lat' dir='ltr'>Aquitania“</span> <span class='ocrx_word' id='word_1_589' title='bbox 884 2934 984 2977; x_wconf 87' lang='lat' dir='ltr'>(Cod.</span> <span class='ocrx_word' id='word_1_590' title='bbox 1015 2933 1149 2977; x_wconf 76' lang='lat' dir='ltr'>„Def.“,</span> <span class='ocrx_word' id='word_1_591' title='bbox 1176 2934 1296 2968; x_wconf 89' lang='lat' dir='ltr'>Messe</span> <span class='ocrx_word' id='word_1_592' title='bbox 1323 2936 1390 2967; x_wconf 87' lang='lat' dir='ltr'>etc.</span> <span class='ocrx_word' id='word_1_593' title='bbox 1417 2933 1452 2966; x_wconf 92' lang='lat' dir='ltr'>in</span> <span class='ocrx_word' id='word_1_594' title='bbox 1479 2944 1511 2966; x_wconf 87' lang='lat' dir='ltr'>a.</span> <span class='ocrx_word' id='word_1_595' title='bbox 1540 2931 1659 2975; x_wconf 79' lang='lat'>1571).</span> 
     </span>
    </p>

    <p class='ocr_par' dir='ltr' id='par_1_12' title="bbox 267 2985 1606 3029">
     <span class='ocr_line' id='line_1_54' title="bbox 267 2985 1606 3029; baseline -0.001 -9"><span class='ocrx_word' id='word_1_596' title='bbox 267 2988 279 3006; x_wconf 80' lang='lat'><em>²</em></span> <span class='ocrx_word' id='word_1_597' title='bbox 306 2987 410 3020; x_wconf 88' lang='lat' dir='ltr'>Eccle</span> <span class='ocrx_word' id='word_1_598' title='bbox 438 2989 467 3028; x_wconf 82' lang='lat'>7,</span> <span class='ocrx_word' id='word_1_599' title='bbox 495 2989 526 3021; x_wconf 76' lang='lat'>(5.</span> <span class='ocrx_word' id='word_1_600' title='bbox 673 2992 685 3008; x_wconf 61' lang='grc' dir='ltr'><strong>ὅ</strong></span> <span class='ocrx_word' id='word_1_601' title='bbox 713 2987 765 3021; x_wconf 84' lang='lat' dir='ltr'>Cf.</span> <span class='ocrx_word' id='word_1_602' title='bbox 793 2988 848 3022; x_wconf 90' lang='lat' dir='ltr'>Ier</span> <span class='ocrx_word' id='word_1_603' title='bbox 873 2988 905 3027; x_wconf 87' lang='lat'>5,</span> <span class='ocrx_word' id='word_1_604' title='bbox 932 2987 994 3027; x_wconf 78' lang='lat'>26;</span> <span class='ocrx_word' id='word_1_605' title='bbox 1022 2989 1090 3021; x_wconf 91' lang='lat' dir='ltr'>Am</span> <span class='ocrx_word' id='word_1_606' title='bbox 1116 2988 1148 3029; x_wconf 85' lang='lat'>3,</span> <span class='ocrx_word' id='word_1_607' title='bbox 1176 2989 1208 3021; x_wconf 89' lang='lat'>5.</span> <span class='ocrx_word' id='word_1_608' title='bbox 1354 2988 1366 3006; x_wconf 70' lang='lat'>4</span> <span class='ocrx_word' id='word_1_609' title='bbox 1393 2985 1467 3020; x_wconf 87' lang='lat' dir='ltr'>Prv</span> <span class='ocrx_word' id='word_1_610' title='bbox 1492 2985 1547 3027; x_wconf 84' lang='lat'>27,</span> <span class='ocrx_word' id='word_1_611' title='bbox 1576 2986 1606 3018; x_wconf 83' lang='lat'>6.</span> 
     </span>
    </p>

    <p class='ocr_par' dir='ltr' id='par_1_13' title="bbox 269 3039 1103 3082">
     <span class='ocr_line' id='line_1_55' title="bbox 269 3039 1103 3082; baseline 0.002 -10"><span class='ocrx_word' id='word_1_612' title='bbox 269 3040 280 3058; x_wconf 67' lang='lat'><strong>⁵</strong></span> <span class='ocrx_word' id='word_1_613' title='bbox 307 3039 360 3072; x_wconf 87' lang='lat' dir='ltr'>Mt</span> <span class='ocrx_word' id='word_1_614' title='bbox 387 3039 441 3077; x_wconf 78' lang='lat'>22,</span> <span class='ocrx_word' id='word_1_615' title='bbox 471 3040 530 3079; x_wconf 69' lang='lat'>183</span> <span class='ocrx_word' id='word_1_616' title='bbox 560 3040 605 3074; x_wconf 82' lang='lat' dir='ltr'>of.</span> <span class='ocrx_word' id='word_1_617' title='bbox 632 3040 691 3074; x_wconf 88' lang='lat' dir='ltr'>Mc</span> <span class='ocrx_word' id='word_1_618' title='bbox 719 3040 771 3082; x_wconf 79' lang='lat'>12,</span> <span class='ocrx_word' id='word_1_619' title='bbox 802 3042 863 3081; x_wconf 90' lang='lat'>15;</span> <span class='ocrx_word' id='word_1_620' title='bbox 890 3041 938 3074; x_wconf 89' lang='lat' dir='ltr'>Lc</span> <span class='ocrx_word' id='word_1_621' title='bbox 965 3040 1020 3081; x_wconf 82' lang='grc'>20,</span> <span class='ocrx_word' id='word_1_622' title='bbox 1048 3040 1103 3074; x_wconf 80' lang='grc'>23.</span> 
     </span>
    </p>
   </div>
  </div>
 </body>
</html>
