2044 3335
163 79 245 120 168
400 77 501 112 1560.
530 76 569 110 Ρ.
589 75 831 120 Hieronymus
856 75 998 110 Natalis
1024 75 1177 110 Canisio.
1222 76 1379 110 Lovanio
1408 77 1462 111 15.
1481 76 1582 111 Febr.
1605 77 1706 112 1568.

161 192 197 227 Jl
224 193 340 226 Padre
367 192 408 226 D.
437 192 560 233 Solier,
587 193 796 236 procurator
822 191 1001 235 generale,
1035 190 1132 225 tiene
1158 191 1271 226 anche
1298 203 1384 226 cura
1410 192 1445 226 di
1470 191 1644 227 sollicitar
1670 193 1752 237 quel
1778 194 1925 237 negocio

162 245 255 279 della
282 245 549 280 confirmatione
565 245 575 264 ¹
600 245 625 278 il
653 243 758 288 quale
784 255 848 289 per
873 244 1025 289 rispetto
1051 244 1135 278 delli
1161 244 1327 286 ministri,
1364 247 1382 279 e
1409 245 1539 279 andato
1564 244 1681 280 lent0“
1715 245 1775 290 (ex
1801 258 1924 292 apogr.

159 298 270 333 eiusd.
298 301 428 343 temp.;
457 297 575 332 Germ.
604 298 647 332 67
675 298 699 331 f.
729 296 849 341 108b).

278 358 317 391 In
345 356 428 391 Cod.
461 356 579 398 „Def.“
610 359 627 375 ’κ’
641 358 803 390 notatum
830 356 944 397 video,
980 356 1016 390 in
1043 355 1272 390 Germaniam
1309 357 1528 401 superiorem
1558 356 1755 401 (Dilingam
1790 359 1833 392 ad
1861 357 1924 392 Ca-

159 410 288 444 nisium
309 410 554 455 praepositum
573 409 843 454 provincialem,
863 409 966 454 puto)
994 409 1142 443 missam
1162 421 1241 443 esse
1260 409 1552 443 constitutionem
1570 411 1648 444 sive
1667 411 1924 445 ordinationem

159 463 258 497 illam
286 464 317 497 7.
346 462 532 497 Februarii
560 463 651 497 1568
679 463 811 501 datam,
839 474 930 506 quae
957 461 1150 496 Societatis
1175 461 1349 496 historiae
1375 463 1663 497 commodissima
1689 464 1811 498 futura
1837 467 1925 499 erat.

159 516 247 550 Eam
274 516 433 550 italicam
460 516 579 561 posuit
610 518 651 550 G.
679 517 728 550 M.
755 517 922 550 Pachtler
948 514 982 550 S.
1010 515 1054 557 J.,
1081 515 1187 549 Ratio
1214 515 1419 550 Studiorum
1446 518 1481 549 et
1508 516 1756 552 Institutiones
1782 517 1924 552 Schola-

157 569 272 603 sticae
299 569 491 604 Societatis
518 569 599 604 Iesu
625 580 689 614 per
708 568 939 603 Germaniam
966 567 1050 602 olim
1078 568 1244 611 vigentes
1263 569 1288 609 I,
1307 568 1427 603 Berlin
1449 568 1549 610 1887,
1569 569 1656 610 343;
1684 581 1749 614 ego
1776 570 1924 604 eandem

158 622 307 656 latinam
336 624 371 656 et
396 622 502 667 paulo
529 622 739 667 ampliorem
767 634 858 667 pono
886 633 931 655 ex
957 621 1175 666 apographo,
1203 621 1309 665 quod,
1336 622 1480 656 saeculo
1506 622 1619 657 XVII.
1646 623 1704 657 vel
1722 622 1853 657 XVIII.
1880 624 1924 657 ab

159 675 280 719 aliquo
308 675 498 710 Societatis
515 675 658 710 homine
677 675 851 720 scriptum
870 675 994 718 sicque
1022 674 1256 719 inscriptum:
1287 675 1411 717 „1568
1445 675 1491 709 Jn
1506 676 1586 710 Jan:
1607 676 1925 717 prouincialibus‘,

158 740 253 763 nunc
271 731 393 763 exstat
411 729 592 763 Monachii
610 729 646 762 in
665 728 812 762 archivo
830 727 934 771 regni
951 727 1123 774 bavarici‚
1143 728 1336 770 „Jesuitica
1357 729 1391 762 in
1410 740 1541 772 genere
1561 729 1648 763 316“
1667 730 1692 763 f.
1707 728 1924 764 127b—1282.

158 781 214 815 Ita
239 782 351 826 igitur
378 783 414 816 S.
434 783 654 816 Francisczis
671 783 827 824 Boryias
852 781 911 815 vel
936 781 1051 825 ipsius
1076 781 1249 815 mandatu
1273 781 1312 816 P.
1338 782 1489 815 Ioannes
1507 781 1685 816 Polancus
1712 782 1926 827 praepositis

159 835 461 880 provincialibus:
493 835 644 877 „Vestra
662 834 881 868 Reuerentia
906 833 1043 868 scribat
1060 834 1284 876 Rectoflbus,
1311 836 1354 868 vt
1379 846 1442 879 pro
1461 834 1710 869 aedificatione
1737 837 1773 870 et
1797 835 1925 870 solatio

161 899 282 922 eorum
309 888 370 932 qui
396 900 491 922 nunc
517 891 602 922 sunt
638 890 674 922 et
699 889 735 921 in
761 890 945 932 posterum
972 887 1085 921 futuri
1111 889 1206 929 sunt,
1243 889 1278 921 et
1303 899 1367 932 pro
1395 887 1476 932 alijs
1502 888 1604 922 bonis
1631 888 1829 929 effectibus,
1863 889 1924 924 ha-

158 940 267 975 beant
301 942 336 975 in
362 942 517 985 singulis
546 940 717 986 Collegijs
752 941 881 975 librum
908 952 1031 981 vnum,
1068 941 1102 974 in
1129 952 1198 984 quo
1225 941 1439 986 principium
1475 943 1511 975 et
1536 942 1636 984 origo
1663 942 1747 976 talis
1775 941 1924 987 Collegij

160 994 339 1028 scribatur
375 995 539 1029 faciendo
566 994 785 1029 mentionem
819 1005 937 1028 rerum
973 994 1127 1028 alicuius
1153 994 1333 1036 momenti,
1369 1005 1461 1038 quae
1488 997 1698 1036 euenerunt,
1736 995 1794 1029 vel
1821 1007 1924 1029 euen-

159 1049 285 1081 turaea
310 1050 395 1082 sunt
420 1049 456 1082 in
483 1059 677 1093 progressu
704 1047 811 1087 illius,
847 1049 922 1081 tam
954 1047 990 1081 in
1016 1047 1266 1092 spiritualibus
1293 1058 1400 1091 quam
1425 1047 1462 1081 in
1489 1048 1758 1092 temporalibus,
1794 1059 1864 1092 qua
1889 1048 1926 1082 in

160 1112 199 1134 re
225 1100 284 1134 hic
311 1101 396 1135 ordo
422 1101 637 1141 seruabitur,
665 1102 705 1135 ut
731 1103 926 1144 antequam
945 1100 1140 1145 quidquam
1167 1100 1257 1134 libro
1284 1099 1514 1141 inscribatur,
1541 1100 1755 1135 extrahatur
1780 1101 1840 1135 vel
1866 1112 1925 1134 an-

163 1155 307 1188 notetur
332 1153 368 1187 in
395 1154 522 1188 charta
548 1166 612 1199 per
637 1166 676 1188 se
703 1153 763 1188 vel
788 1156 969 1198 separata,
997 1153 1091 1196 quod
1117 1153 1299 1187 videbitur
1325 1165 1405 1188 esse
1431 1153 1577 1197 dignum
1604 1154 1784 1193 memoria,
1811 1165 1926 1198 vsque

160 1206 244 1240 dum
271 1207 508 1242 Prouincialis
543 1208 588 1241 ad
616 1207 817 1250 Collegium
844 1207 1063 1241 visitandum
1092 1206 1276 1251 appulsus,
1312 1206 1434 1241 videat
1469 1207 1553 1250 quid
1589 1207 1762 1252 scriptum
1797 1207 1854 1248 sit,
1891 1209 1927 1241 et

161 1271 240 1293 cum
267 1260 344 1294 eius
374 1260 560 1294 voluntate
587 1263 623 1294 et
648 1260 828 1295 sententia
854 1259 946 1293 libro
971 1259 1200 1301 inscribatur,
1227 1261 1263 1293 et
1289 1259 1524 1294 custodiatur.
1574 1259 1684 1294 Hisce
1711 1260 1804 1294 enim
1830 1259 1926 1305 prin-

160 1312 264 1358 cipijs
290 1313 325 1346 id
352 1313 471 1348 facere
497 1314 577 1348 leue
603 1316 659 1348 est
685 1317 721 1348 et
746 1313 864 1354 facile,
898 1312 1066 1357 deinceps
1092 1324 1178 1347 vero
1204 1312 1468 1347 desiderabitur
1504 1315 1540 1347 et
1565 1313 1672 1347 facile
1698 1325 1767 1347 non
1794 1313 1922 1347 esset*⁴

278 1372 413 1406 Missae
448 1375 637 1417 praeterea
673 1384 752 1407 esse
778 1372 947 1406 videntur
972 1371 1168 1415 Dilingam,
1203 1374 1243 1406 ut
1278 1372 1360 1406 inde
1388 1371 1532 1406 Canisio
1568 1374 1716 1406 curante
1744 1372 1926 1407 Coloniam

160 1425 415 1470 perferrentur,
441 1426 586 1460 litterae
612 1438 632 1460 a
658 1426 698 1460 P.
726 1425 909 1470 Onuphrio
937 1425 1112 1460 Panvinio
1132 1425 1172 1459 Ο.
1192 1425 1251 1460 Er.
1270 1425 1305 1460 S.
1323 1425 1415 1469 Aug.
1444 1425 1488 1460 ad
1514 1426 1719 1460 Maternum
1739 1425 1926 1460 Cholinum

160 1478 428 1524 typographum
464 1482 502 1513 et
526 1479 756 1524 bibliopolam
783 1478 1024 1513 coloniensem
1051 1479 1166 1520 datae,
1203 1490 1355 1523 quarum
1380 1478 1598 1513 mentionem
1633 1479 1727 1513 idem
1757 1479 1926 1512 Cholinus

160 1531 259 1573 facit,
295 1543 375 1566 011111
401 1543 433 1566 a.
455 1532 545 1567 1568
573 1532 683 1576 (diem
710 1544 780 1566 non
807 1531 971 1575 ascribit)
1000 1531 1146 1565 Colonia
1182 1531 1225 1565 ad
1263 1532 1300 1566 P.
1328 1531 1496 1566 Ioannem
1524 1531 1719 1566 Polancum
1751 1530 1924 1566 *scribitz

165 1584 227 1627 „D.
255 1584 500 1630 Onuphrium“
530 1597 551 1619 a
576 1597 615 1619 se
643 1585 787 1630 petisse,
813 1587 864 1627 ut,
891 1585 951 1619 ubi
978 1584 1143 1619 Platinae
1166 1584 1291 1628 „Vitas
1310 1584 1546 1619 Pontificum“
1576 1596 1597 1619 a
1623 1597 1661 1619 se
1688 1584 1927 1630 amplificatas

162 1641 198 1672 et
221 1638 438 1680 „Chronicon
458 1638 775 1673 Ecclesiasticum“
805 1650 909 1672 suum
934 1639 1150 1678 excudisset,
1178 1649 1300 1672 eorum
1326 1638 1499 1672 librorum
1525 1638 1690 1683 exempla
1716 1650 1822 1683 quam
1850 1636 1925 1682 plu-

162 1692 252 1725 rima
280 1691 428 1726 Romam
455 1692 634 1733 mitteret;
661 1692 740 1725 ideo
766 1703 805 1726 se
832 1704 877 1726 ex
903 1691 1073 1725 librorum
1100 1691 1279 1732 nundinis,
1306 1692 1489 1736 superiore
1508 1691 1812 1734 Quadragesimae
1837 1693 1925 1724 tem·

161 1756 247 1789 pore
273 1744 418 1787 habitis,
447 1756 511 1779 vas
536 1745 640 1779 libris
666 1745 832 1779 Panvinii
861 1745 1044 1790 oppletum
1063 1744 1213 1779 Romam
1239 1744 1382 1779 misisse
1407 1744 1587 1789 simulque
1613 1744 1785 1778 librorum
1810 1743 1926 1789 pretia

160 1797 357 1839 indicasse;
386 1810 466 1832 cum
494 1800 614 1832 autem
641 1799 779 1832 interea
796 1797 995 1832 Panvinius
1022 1798 1099 1832 vita
1125 1798 1286 1839 cesserit,
1313 1799 1434 1842 petere
1461 1809 1499 1831 se
1524 1809 1545 1832 a
1563 1798 1729 1838 Polanco,
1755 1799 1796 1831 ut
1814 1796 1926 1831 cardi-

161 1851 303 1885 nalibus
329 1851 554 1891 Borromaeo,
590 1851 773 1893 Farnesio,
811 1851 1034 1896 Altaempsio
1069 1851 1212 1894 singula
1246 1851 1369 1885 tradat-
1403 1851 1567 1896 exempla
1595 1850 1656 1895 (ex
1683 1849 1924 1895 autographo;

163 1903 205 1938 G.
225 1904 288 1949 Ep.
308 1904 359 1938 IX
384 1904 409 1939 f.
437 1905 533 1947 233).
585 1905 785 1938 Panvinius
811 1904 980 1938 Panormi
1006 1916 1051 1939 m.
1072 1904 1187 1949 Aprili
1215 1904 1305 1938 1568
1331 1906 1494 1938 mortuus
1521 1906 1586 1938 est.
1637 1904 1689 1938 De
1724 1903 1825 1938 libris
1855 1902 1927 1936 illis

163 1968 184 1990 a
211 1956 359 1992 Cholino
387 1958 531 1992 excusis
558 1969 592 1993 V.
620 1959 745 1992 Perini
769 1957 791 1992 l.
820 1969 850 1992 c.
879 1958 1066 1992 119-123
1095 1957 1299 1998 198—199;
1331 1957 1376 1991 cf.
1405 1957 1512 1991 etiam
1539 1968 1649 2002 supra
1674 1969 1706 2002 p.
1727 1957 1877 1992 69—74.

163 2095 318 2132 1560.
440 2095 501 2131 Ρ.
538 2095 995 2133 HIERONYMUS
1038 2095 1342 2132 NATALIS
1394 2096 1585 2132 Societatis
1627 2097 1709 2131 Iesu
1760 2095 1927 2130 visitator

354 2148 554 2184 CANISIO.
1303 2149 1462 2184 Lovanio
1491 2151 1545 2184 15.
1565 2149 1750 2184 Februarii
1778 2150 1878 2184 1568.

282 2220 337 2255 Ex
363 2219 504 2255 Natalis
531 2220 575 2254 ad
601 2220 771 2264 Borgiam
798 2219 964 2265 epistula,
1000 2231 1020 2254 a
1046 2219 1086 2254 P.
1113 2220 1248 2254 Didaco
1275 2220 1435 2255 Jimenez
1462 2220 1496 2255 S.
1523 2221 1555 2255 J.
1591 2221 1736 2266 scripta,
1772 2220 1815 2254 ab
1850 2221 1927 2266 ipso

163 2273 292 2308 Natale
318 2274 533 2318 subscripta.
582 2272 684 2316 „EN“
715 2285 749 2308 n.
778 2274 856 2308 197.
906 2273 1049 2307 Natalis
1084 2273 1241 2318 epistula
1277 2285 1321 2308 ex
1357 2274 1479 2308 eodem
1513 2274 1708 2319 archetypo
1734 2273 1832 2318 typis
1868 2285 1929 2307 ex-

163 2327 298 2372 scripta
325 2328 381 2360 est
406 2327 442 2360 in
469 2326 557 2372 Epp.
585 2327 708 2360 Nadal
734 2327 784 2360 III
811 2327 1009 2361 564—567.

284 2398 394 2430 Mittit
419 2397 557 2430 litteras
578 2398 776 2440 praepositi
799 2399 976 2440 generalis
1001 2397 1043 2430 de
1062 2398 1347 2439 professionibus
1373 2402 1431 2431 etc.

282 2463 426 2496 Natalis
453 2462 488 2495 S.
509 2462 706 2495 Francisco
732 2463 888 2506 Boryiae
917 2463 1124 2505 praeposito
1156 2463 1316 2505 qenerali
1350 2463 1512 2496 Lovccnio
1539 2464 1595 2495 15.
1615 2462 1810 2495 Februarii
1836 2464 1929 2495 1568

163 2517 327 2559 scripsit:
363 2516 503 2559 „Hoyyi
536 2515 580 2547 hb
606 2516 777 2549 ricenutte
812 2517 842 2548 Ze
878 2516 993 2549 lettere
1028 2515 1115 2548 nelle
1140 2516 1241 2559 quali
1275 2517 1310 2548 Za
1336 2516 1376 2549 P.
1403 2517 1440 2549 V.
1476 2516 1581 2548 accisa
1612 2516 1678 2548 alli
1704 2516 1930 2548 Proetz'nciali

165 2570 203 2601 di
229 2569 336 2612 quelli
371 2569 429 2601 che
459 2569 657 2611 puotriano
684 2579 775 2602 esser
796 2569 962 2611 professi,
998 2572 1027 2601 et
1062 2569 1177 2602 subito
1203 2569 1246 2601 71«)
1271 2569 1366 2611 faita
1391 2570 1469 2602 Zoro
1494 2569 1659 2611 risposta,
1685 2569 1928 2602 rimandami'o

165 2622 212 2654 acl
239 2624 401 2664 oyn’mzo
428 2622 457 2654 Ze
483 2632 564 2654 sne:
589 2624 672 2664 oyni
698 2632 779 2655 cosa
805 2624 856 2654 mi
877 2633 950 2665 par
976 2620 1090 2655 bene.“

285 2690 437 2733 Borgiae
471 2691 661 2735 epistulae,
698 2702 788 2735 quas
822 2691 965 2726 Natalis
1001 2691 1098 2732 dicit,
1134 2691 1178 2725 ad
1214 2691 1439 2736 praepositos
1474 2690 1714 2736 provinciales
1750 2691 1928 2733 Austriae,

167 2743 379 2778 Germaniae
404 2744 600 2788 superioris
627 2747 663 2778 et
688 2744 878 2787 inferioris,
905 2744 1020 2778 Rheni
1048 2745 1152 2778 datae
1180 2747 1283 2779 erant
1312 2744 1361 2788 (v.
1388 2755 1498 2788 supra
1523 2756 1556 2789 p.
1579 2744 1674 2787 145).
1733 2744 1832 2786 Eam,
1859 2755 1929 2788 qua

168 2795 311 2830 Canisio
338 2796 518 2830 destinata
545 2799 631 2838 erat,
659 2809 694 2832 v.
722 2809 830 2842 supra
856 2809 889 2842 p.
913 2797 1111 2832 144—145.

288 2876 314 2907 a)
336 2876 546 2902 Euenenturae
567 2886 614 2908 ap.

290 3005 299 3025 ¹
327 3004 639 3039 Confirmationem
675 3006 894 3049 pontificiam
931 3006 1018 3040 dicit
1052 3006 1272 3040 fundationis
1307 3005 1449 3049 collegii
1482 3005 1667 3049 dilingam,
1703 3016 1723 3038 a
1756 3004 1927 3039 cardinali

169 3057 369 3092 Truchsess
395 3057 533 3097 factae;
562 3069 595 3091 V.
619 3058 704 3091 Can.
724 3058 756 3091 V
775 3059 962 3093 620—623
990 3059 1187 3093 625—627.
