2044 3335
213 152 315 187 1479.
335 151 529 195 Menginus
548 150 634 184 Can.
673 149 774 185 1480.
794 150 966 184 Hoffaeus
985 149 1070 183 Can.
1110 149 1211 184 1481.
1232 149 1318 183 Can.
1337 149 1502 192 Borgiae.
1546 150 1639 192 Aug.
1663 149 1764 184 1567.
1866 152 1917 192 13

139 273 289 312 1479.
361 273 423 309 Ρ.
443 271 829 310 DOMINICUS
858 271 1212 309 MENGINUS
1237 271 1291 308 S.
1308 271 1362 307 J.
1382 275 1501 307 rector
1521 273 1664 317 collegii
1692 274 1918 308 monacensis

329 326 532 363 CANISIO.
965 326 1156 361 Monachio
1183 326 1250 360 sub
1277 326 1433 360 medium
1462 337 1508 361 m.
1528 327 1736 370 Augustum
1766 326 1868 361 1567.

258 404 314 438 Ex
339 404 495 449 epistula
522 403 566 437 ad
594 403 773 447 Borgiam,
802 403 845 437 de
872 414 943 447 qua
969 403 1064 437 infra
1089 414 1123 436 n.
1145 402 1247 437 1484.

259 487 482 520 Facultatem
504 488 594 530 petit
620 497 696 519 cum
718 487 829 519 Anna
856 487 956 519 ducis
980 497 1096 520 uxore
1121 487 1159 519 in
1179 486 1459 529 Lotlzarinyiam
1486 486 1604 518 eundi.

262 558 431 591 Canisius
460 558 652 600 Oeniponte
680 559 734 591 18.
755 559 912 599 Aicyusti
931 559 1023 590 1567
1048 556 1200 590 Romam
1227 557 1275 589 ad
1302 557 1338 590 S.
1359 557 1595 589 Franciscmn
1614 556 1786 598 Borye'am
1810 567 1915 598 prae-

137 613 293 656 positam
315 612 515 655 yeneralem
541 611 627 644 haec
652 612 788 644 rettulit
815 611 856 644 de
880 611 951 644 PP.
972 611 1160 644 Dominico
1180 610 1348 652 Menqino
1377 610 1514 653 colleyz'i
1539 610 1759 642 monacensis
1783 614 1917 642 rectore

137 670 167 699 et
193 665 308 698 Paulo
336 665 487 708 Hoffaeo
519 665 672 697 eiusdem
706 664 842 707 colleyii
868 665 1133 697 contionatore:
1169 663 1267 707 „Eyo
1304 674 1386 696 cras
1412 664 1479 695 iter
1506 663 1695 705 ingyrediar
1722 690 1728 696 .
1751 690 1756 696 .
1779 690 1785 696 .
1814 664 1914 696 M'on-

138 720 290 752 achium.
329 719 425 752 Jnde
449 718 610 751 scribunt
636 719 684 750 ad
708 729 771 759 me,
802 718 980 751 Rectorem
1000 718 1037 750 P.
1058 718 1288 750 Dominio-am
1316 717 1420 749 ualde
1446 717 1573 759 royarzt
1599 716 1642 748 ab
1667 727 1782 749 uxore
1808 716 1913 749 Prin-

138 773 228 816 cipis
244 773 284 805 in
302 772 576 815 Lothorinyiam
595 772 715 804 statim
730 772 952 814 profectura,
980 775 1018 803 ut
1035 771 1109 814 ipse
1126 771 1269 803 itineris
1288 781 1399 803 comes
1417 770 1521 803 adsit.
1556 770 1646 802 Petit
1664 775 1693 802 et
1713 771 1757 803 l).
1777 770 1915 803 Paulus

138 837 213 859 una
240 837 318 859 cum
343 826 503 869 Rectore,
538 829 577 857 at
611 825 706 857 lianc
729 825 981 868 proficiscendi
1002 828 1208 867 potestatem
1244 834 1315 856 non
1341 824 1524 866 deneyem:
1559 824 1762 857 rediturum
1796 825 1911 866 ipsam

138 891 207 913 esse
231 880 350 913 statim
377 890 454 912 cum
482 880 638 912 Ducissa
664 879 918 912 Monachimn:
953 880 1096 921 eiusque
1120 879 1175 910 rei
1200 878 1331 910 mzdtas
1366 877 1538 919 adferant
1564 878 1733 910 rationes.
1783 877 1912 909 Videbo

137 933 212 976 ipse
229 944 361 975 coram,
388 933 475 976 quid
492 933 574 975 fieri
591 933 784 965 consumiet.
818 933 946 965 Rector
963 932 1085 964 mzdtis
1101 932 1176 964 iam
1193 931 1370 963 mensibus
1396 931 1434 962 in
1452 932 1616 973 patriam
1637 930 1909 972 Lotleorinyiam

137 987 315 1020 discedere
339 987 461 1019 multis
485 987 600 1019 modis
626 987 775 1029 optauit,
811 997 907 1019 nano
932 996 1019 1018 uero
1045 985 1249 1018 discedendi
1275 985 1491 1017 occasionem
1518 986 1692 1027 egyreqiam
1717 984 1785 1017 sibi
1808 988 1911 1026 putat

136 1041 302 1084 oblatam,
329 1051 473 1083 eamque
498 1040 642 1072 minime
667 1040 912 1083 neyliyendam
937 1037 1040 1072 esse.“

257 1121 306 1155 Ut
332 1132 376 1154 ex
404 1120 538 1155 Canisii
565 1119 698 1154 litteris
721 1119 889 1163 Augusta
916 1119 972 1153 27.
992 1119 1149 1162 Augusti
1172 1119 1260 1153 1567
1290 1119 1333 1152 ad
1362 1118 1530 1162 Bor-giam
1558 1117 1652 1151 datis
1679 1116 1911 1160 intellegitur,

137 1174 241 1209 Anna
267 1174 407 1208 Alberti
425 1173 469 1208 V.
496 1173 675 1207 Bavariae
711 1173 813 1208 ducis
847 1185 939 1206 uxor
975 1172 1181 1217 profectura
1221 1177 1299 1206 erat
1334 1172 1369 1206 in
1398 1171 1668 1215 Lotharingiam
1699 1170 1912 1215 (Nanceium

139 1227 326 1273 [Nancy]‘?
365 1228 442 1262 Hoc
468 1231 566 1262 certe
590 1226 847 1270 Lotharingiae
875 1229 983 1271 caput
1010 1227 1101 1269 erat)
1132 1238 1211 1260 cum
1233 1217 1520 1269 Guilielmo'(V.)
1549 1225 1622 1258 filio
1648 1224 1825 1265 maximo;
1854 1225 1915 1268 qui

136 1282 205 1316 sibi
233 1281 473 1327 desponderat
498 1281 675 1315 Renatam
704 1280 821 1315 Caroli
840 1280 903 1314 III.
924 1279 1180 1323 Lotharingiae
1208 1279 1310 1313 ducis
1336 1291 1506 1320 sororem,
1534 1291 1578 1313 ex
1605 1278 1797 1312 Francisco
1825 1278 1914 1312 duce

138 1337 174 1369 et
200 1335 405 1370 Christiana
432 1334 570 1369 Daniae
597 1334 694 1378 regis
720 1334 794 1368 filia
822 1337 1047 1379 prognatam.

139 1457 297 1495 1480.
412 1458 475 1494 P.
511 1457 781 1495 PAULUS
822 1455 1192 1493 HOFFAEUS
1233 1456 1287 1493 S.
1321 1456 1375 1492 J.
1422 1457 1647 1491 contionator
1690 1456 1916 1490 monacensis

329 1511 530 1547 CANISIO.
1040 1510 1230 1545 Monachio
1257 1511 1324 1545 sub
1351 1510 1442 1544 med.
1463 1522 1508 1545 m.
1530 1512 1733 1553 Augustum
1764 1510 1866 1544 1567.

259 1579 342 1612 Vide
368 1578 554 1622 epistulam
580 1580 812 1621 superiorem.

137 1699 284 1737 1481.
385 1701 603 1737 CANISIUS
631 1699 899 1737 SANGTO
928 1699 1320 1736 FRANGISGO
1350 1699 1669 1736 BORGIAE
1711 1699 1914 1744 praeposito

328 1756 490 1799 generali
517 1755 710 1790 Societatis
737 1755 830 1789 Iesu.
1273 1754 1474 1800 Oeniponte
1503 1755 1556 1789 16.
1576 1754 1735 1797 Augusti
1765 1754 1865 1788 1567.

255 1837 312 1872 Ex
337 1838 562 1883 autographo
589 1838 669 1881 (20;
698 1839 718 1872 3
737 1850 816 1883 pp.;
846 1839 879 1871 in
900 1850 933 1882 p.
952 1838 974 1872 4
1001 1838 1108 1872 inser.
1137 1841 1173 1871 et
1199 1838 1399 1882 particulae
1426 1837 1521 1881 sig),
1551 1837 1671 1872 Germ.
1693 1837 1770 1877 183,
1790 1848 1824 1870 n.
1844 1836 1912 1871 205

139 1891 180 1934 (f.
208 1891 276 1925 329
304 1892 412 1936 330);
447 1892 651 1926 litterarum
679 1891 866 1936 inscriptio
897 1903 966 1925 non
994 1894 1050 1925 est
1076 1891 1189 1936 ipsius
1218 1891 1352 1925 Canisii
1379 1903 1487 1925 manu
1514 1891 1643 1936 posita.
1694 1891 1913 1924 Litterarum

137 1945 315 1990 particula
342 1958 386 1979 ex
414 1945 640 1990 autographo
666 1945 887 1990 transcripta
914 1948 970 1979 est
996 1945 1031 1978 in
1059 1945 1148 1990 Epp.
1169 1946 1292 1979 Nadal
1318 1945 1485 1979 1117641.
1526 1945 1655 1979 lisdem
1683 1956 1770 1978 usus
1797 1946 1853 1978 est
1879 1945 1915 1977 et

138 2010 260 2032 earum
286 1999 503 2044 particulam
531 2000 736 2043 germanice
763 2000 875 2033 vertit
901 2000 1028 2043 Isi-oss,
1057 1998 1142 2032 Can.
1173 2000 1251 2033 179.
1302 1998 1429 2032 Posuit
1465 1999 1573 2032 etiam
1607 1998 1822 2043 particulam
1852 1997 1913 2039 (ex

138 2052 266 2097 Kross)
294 2054 337 2087 B.
364 2054 473 2087 Duhr
499 2053 534 2087 S.
562 2053 607 2093 J„
645 2053 710 2087 Die
737 2053 902 2087 Jesuiten
939 2064 984 2086 an
1012 2052 1079 2086 den
1107 2052 1306 2086 deutschen
1333 2052 1597 2086 Pin-stenhofen
1634 2052 1696 2085 des
1726 2052 1780 2086 16.
1808 2050 1912 2085 Jahr-

136 2105 320 2149 hunderts,
346 2107 523 2150 Freiburg
549 2108 570 2142 i.
590 2107 649 2142 ΒΥ.
671 2107 770 2148 1901,
800 2107 854 2146 74,
883 2109 919 2140 et
945 2107 1018 2141 Jes.
1046 2106 1060 2140 Ι
1089 2105 1167 2141 688.

261 2190 415 2233 Colleyia
450 2191 691 2234 herbipolen-se
725 2195 755 2223 et
790 2191 1030 2234 dilingyamtm.
1083 2191 1277 2224 Ari-laidus
1315 2190 1427 2223 malta
1459 2190 1631 2232 proponit
1669 2189 1910 2222 deliberanda.

139 2244 225 2277 Vota
252 2248 422 2277 renovata
447 2249 542 2278 sunt.
597 2244 789 2287 Colleyium
815 2245 996 2278 turbatur.
1048 2244 1177 2277 Rector
1203 2245 1372 2277 levandus
1398 2248 1446 2276 est
1472 2243 1614 2285 officio‚·
1645 2254 1705 2275 nee
1731 2248 1843 2275 tamen
1872 2244 1910 2275 in

137 2299 213 2330 eius
250 2298 365 2331 locum
398 2298 664 2331 substituendus
697 2303 814 2331 rector
851 2298 1151 2341 ingolstadiensis.
1204 2299 1423 2331 Animarmn
1457 2298 1610 2339 fructus.
1663 2297 1913 2330 Sacerdotibus

137 2352 224 2385 alda
249 2353 462 2395 reyinarztm
488 2356 594 2386 nocet.
634 2352 859 2394 Confessarii
884 2363 927 2385 eoe
952 2352 1085 2385 italicis
1111 2352 1208 2385 aidis
1234 2351 1416 2384 avocandi.
1454 2351 1493 2383 P.
1522 2351 1710 2393 Merqm'tii
1736 2352 1912 2383 contiones

139 2410 168 2438 et
194 2407 388 2448 inyem'um.
441 2406 619 2438 Minister.
666 2406 883 2439 Scholarum
909 2405 1149 2448 difficultates.
1197 2406 1354 2449 Reyinae
1379 2406 1556 2447 virgjimem
1586 2405 1728 2447 eollegyio
1762 2405 1914 2437 nimiam

130 2463 268 2502 petant.

402 2525 429 2577 †
463 2526 557 2567 Pax
589 2524 747 2567 Christi
784 2525 1014 2566 admodum
1049 2525 1305 2567 Reuerende
1338 2524 1484 2566 Pater.

260 2603 313 2644 26
347 2601 451 2655 Julij
486 2616 511 2643 a
534 2601 579 2644 P.
604 2601 652 2644 T.
688 2602 815 2644 datas
848 2601 998 2655 accepi
1013 2603 1039 2644 1.
1085 2601 1304 2655 Alligatas
1338 2604 1484 2643 autem
1517 2600 1771 2642 Prouintiali
1799 2600 1914 2641 Rhe-

140 2666 262 2708 nensi
304 2670 348 2709 et
389 2667 434 2708 P.
480 2667 709 2709 Visitatori
752 2666 997 2708 reddendas
1042 2667 1216 2710 curabo.
1282 2666 1472 2708 Habebit
1513 2680 1616 2708 suas
1656 2666 1787 2708 etiam
1832 2665 1915 2706 Re-

139 2732 478 2774 uerendissimus
509 2732 838 2786 Herbipolensis
851 2733 880 2782 ²,
921 2735 966 2774 et
1003 2733 1173 2786 gaudeo
1206 2732 1332 2774 huius
1366 2731 1597 2784 collegium
1629 2731 1807 2774 tandem
1840 2731 1916 2773 ad-

140 2797 317 2839 missum
362 2799 407 2840 et
451 2798 779 2852 comprobatum
825 2811 935 2841 esse.
999 2797 1209 2840 Dabimus
1252 2798 1314 2839 illi
1359 2798 1590 2840 Rectorem
1639 2797 1870 2851 Georgium
1887 2797 1915 2846 3,

136 2863 215 2905 sed
248 2877 406 2916 magno
440 2877 536 2905 cum
569 2863 840 2905 incommodo
869 2863 1049 2917 Collegij
1072 2863 1368 2916 Dillingensis‚
1404 2863 1524 2906 cuius
1547 2863 1738 2905 Rector4
1765 2862 1917 2904 debilis

265 3000 271 3017 ¹
301 2997 391 3033 Vide
422 2999 508 3032 Can.
536 2997 569 3031 V
596 2998 676 3033 526.

260 3051 274 3071 ²
299 3051 390 3085 Vide
417 3063 510 3095 quae
537 3063 582 3085 ex
599 3051 657 3086 his
677 3052 829 3095 Borgiae
849 3051 1015 3096 epistulis
1042 3051 1085 3085 ad
1105 3051 1145 3085 P.
1166 3051 1361 3085 Antonium
1375 3051 1505 3092 Vinck,
1533 3052 1576 3086 ad
1597 3051 1635 3086 P.
1656 3052 1914 3096 Hieronymum

139 3104 319 3147 Natalem,
346 3104 392 3138 ad
410 3104 631 3139 Fridericum
652 3105 876 3148 aWirsberg
903 3105 1110 3150 episcopum
1129 3105 1224 3139 datis
1243 3105 1360 3150 posita
1379 3108 1463 3139 sunt
1481 3106 1567 3140 Can.
1580 3105 1612 3139 V
1627 3105 1696 3139 526
1716 3105 1915 3139 712—714.

261 3159 274 3179 ³
301 3158 435 3198 Eadem
464 3158 507 3192 de
534 3170 603 3202 quo
630 3171 664 3193 v.
688 3159 775 3193 Can.
795 3158 826 3192 V
854 3159 934 3193 359.
1081 3160 1094 3179 ⁴
1121 3158 1365 3193 Theudoricus
1392 3159 1569 3194 Canisius.
