2044 3335
185 85 270 126 594
823 83 917 118 Mon.
944 84 1012 118 966
1039 83 1115 118 sive
1141 83 1179 118 it.
1202 83 1295 128 (19).

302 198 370 240 Ad
392 199 494 240 XIII
516 199 748 241 Decretum
781 199 834 241 de
865 199 1105 242 rationibus
1135 200 1178 242 in
1201 203 1431 255 utramque
1463 204 1631 256 partem
1659 202 1805 245 allatis
1827 202 1943 245 circa

185 264 440 306 Generalem
485 264 867 317 congregationem
912 265 1171 317 cogendam,
1217 267 1438 318 negotium
1483 267 1564 308 hoc
1606 267 1940 322 Congregationj

186 329 517 370 procuratorum
549 330 858 371 reseruandum
891 329 1141 379 uidebatur3
1176 330 1242 372 Ab
1274 331 1349 373 illa
1382 331 1513 374 etiam
1545 346 1702 385 magno
1729 346 1942 374 consensu

183 392 464 435 constitutum
498 396 576 444 est,
611 394 850 446 cogendam
883 408 967 436 non
1000 395 1140 438 esse1.

301 457 664 501 Commendetur2
695 459 741 502 P.
776 459 1035 513 Prouincialj
1070 459 1205 513 Rhenj
1223 461 1251 510 3,
1295 462 1343 502 ut
1374 460 1493 503 iuuet
1525 461 1799 515 Superiorem
1834 461 1942 503 Ger-

181 521 382 573 maniam,
416 523 584 576 aliquos
616 525 837 578 operarios
868 525 1084 567 interdum
1117 524 1341 567 mittendo.
1404 525 1673 580 Responsum
1708 527 1796 568 est:
1830 526 1942 569 Fiat.

299 587 364 628 De
397 587 643 630 dimissione
672 604 750 631 sua
773 591 826 631 ab
859 589 1000 631 officio
1023 589 1308 631 Prouincialis
1331 590 1423 643 agit
1454 591 1639 644 ipsemet
1663 591 1707 634 P.
1732 590 1941 634 Oanisius.

181 651 451 706 Responsum
484 657 596 696 est¹²1
630 655 937 697 consulendum
970 668 1066 696 esse
1098 654 1148 696 R.
1182 655 1229 699 Ρ.
1264 655 1536 698 Generalem.

1553 714 1822 757 Franciscus.

299 780 355 815 Ex
390 781 446 816 his
480 783 661 828 responsis
695 783 852 818 maxime
886 783 1081 817 notandum
1116 785 1172 817 est
1205 795 1354 825 nonum;
1392 796 1438 818 ex
1473 795 1542 828 quo
1577 784 1815 827 cognoscitur,
1848 783 1942 828 apud

181 833 370 869 Societatis
395 835 556 870 homines
581 836 652 870 iam
686 849 756 871 non
791 838 841 871 ita
876 838 972 871 certo
1008 836 1213 871 constitisse
1248 837 1292 878 id,
1329 838 1422 881 quod
1449 837 1595 871 Lainius
1630 837 1856 882 praepositus
1882 848 1942 879 ge-

179 887 313 922 neralis
338 899 369 922 a.
400 889 491 923 1564
525 890 713 925 docuerat:
748 890 911 924 Decretis
946 890 1086 924 concilii
1120 890 1314 932 tridentini,
1351 891 1410 925 ubi
1445 903 1513 925 non
1549 893 1671 925 essent
1705 890 1941 935 promulgata,

180 939 340 975 homines
374 953 443 975 non
478 943 592 976 teneri
629 943 736 987 (Can.
763 944 813 978 IV
838 944 1055 986 474—476).
1106 943 1310 978 Difficultas
1344 948 1464 978 autem
1500 944 1693 989 praecipua
1728 944 1763 977 in
1790 943 1943 977 decretis

180 993 403 1038 disciplinam
421 996 667 1040 spectantibus
686 999 781 1037 erat;
809 997 910 1030 velut
927 1008 1006 1030 cum
1026 997 1213 1031 concilium
1233 997 1424 1038 interdicit,
1451 1009 1495 1031 ne
1514 997 1698 1041 regulares
1716 996 1751 1030 in
1770 996 1943 1038 ecclesiis,

180 1057 270 1089 quae
306 1059 425 1081 eorum
461 1049 596 1084 ordinis
630 1062 699 1084 non
734 1049 815 1092 sint,
852 1050 928 1084 sine
963 1049 1110 1084 licentia
1146 1050 1302 1095 episcopi
1337 1062 1428 1084 neve
1460 1051 1495 1084 in
1532 1051 1587 1084 sui
1613 1050 1746 1084 ordinis
1781 1049 1942 1084 ecclesiis

179 1101 444 1135 contradicente
470 1102 636 1148 episcopo
663 1103 721 1137 vel
746 1116 814 1137 non
841 1104 954 1148 petita
981 1103 1057 1137 eius
1084 1104 1329 1138 benedictione
1366 1104 1634 1144 contionentur;
1671 1106 1707 1137 et
1733 1114 1811 1137 cum
1848 1103 1942 1136 idem

179 1153 366 1187 concilium
394 1156 594 1191 constituit:
630 1156 777 1190 Nullum
804 1157 1026 1191 sacerdotem
1060 1157 1262 1200 regularem
1296 1169 1401 1202 posse
1437 1158 1677 1191 confessiones
1703 1155 1942 1190 saecularium

179 1206 301 1240 audire
335 1219 420 1249 „nec
454 1209 498 1242 ad
534 1209 568 1243 id
604 1209 767 1244 idoneum
798 1211 992 1254 reputari“,
1027 1209 1095 1243 nisi
1131 1210 1174 1244 ab
1210 1210 1375 1255 episcopo
1410 1211 1578 1253 „idoneus
1615 1210 1791 1243 iudicetur
1816 1212 1852 1243 et
1881 1221 1941 1253 ap-

178 1259 421 1303 probationem
457 1261 624 1303 obtineat‚
660 1263 860 1307 privilegiis
894 1275 964 1297 non
999 1263 1241 1298 obstantibus“
1276 1264 1379 1307 (sess.
1408 1264 1440 1304 5,
1477 1264 1518 1297 de
1544 1263 1608 1297 ref.
1638 1275 1666 1296 c.
1694 1263 1734 1304 2;
1767 1274 1856 1296 sess,
1885 1262 1940 1303 23,

179 1312 221 1345 de
256 1313 320 1348 ref.
348 1326 377 1348 c.
408 1316 468 1355 15;
500 1327 588 1350 sess.
617 1316 680 1357 24,
717 1317 759 1350 de
794 1317 859 1350 ref.
887 1328 915 1350 c.
942 1317 994 1359 4).
1054 1316 1166 1350 Sociis
1202 1329 1287 1350 vero
1325 1317 1458 1351 Paulus
1486 1317 1547 1350 Ill.
1583 1319 1620 1350 et
1656 1315 1766 1350 Iulius
1796 1315 1866 1356 111„
1901 1316 1942 1348 ut

177 1366 320 1410 saepius
339 1367 422 1407 dixi,
450 1380 479 1402 a.
503 1369 590 1403 1545
610 1372 646 1403 et
666 1370 756 1404 1552
774 1370 1002 1414 privilegium
1030 1370 1107 1404 sive
1133 1369 1344 1404 facultatem
1363 1370 1536 1404 dederant
1558 1370 1688 1413 ubique
1714 1368 1941 1403 contionandi

178 1421 215 1452 et
232 1431 536 1466 quorumcumque
554 1423 797 1457 confessiones
816 1422 1026 1468 excipiendi,
1045 1423 1290 1468 episcoporum
1305 1424 1364 1458 vel
1379 1423 1589 1467 quorumvis
1607 1423 1757 1456 aliorum
1777 1421 1941 1464 „licentia

178 1473 330 1517 desuper
363 1475 507 1509 minime
542 1476 732 1520 requisita“
773 1476 914 1519 (Caml
945 1477 1128 1511 195-196
1159 1476 1263 1517 308¹;
1299 1476 1348 1510 IV
1378 1476 1450 1520 16).
1495 1479 1612 1520 Atque
1649 1476 1734 1509 Pius
1761 1475 1832 1516 IV,
1860 1486 1940 1508 cum

180 1526 233 1560 17.
261 1526 444 1562 Februarii
482 1529 570 1563 1565
604 1530 721 1563 omnia
755 1529 947 1574 privilegia
983 1529 1132 1563 concilio
1168 1531 1361 1564 tridentino
1398 1530 1577 1564 contraria
1616 1541 1677 1574 pro
1712 1528 1823 1562 nihilo
1861 1528 1942 1562 duci

176 1579 343 1615 iussisset
382 1582 441 1624 (cf.
471 1583 557 1617 Can.
586 1583 635 1617 IV
661 1584 878 1626 475—476)‚
914 1586 1038 1627 postea
1075 1586 1197 1617 tamen
1232 1584 1418 1628 complura
1456 1584 1532 1617 eius
1571 1582 1712 1626 generis
1751 1581 1941 1626 privilegia

178 1633 347 1668 Societati
382 1635 438 1669 vel
477 1640 641 1670 constare
676 1637 782 1670 iussit
816 1637 874 1670 vel
910 1637 1024 1670 denuo
1060 1637 1174 1677 dedit;
1215 1637 1307 1671 idem
1344 1637 1430 1670 fecit
1463 1636 1497 1670 S.
1526 1636 1611 1670 Pius
1638 1635 1700 1676 V.;
1737 1635 1796 1679 qui
1832 1634 1941 1668 etiam

176 1685 362 1721 Fratribus
380 1689 577 1723 Minoribus
608 1689 733 1731 „vivae
752 1692 851 1724 vocis
877 1690 1038 1724 oraculo“
1061 1690 1249 1729 concessit,
1280 1692 1319 1723 ut
1341 1690 1398 1733 „in
1424 1690 1500 1724 foro
1527 1688 1785 1723 conscientiae“
1808 1687 1941 1721 ordinis

177 1740 231 1773 sui
258 1741 468 1785 privilegiis,
495 1755 586 1786 quae
612 1755 691 1777 cum
719 1744 858 1777 concilii
884 1743 1068 1777 tridentini
1104 1744 1257 1777 decretis
1292 1745 1504 1788 pugnarent,
1540 1744 1726 1776 uterentur
1754 1741 1804 1785 (v.
1831 1751 1941 1784 supra

177 1804 210 1836 p.
229 1794 319 1837 472).
356 1795 546 1830 Praeterea
573 1797 659 1830 Pius
676 1797 719 1831 V.
742 1798 794 1831 16.
814 1797 899 1831 Maii
920 1797 1009 1832 1567
1037 1797 1072 1830 in
1099 1797 1261 1831 ordinum
1284 1797 1603 1840 „inendicantiuni“
1626 1796 1779 1839 gratiam
1799 1793 1938 1828 Bullam

177 1845 283 1888 dedit,
311 1860 381 1892 qua
406 1849 520 1883 multa
546 1849 589 1884 iis
615 1850 806 1894 privilegia
832 1850 889 1884 vel
918 1850 1150 1884 confirmabat
1176 1851 1234 1884 vel
1254 1851 1368 1884 denuo
1395 1850 1593 1889 tribuebat;
1623 1852 1662 1882 ut
1689 1859 1769 1882 cum
1796 1848 1939 1881 decreta

176 1898 239 1932 illa
264 1901 470 1943 tridentina,
505 1914 596 1946 quae
623 1903 725 1936 modo
751 1903 835 1943 dixi,
875 1903 937 1945 „de
973 1903 1191 1947 apostolicae
1228 1904 1418 1947 potestatis
1454 1902 1692 1947 plenitudine“
1724 1902 1775 1934 ita
1804 1900 1939 1942 „decla-

176 1952 312 1994 rabat“,
341 1957 379 1988 ut
405 1954 528 1989 liceret
553 1956 641 2000 ipsis
667 1956 702 1990 in
729 1957 803 1991 suis
822 1957 983 1991 ecclesiis
1007 1956 1147 1990 omnino
1172 1956 1283 1990 libere
1301 1956 1509 1996 contionari,
1536 1955 1642 1999 idque
1666 1955 1774 1988 etiam
1801 1956 1938 1987 contra-

177 2005 317 2040 dicente
343 2008 508 2052 episcopo
536 2009 619 2052 (nisi
646 2010 722 2054 ipse
749 2011 938 2054 episcopus
956 2010 1251 2053 contionaretur),
1278 2012 1313 2043 et
1340 2012 1380 2043 ut
1406 2010 1485 2051 lege
1511 2008 1777 2053 approbationis
1804 2007 1938 2051 episco-

176 2058 268 2102 palis
282 2060 325 2094 ad
341 2062 583 2096 confessiones
597 2063 834 2097 saecularium
853 2064 1082 2108 excipiendas
1101 2063 1274 2108 petendae
1293 2063 1360 2107 ipsi
1379 2063 1523 2096 minime
1542 2061 1937 2106 comprehenderentur,

177 2112 365 2148 dummodo
392 2126 412 2148 a
438 2115 513 2149 suis
539 2117 822 2150 moderatoribus
848 2117 1074 2159 generalibus
1094 2117 1150 2150 vel
1177 2115 1457 2161 provincialibus
1483 2116 1526 2149 ad
1554 2114 1829 2149 contionandum
1861 2113 1937 2155 „de-

176 2166 313 2210 putati'‘
349 2170 383 2201 et
416 2169 458 2202 ad
495 2169 737 2203 confessiones
763 2169 957 2203 audiendas
987 2170 1212 2214 „approbatff
1244 2172 1365 2203 essent
1396 2170 1617 2212 (Baliarium
1644 2167 1841 2201 Romanum
1870 2166 1938 2199 VII

178 2220 382 2261 576-577;
410 2222 453 2255 cf.
480 2223 587 2256 etiam
613 2224 864 2267 Laderchium,
891 2223 1048 2257 Annales
1067 2222 1313 2263 ecclesiastici,
1340 2223 1375 2256 in
1402 2234 1432 2256 a.
1456 2223 1543 2256 1567
1570 2233 1604 2256 n.
1625 2222 1696 2264 32).
1741 2220 1937 2263 Privilegia

176 2274 295 2306 autem
322 2274 601 2309 Mendicantium
628 2288 707 2310 cum
736 2275 913 2310 Societate
938 2275 1007 2309 iam
1035 2278 1117 2309 ante
1144 2279 1333 2309 exeuntem
1363 2287 1407 2309 m.
1436 2275 1605 2308 Martium
1634 2286 1665 2309 a.
1696 2273 1784 2308 1567
1814 2273 1936 2316 (vivae

177 2327 275 2360 vocis
311 2328 473 2368 oraculo,
509 2330 608 2374 puto)
650 2332 751 2363 erant
789 2329 1074 2363 communicata4
1112 2329 1216 2373 (Epp.
1243 2330 1364 2363 Nadal
1391 2329 1439 2362 ΙΙΙ
1473 2328 1572 2371 412).
1623 2327 1778 2361 Antonio
1815 2329 1936 2360 autem

178 2379 295 2414 Vinck
332 2382 542 2425 provinciali
578 2382 735 2416 rhenano
762 2384 915 2426 Bormssas
940 2382 1052 2416 Roma
1087 2382 1142 2416 29.
1172 2383 1324 2425 Augusti
1355 2383 1443 2416 1570
1469 2382 1659 2426 *scripsitz
1701 2380 1859 2423 „Quanto
1894 2379 1931 2413 al

177 2433 305 2468 dubbio
332 2434 396 2468 che
415 2435 457 2469 V.
477 2436 692 2470 Reuerentia
711 2439 845 2470 mostra
862 2436 957 2469 nella
983 2435 1255 2480 participatione
1282 2435 1365 2469 delli
1386 2434 1569 2479 Priuilegij
1598 2433 1680 2467 delli
1708 2433 1934 2474 mendicanti,

177 2488 306 2531 perche
340 2488 537 2522 solamente
571 2489 672 2533 parla
706 2489 748 2523 de
783 2489 981 2529 concessis,
1017 2501 1036 2522 e
1061 2501 1130 2522 non
1157 2489 1199 2522 de
1234 2488 1469 2523 concedendis
1505 2499 1606 2522 cessa
1641 2486 1771 2531 perche
1796 2498 1865 2520 uno
1891 2487 1934 2520 de

295 2552 323 2583 a)
344 2554 379 2577 In
400 2554 425 2577 A
444 2557 606 2585 sequuntur
627 2561 685 2578 υυ..·
704 2552 930 2579 consulendum
949 2560 1027 2584 esse,
1046 2553 1136 2578 oblitt.

299 2649 308 2668 ¹
334 2648 425 2683 Vide
451 2661 558 2693 supra
586 2661 618 2693 p.
638 2649 838 2683 570—572.

296 2702 308 2721 ²
333 2701 457 2745 Neque
483 2702 549 2736 hoc
584 2714 698 2746 neque
733 2702 933 2746 proximum
968 2701 1151 2746 negotium
1187 2702 1222 2734 in
1257 2701 1347 2734 actis
1378 2699 1666 2743 congregationis
1701 2698 1934 2744 provincialis

178 2758 372 2788 memorata
397 2758 492 2790 sunt.

297 2808 309 2827 3
336 2808 373 2841 P.
401 2809 553 2842 Antonio
580 2808 716 2848 Vinck;
745 2809 788 2843 cf.
817 2808 920 2847 infra,
946 2819 1038 2842 mon.
1066 2819 1142 2841 var.
1172 2807 1237 2850 (9).

297 2862 308 2879 ‘¹
336 2860 523 2895 Caeterum
543 2863 579 2897 S.
599 2863 816 2895 Franci-gens
834 2863 987 2904 Boryias
1006 2861 1116 2894 Roma
1137 2861 1188 2894 14.
1205 2859 1387 2894 Februarii
1407 2860 1497 2893 1568
1522 2859 1561 2893 Ρ.
1577 2858 1765 2892 Francisco
1785 2857 1931 2891 Costero

179 2911 389 2946 Germaniae
416 2915 593 2948 inferioris
619 2915 829 2959 provinciali
855 2926 917 2959 per
936 2914 1129 2948 Polancum
1156 2914 1349 2958 ÷÷scripsit:
1380 2913 1559 2955 „Essendo
1586 2911 1766 2956 publicato
1792 2911 1814 2944 il
1844 2911 1931 2945 Con-

178 2964 257 2998 cilio
275 2965 491 3005 Tridentino,
519 2970 537 3000 e
562 2968 763 3002 necessario
788 2968 853 3001 che
878 2967 902 3001 li
922 2968 1032 3001 nostri
1058 2967 1212 3001 habbino
1231 2967 1287 3001 dai
1306 2966 1460 3000 Vescovi
1487 2966 1636 3000 licencia
1655 2965 1689 2999 di
1715 2964 1929 3004 confessam,

178 3028 236 3051 ma
261 3018 379 3061 quella
405 3022 577 3060 ottenuta,
604 3021 781 3064 possiamo
806 3032 910 3054 usare
936 3020 1047 3054 nostri
1074 3020 1263 3065 priuilegij,
1296 3023 1332 3053 et
1357 3019 1429 3054 cosi
1456 3018 1483 3053 s'
1496 3019 1638 3052 intende
1665 3017 1721 3052 del
1746 3017 1930 3062 predicare

177 3071 280 3104 fuora
306 3071 397 3104 delle
423 3075 542 3105 nostre
569 3073 713 3106 Chiese“
748 3074 808 3115 (ex
834 3085 953 3118 apogr.
982 3074 1092 3107 eiusd.
1119 3076 1244 3118 temp.;
1272 3073 1390 3107 Germ.
1410 3073 1453 3106 67
1481 3073 1504 3106 f.
1527 3071 1636 3114 1122).
