2044 3335
710 78 857 122 Dilinga
887 80 939 114 11.
958 78 1168 114 Decembris
1189 79 1291 113 1567.
1805 80 1889 121 139

233 196 540 240 Commendaui
571 197 724 239 literas
748 198 798 240 D.
824 198 1037 241 Zoanneti
1059 197 1222 240 nostris
1244 198 1271 240 J
1275 196 1527 251 ngolstadij,
1562 198 1610 239 ut
1641 196 1757 238 illius
1781 197 1894 239 desi-

116 263 232 306 derio
266 262 455 305 satisfiat
473 263 499 304 1.

232 329 283 371 D.
310 327 584 370 Conradum2
616 326 737 368 breui
761 327 950 370 fortasse
979 327 1158 369 missum
1190 326 1364 377 faciam,
1399 329 1448 368 ut
1480 340 1534 367 ne
1566 325 1682 368 illius
1713 330 1894 380 peccata

112 392 235 436 nobis
266 393 550 446 imputentur.

232 457 410 500 Vtinam
452 457 562 499 haec
600 456 833 499 Prouincia
866 457 1131 500 Germanum
1165 457 1448 499 Sacerdotem
1492 459 1536 499 et
1579 456 1893 499 confessarium

113 523 295 565 Romam
340 524 489 576 posset
533 521 723 565 mittere.
787 522 1156 564 Desiderabamus
1196 536 1288 572 nos,
1334 522 1379 563 in
1420 523 1501 563 hac
1543 522 1672 563 tanta
1712 522 1894 576 penuria

113 587 410 643 operariorum
452 587 617 629 remitti
660 587 783 629 nobis
817 587 1004 629 alterum
1037 587 1361 630 Confessarium
1394 601 1417 628 e
1450 587 1617 631 duobus
1651 586 1892 637 Germanis,

112 653 185 706 qui
225 655 328 695 sunt
368 651 618 695 Florentiae
663 654 795 705 atque
840 652 1071 695 Ferrariae
1085 654 1114 695 3.
1178 652 1397 706 Monachij
1442 667 1527 695 uno
1574 658 1707 707 atque
1753 652 1893 694 altero

112 721 294 772 egerent
335 716 626 760 confessario:
670 719 823 759 tantus
868 720 936 760 est
977 731 1109 772 soepe
1151 731 1386 759 concursus
1431 719 1760 772 poenitentium.
1824 717 1893 758 Ex

113 783 357 838 Oeniponto
398 782 528 825 facile
569 781 757 824 sinerem
798 782 842 824 in
875 783 1037 824 Vrbem
1080 783 1277 824 reuocari
1319 797 1451 824 unum
1485 787 1530 826 et
1562 785 1749 827 alterum
1782 782 1892 824 Con-

111 848 342 890 fessarium
375 847 642 901 Reginarum
658 848 687 898 4,
731 849 809 889 aut
841 848 888 890 P.
922 848 1200 890 Klesselium.
1266 848 1349 890 Sed
1391 850 1519 902 putat
1552 849 1744 891 Rector5
1784 861 1892 901 pau-

112 914 250 956 ciores
290 913 379 955 illic
420 912 673 955 sacerdotes
711 927 807 955 esse
848 927 934 954 non
975 927 1116 967 posse,
1162 913 1363 966 idemque
1394 914 1636 956 Klesselius
1670 914 1889 962 abhorret,

111 979 255 1021 nescio
289 993 373 1032 quo
405 978 546 1028 modo,
581 978 635 1019 ab
658 978 797 1020 Jtalia
822 973 1084 1032 repetenda:
1119 981 1164 1021 et
1186 978 1271 1021 erit
1291 978 1407 1020 illius
1430 993 1533 1021 usus
1556 979 1679 1022 nobis
1701 979 1891 1021 fortasse

109 1044 154 1086 in
186 1044 405 1087 Cathedra
436 1043 711 1085 necessarius
744 1045 923 1097 propter
955 1044 1003 1087 P.
1036 1043 1251 1086 Joannem
1285 1044 1503 1087 Saxonem
1519 1045 1548 1095 6,
1583 1045 1636 1087 de
1669 1058 1753 1097 quo
1786 1042 1891 1084 nihil

110 1109 234 1152 nobis
267 1109 477 1151 audemus
510 1108 619 1151 certi
650 1108 860 1162 polliceri,
895 1111 939 1150 et
974 1109 1128 1151 timere
1160 1109 1301 1163 magis
1334 1124 1462 1163 quam
1495 1125 1674 1165 sperare
1697 1108 1893 1163 cogimur

112 1175 165 1216 ob
207 1188 366 1228 graues
407 1176 593 1216 naturae
627 1174 744 1216 illius
776 1173 966 1228 impetus
999 1177 1043 1217 et
1075 1174 1277 1228 ingentes
1311 1175 1609 1226 difficultates
1653 1175 1705 1217 de
1739 1174 1893 1228 quibus

111 1242 217 1294 puto
250 1239 361 1282 alias
393 1239 603 1294 scriptum
637 1253 747 1282 esse.

231 1305 283 1348 D.
318 1305 478 1347 Torres
509 1304 687 1347 liberari
720 1305 850 1347 facile
881 1319 968 1347 non
1001 1308 1149 1359 potest
1181 1319 1231 1348 eo
1265 1320 1457 1357 munere,
1493 1306 1607 1360 quod
1628 1304 1894 1360 Jngolstadij

113 1385 210 1413 cum
243 1371 372 1413 laude
405 1370 496 1413 obit
528 1370 571 1411 in
603 1371 848 1424 profitendo
862 1371 890 1421 Τ,
927 1371 1008 1413 etsi
1050 1371 1220 1425 gratior
1251 1371 1340 1413 illic
1373 1371 1506 1415 fuerit
1539 1373 1590 1415 D.
1626 1372 1739 1422 Pisa,
1774 1370 1896 1412 cuius

114 1435 330 1478 desiderio
378 1436 505 1478 multi
553 1435 684 1478 etiam
733 1435 778 1477 in
825 1436 940 1478 Aula
987 1436 1204 1479 Bauarica
1256 1439 1478 1481 tenentur.
1555 1437 1736 1479 Molitur
1782 1436 1896 1477 idem

113 1502 165 1544 D.
189 1501 349 1543 Torres
382 1502 567 1544 alteram
601 1503 646 1544 et
678 1501 916 1555 pleniorem
951 1501 1183 1544 editionem
1215 1502 1509 1545 Confessionis
1533 1501 1894 1557 Augustinianae‚

113 1581 224 1620 quae
259 1567 489 1609 Germanis
521 1566 758 1609 lectoribus
791 1567 1024 1609 admodum
1056 1567 1319 1610 satisfacit&

232 1633 298 1674 De
340 1632 511 1675 casibus
553 1633 792 1675 reseruatis
834 1633 1062 1687 exemplar
1102 1634 1158 1675 ad
1191 1648 1270 1675 nos
1303 1636 1407 1676 ante
1439 1633 1557 1676 misit
1589 1634 1642 1676 D.
1676 1631 1851 1675 Natalis
1865 1634 1893 1674 ⁴³.

114 1699 178 1740 De
225 1698 528 1741 uacationibus
574 1698 933 1752 respondebitur,
988 1712 1117 1751 quam
1171 1699 1356 1753 primum
1409 1699 1502 1741 fieri
1556 1698 1740 1753 poterit,
1795 1697 1896 1750 quid

114 1763 229 1818 apud
269 1778 350 1806 nos
392 1764 650 1806 obseruetur
664 1764 711 1807 1⁰.
776 1763 1008 1806 Curabitur
1042 1763 1189 1815 etiam,
1233 1766 1284 1806 ut
1315 1765 1492 1816 fratres,
1536 1764 1608 1818 qui
1639 1763 1895 1813 moriuntur,

237 1903 245 1921 ³
273 1900 488 1935 Franciscus
514 1900 735 1934 Zoannettus
774 1900 833 1943 (de
870 1910 939 1944 quo
978 1901 1066 1934 Can.
1094 1900 1145 1934 III
1172 1901 1261 1941 557;
1297 1900 1349 1935 IV
1376 1900 1462 1944 208)
1497 1899 1628 1934 nobilis
1658 1898 1898 1939 bononiensis,

113 1966 195 1989 cum
222 1954 282 1989 diu
316 1955 351 1988 in
379 1954 621 1989 universitate
656 1953 933 1997 ingolstadiensi
969 1954 1026 1988 ius
1053 1954 1275 1996 tradidisset,
1312 1956 1485 1988 autumno
1521 1965 1552 1989 a.
1583 1953 1674 1988 1564
1700 1952 1897 1987 Bononiam

112 2008 289 2048 redierat3
325 2008 387 2042 ubi
421 2019 606 2042 sacrorum
643 2019 820 2042 canonum
856 2007 1041 2052 professor
1076 2007 1113 2041 in
1140 2007 1381 2042 universitate
1415 2007 1606 2042 institutus
1633 2008 1689 2041 est
1717 2006 1898 2050 (Μρᾱενεν

110 2062 133 2096 l.
161 2074 191 2096 c.
217 2063 233 2096 Ι
259 2061 359 2106 291).
516 2061 530 2082 ²
555 2061 801 2104 Swagerium;
829 2073 864 2095 v.
891 2073 1002 2106 supra
1028 2073 1063 2106 p.
1082 2061 1139 2095 83.

234 2118 245 2135 ³
271 2115 343 2150 ΡΡ.
373 2114 590 2150 Guilielmus
616 2114 773 2149 Elderen
800 2117 836 2149 et
861 2114 1079 2149 Laurentius
1105 2114 1367 2149 Hermanutius
1395 2115 1443 2149 ibi
1470 2115 1625 2149 Ioannae
1652 2115 1688 2147 et
1715 2113 1895 2147 Barbarae

110 2168 334 2203 ducissarum
362 2168 575 2203 confessarii
602 2171 724 2208 erant;
753 2180 788 2202 v.
815 2179 926 2213 supra
952 2181 986 2213 p.
1008 2169 1061 2203 16.

230 2224 242 2242 4
269 2222 340 2257 ΡΡ.
376 2222 545 2256 Ioannem
580 2221 752 2267 Dyrsium
799 2225 835 2256 et
870 2222 1023 2256 Paulum
1062 2223 1332 2257 Hetzcovaeum
1370 2222 1610 2266 Magdalenae
1658 2223 1694 2255 et
1734 2219 1890 2254 Helenae

108 2276 315 2320 reginarum
347 2276 599 2311 confessarios.
746 2277 759 2295 ⁵
785 2276 825 2310 P.
853 2275 1026 2310 Nicolaus
1052 2276 1221 2311 Lanoius.

231 2331 243 2349 '⁷’
270 2329 505 2373 Merquitium
533 2329 818 2363 contionatorem
844 2329 1021 2364 ecclesiae
1047 2329 1286 2375 parochialis;
1314 2341 1349 2364 v.
1376 2341 1488 2374 supra
1513 2341 1547 2374 p.
1568 2329 1612 2363 16
1637 2328 1695 2362 43.

230 2385 241 2403 ³
269 2383 309 2417 P.
336 2383 582 2427 Hieronymus
608 2382 798 2417 Torrensis
824 2382 902 2417 loco
929 2383 968 2418 P.
998 2383 1175 2428 Alphonsi
1202 2383 1327 2418 Pisani
1354 2382 1554 2427 (Dilingam
1581 2380 1766 2424 translati)
1794 2380 1892 2415 theo-

109 2437 241 2480 logiam
270 2437 306 2470 in
332 2437 573 2471 universitate
599 2437 751 2471 docebat
779 2435 886 2480 (Can.
906 2436 939 2470 V
956 2437 1056 2481 437).

230 2491 243 2511 ⁸
269 2490 458 2525 Torrensis
495 2502 526 2525 a.
556 2491 646 2525 1567
683 2490 862 2524 adversus
898 2491 1180 2535 protestantium
1209 2490 1503 2534 „Confessionem
1530 2489 1802 2533 Augustanam“
1833 2486 1893 2521 Di-

111 2543 231 2588 lingae
250 2544 412 2578 ediderat
433 2544 726 2586 „Confessionem
748 2543 1089 2587 Augustinianam“‚
1117 2555 1188 2588 qua
1215 2543 1335 2578 omnia
1353 2543 1537 2578 doctrinae
1555 2542 1755 2577 catholicae
1774 2540 1894 2586 capita

111 2609 132 2632 a
166 2598 455 2643 protestantibus
490 2598 625 2631 reiecta
661 2609 707 2632 ex
743 2597 778 2632 S.
804 2598 1011 2641 Augustino
1048 2597 1234 2642 ipsiusque
1261 2597 1383 2631 verbis
1417 2596 1698 2642 proferebantur
1726 2595 1834 2639 (Can.
1861 2594 1895 2628 V

110 2651 179 2685 216
206 2651 306 2694 817).

232 2706 245 2725 ⁹
271 2705 324 2739 De
350 2704 407 2740 his
434 2705 579 2740 casibus
605 2705 641 2738 in
668 2703 849 2739 Societate
876 2704 1075 2739 reservatis
1101 2717 1136 2739 v.
1167 2705 1255 2739 Can.
1274 2704 1307 2738 V
1327 2705 1407 2739 754.

219 2759 246 2778 ¹0
272 2759 312 2794 P.
350 2760 490 2793 Paulus
528 2760 704 2802 Hoffaeus
742 2757 1059 2803 viceprovincialis
1102 2759 1270 2802 Augusta
1314 2758 1368 2792 15.
1409 2757 1566 2791 Ianuarii
1606 2756 1698 2791 1568
1739 2755 1895 2799 Borgiae

113 2812 307 2857 ÷÷scripsit:
343 2812 584 2847 Vacationum
620 2815 765 2857 tempus
800 2812 837 2845 in
872 2812 1061 2856 provincia
1098 2811 1314 2846 Germaniae
1351 2811 1548 2856 superioris
1583 2810 1723 2844 ultimis
1758 2809 1896 2844 duobus

111 2865 215 2899 annis
253 2866 367 2900 fuisse
405 2868 469 2901 aut
504 2866 536 2900 d.
572 2867 630 2902 13.
657 2866 740 2899 Iulii
780 2866 825 2900 ad
861 2866 916 2900 15.
943 2865 1101 2909 Augusti
1140 2867 1203 2900 aut
1241 2865 1286 2900 ab
1324 2866 1456 2899 octava
1494 2864 1554 2899 SS.
1583 2863 1684 2898 Petri
1720 2866 1756 2898 et
1791 2863 1896 2897 Pauli

113 2917 162 2962 (6.
176 2918 274 2963 Iulii)
303 2919 349 2953 ad
373 2919 507 2954 festum
527 2919 562 2954 S.
581 2919 768 2953 Laurentii
790 2919 863 2963 (10.
879 2919 1076 2962 Augusti);
1105 2919 1157 2953 ita
1182 2921 1304 2953 tamen
1331 2920 1372 2953 ut
1397 2919 1434 2952 in
1460 2918 1640 2953 classibus
1665 2916 1896 2951 inferioribus

111 2971 252 3013 (addita
278 2972 474 3015 rhetorica)
512 2972 668 3016 singulis
704 2972 780 3006 fere
808 2972 935 3006 diebus
970 2974 1049 3006 tum
1076 2974 1172 3015 ante,
1208 2975 1287 3007 tum
1323 2975 1404 3017 post
1440 2971 1630 3017 prandium
1666 2982 1739 3005 una
1773 2970 1895 3004 schola

110 3023 322 3066 haberetur;
351 3025 487 3070 aliquid
513 3028 636 3060 tamen
661 3026 698 3060 in
725 3037 767 3059 ea
794 3037 831 3059 re
859 3030 1005 3060 exstare
1031 3026 1234 3066 varietatis,
1261 3026 1418 3060 maxime
1444 3027 1592 3071 propter
1617 3024 1894 3058 universitatem

111 3077 334 3122 dilinganam
362 3078 424 3123 (ex
450 3079 694 3125 autographo3
722 3079 764 3114 G.
792 3079 857 3124 Ep.
886 3078 935 3112 IX
962 3078 1258 3123 f.151²-—153¹>).
