2044 3335
140 85 224 126 558
781 82 875 116 Mon.
903 82 972 116 944
997 82 1076 116 sive
1101 82 1173 125 ing.
1196 81 1261 125 (1).

136 200 171 234 id
197 210 311 243 genus
338 197 418 239 alia,
445 197 562 240 quue
589 196 814 240 potissimum
849 195 885 229 in
911 195 1159 229 examinandis
1194 195 1434 240 approbandis
1468 194 1717 240 1·eijciendisue
1753 195 1795 229 ad
1822 207 1899 240 pro-

137 252 329 286 motionem
357 249 611 294 aspirantibus,
638 248 850 283 Paucissimi
877 248 971 282 enim
997 250 1081 282 sunt
1107 251 1170 282 aut
1195 249 1350 282 fortasse
1385 247 1473 282 nulli
1500 248 1561 292 qui
1596 260 1658 292 pro
1685 248 1823 283 meritis
1848 249 1900 282 in-

137 305 349 349 signiantur,
378 302 458 336 Jam
486 302 516 336 si
536 313 641 345 quem
665 301 846 346 reijeceris
871 301 937 335 tibi
955 301 1228 343 succensebunt,
1255 301 1539 346 permolesteque
1564 302 1692 343 ferent,
1719 304 1753 336 et
1780 301 1902 336 forsan

136 360 199 392 tua
224 355 404 391 sententia
430 367 498 389 non
526 354 710 395 obtinebit,
738 366 846 398 quum
873 353 933 399 alij
961 354 1101 388 externi
1128 354 1392 388 examinatores
1412 354 1533 399 plures
1558 366 1704 388 numero
1731 354 1901 396 existant,

139 414 175 444 et
209 419 386 454 pauperes
422 407 503 448 sint,
540 408 600 451 qui
637 407 783 452 proinde
818 407 1069 441 emolumentis
1106 419 1151 441 ex
1185 407 1406 452 promotione
1440 407 1734 452 prouenientibus
1767 407 1900 452 priuarj

138 461 349 496 difficillime
375 461 567 506 patientur.
618 460 709 495 Sunt
743 463 930 506 praeterea
965 460 1073 505 ijdem
1100 461 1253 504 quadam
1289 460 1399 494 nimia
1433 460 1567 505 pietate
1593 473 1635 495 ac
1659 460 1903 495 misericordia

138 515 301 560 praediti,
328 525 419 558 quae
438 513 619 547 iusticiam
638 513 780 558 penitus
799 514 968 548 obscurat
991 516 1026 547 et
1046 513 1186 554 euertit,
1215 513 1282 547 Hic
1305 514 1497 558 praecipua
1515 514 1711 548 difficultas
1729 512 1903 548 consistit.

140 567 289 603 Accedit
314 567 383 601 huc
408 578 478 601 non
505 578 584 601 esse
610 567 661 601 ita
687 578 805 601 raram
840 567 934 601 sicut
968 567 1004 600 in
1034 566 1115 611 alijs
1150 566 1386 600 facultatibus
1420 567 1688 611 promotionem,
1723 567 1793 601 imo
1820 578 1904 600 vero

137 620 291 664 singulis
317 620 559 654 trimestribus
579 620 812 655 Baccalaurei
838 619 1065 663 singulisque
1091 620 1325 654 semestribus
1351 619 1517 662 magistri
1543 620 1657 654 creari
1682 620 1800 654 solent
1817 620 1905 654 adeo

139 677 180 708 vt
204 674 326 719 plures
352 673 410 707 hic
435 673 600 716 magistri
639 674 795 708 euadant
829 685 936 717 quam
973 673 1118 707 fuerunt
1154 673 1321 717 discipuli
1357 674 1393 707 et
1427 672 1607 708 auditores
1622 674 1643 708 ¹.
1692 673 1783 707 Nam
1813 684 1906 707 anno

138 726 367 772 praecedenti
393 726 523 770 viginti
543 728 696 770 quatuor
721 726 836 771 prima
863 725 1108 771 philosophiae
1134 725 1282 760 laurea2
1307 726 1470 769 insigniti
1496 725 1653 767 fuerunt,
1679 738 1760 760 cum
1786 729 1906 760 tamen

140 784 180 814 vt
205 782 312 814 antea
339 779 423 822 dixi,
457 779 520 813 vix
548 781 616 814 duo
642 783 703 814 aut
729 783 803 814 tres
830 779 973 813 assidue
1009 780 1081 813 sint
1116 779 1308 814 auditores.
1359 780 1462 813 Dicet
1499 791 1582 823 ergo
1609 780 1749 823 aliquis,
1775 779 1806 813 si
1831 781 1906 813 tam

139 834 300 867 incertus
328 835 384 867 est
409 832 579 867 Vtilitatis
606 835 768 874 euentus,
795 844 875 867 cum
911 832 1064 867 aliorum
1098 832 1272 875 suffragia
1306 835 1430 866 nostra
1457 833 1633 867 excedant
1665 831 1907 867 inconsultum

140 886 283 920 videtur
308 898 383 920 rem
410 886 614 920 huiusmodi
633 886 897 920 discriminibus
923 885 1122 920 subiectam
1141 885 1303 931 aggredj.
1339 886 1432 920 Huic
1459 897 1525 929 ego
1551 886 1759 931 respondeo.
1792 885 1908 919 Vnius

141 939 257 974 solum
284 951 328 973 ex
347 940 480 973 nostris
500 939 741 984 praesentiam
767 951 830 984 per
856 939 912 973 dei
930 939 1086 982 gratiam
1105 938 1297 984 plurimum
1317 939 1408 983 apud
1436 939 1519 973 illos
1538 938 1741 980 valituram,
1768 938 1909 972 etiamsi

138 1004 205 1026 nec
231 992 403 1037 approbet
428 995 492 1026 aut
526 993 694 1037 reprobet
724 1004 790 1027 nec
817 993 1009 1037 quicquam
1035 992 1215 1036 loquatur,
1241 991 1321 1026 Non
1348 992 1441 1026 enim
1468 992 1650 1026 audebunt
1675 992 1743 1026 viri
1778 990 1909 1035 alioqui

141 1045 293 1080 modesti
329 1048 365 1079 et
400 1046 593 1091 verecundj
631 1048 756 1080 contra
790 1046 976 1080 facultatis
1010 1045 1110 1089 leges
1136 1047 1173 1079 et
1207 1047 1343 1079 rectam
1379 1045 1553 1079 rationem
1588 1045 1707 1090 aliquo
1734 1058 1752 1080 e
1777 1045 1911 1080 nostris

143 1100 331 1144 praesente
358 1102 480 1143 aperte
506 1099 636 1134 facere.
673 1098 772 1141 Quod
800 1099 830 1133 si
856 1099 963 1133 reniti
989 1098 1079 1133 velit
1103 1101 1139 1132 et
1160 1109 1281 1132 eorum
1308 1098 1498 1144 sententijs
1525 1110 1563 1132 se
1586 1110 1762 1144 opponere
1788 1097 1909 1133 nescio

144 1164 188 1186 an
215 1152 291 1186 eius
317 1152 572 1186 authoritatem
601 1152 674 1187 vilo
692 1153 796 1187 modo
815 1154 1085 1187 contemnerent
1109 1154 1185 1186 tum
1213 1151 1297 1195 quia
1323 1155 1464 1186 nostros
1490 1151 1634 1197 plurimi
1659 1153 1806 1193 faciunt,
1833 1154 1910 1185 tum

145 1205 253 1239 etiam
281 1205 364 1248 quia
390 1205 425 1238 in
452 1205 604 1250 publicis
630 1206 890 1250 promotionum
917 1206 1057 1239 actibus
1083 1217 1149 1239 nec
1166 1223 1210 1228 ——
1231 1211 1300 1228 —2
1325 1205 1456 1239 habere
1482 1217 1547 1239 nec
1573 1205 1671 1239 illam
1697 1204 1911 1250 particulam

148 1257 310 1292 omnibus
346 1259 628 1303 approbantibus
665 1259 844 1304 proferre,
883 1271 949 1292 nec
987 1258 1023 1292 in
1058 1258 1285 1302 questionum
1323 1258 1400 1303 ipso
1438 1258 1670 1303 promotionis
1707 1259 1763 1292 die
1799 1257 1911 1292 venti-

146 1311 334 1346 landarum
370 1312 495 1346 charta
529 1323 659 1346 nomen
695 1312 791 1346 illius
827 1312 1005 1346 excudere
1039 1312 1095 1345 fas
1131 1314 1237 1353 esset,
1275 1311 1373 1353 Quod
1408 1314 1529 1346 tamen
1565 1312 1850 1356 praetermittere
1876 1312 1913 1344 et

149 1365 309 1399 odiosum
337 1367 372 1398 et
398 1365 601 1399 indecorum
639 1356 745 1400 esset.
796 1365 842 1400 Et
868 1377 912 1399 ne
938 1365 1148 1410 inexpertus
1180 1364 1277 1409 loqui
1303 1364 1428 1399 videar
1461 1365 1616 1399 referam
1643 1365 1727 1409 quid
1752 1364 1913 1410 proxime

149 1418 377 1462 praecedenti
404 1419 624 1462 promotione
651 1419 800 1453 alterius
835 1430 880 1452 ex
909 1419 1043 1453 nostris
1079 1417 1294 1463 professoris
1329 1419 1558 1463 praesentia³
1583 1419 1774 1460 acciderit,
1809 1417 1913 1452 Alter

151 1471 245 1504 enim
270 1474 357 1505 tunc
382 1471 475 1505 forte
492 1472 739 1514 aegrotabat&
773 1472 837 1506 Jlli
863 1473 1032 1506 timentes
1058 1483 1097 1505 se
1115 1471 1250 1515 aliquid
1276 1471 1405 1515 rigoris
1430 1472 1467 1505 in
1490 1484 1530 1506 eo
1549 1474 1760 1517 experturos
1784 1471 1913 1505 librum

151 1524 446 1558 constitutionum
475 1536 596 1559 secum
624 1525 792 1559 adferunt
818 1527 854 1559 et
879 1528 1072 1569 antequam
1097 1524 1320 1568 singulorum
1347 1526 1546 1559 sententias
1571 1526 1666 1559 circa
1691 1525 1915 1559 examinatos

154 1577 395 1622 reprobandos
422 1580 484 1611 aut
519 1579 766 1623 approbandos
792 1579 958 1613 Decanus
992 1580 1133 1623 peteret
1167 1581 1266 1612 certa
1301 1578 1475 1622 quaedam
1511 1578 1628 1623 capita
1661 1579 1744 1612 inde
1777 1578 1915 1620 recitat,

149 1629 268 1664 Vnum
306 1643 351 1665 ex
386 1630 481 1665 fflij
507 1634 652 1676 propter
687 1633 780 1676 quod
816 1635 856 1666 vt
891 1632 1058 1666 existimo
1093 1631 1226 1665 allatus
1260 1634 1316 1665 est
1350 1632 1450 1673 liber,
1486 1632 1706 1673 continebat,
1741 1631 1915 1665 rationem

148 1684 351 1718 habendam
378 1696 457 1718 esse
483 1685 560 1729 spei
587 1687 698 1719 futuri
724 1685 845 1731 studij,
881 1684 958 1726 Qua
984 1696 1155 1730 praesens
1182 1685 1344 1719 defectus
1371 1686 1401 1719 si
1429 1685 1509 1729 quis
1535 1685 1644 1719 fuerit
1670 1685 1798 1719 debeat
1823 1695 1914 1718 com-

151 1737 306 1783 pensarj,
334 1740 370 1772 et
395 1737 462 1772 hoc
489 1750 558 1772 vno
585 1739 750 1783 perfugio
785 1740 829 1773 ad
865 1739 1012 1783 quosuis
1046 1738 1288 1772 admittendos
1315 1738 1369 1772 vti
1394 1738 1571 1781 videntur,
1606 1738 1677 1773 Jlle
1703 1750 1788 1772 vero
1819 1739 1914 1783 post·

152 1802 258 1835 quam
294 1790 354 1836 alij
386 1791 524 1825 nullum
560 1803 598 1825 se
634 1804 783 1826 renuere
817 1795 962 1838 propter
996 1803 1097 1837 spem
1132 1791 1335 1825 futurorum
1369 1803 1623 1836 progressuum
1658 1791 1916 1836 responderant

151 1845 394 1888 interrogatus
421 1844 610 1888 benignius
645 1857 752 1889 quam
787 1846 903 1890 potuit
939 1845 1030 1879 dixit
1065 1856 1104 1879 se
1138 1856 1207 1878 non
1240 1845 1376 1879 vidisse
1410 1845 1685 1879 constitutiones
1709 1856 1775 1879 nec
1809 1844 1915 1878 huius

151 1897 387 1931 Accademiae
414 1898 707 1932 consuet-udinem
727 1899 817 1933 satis
836 1899 976 1940 callere,
1002 1909 1068 1932 nec
1094 1897 1279 1932 facultatis
1298 1909 1387 1940 esse,
1415 1899 1470 1932 cui
1495 1898 1562 1932 hoc
1579 1909 1708 1932 munus
1735 1898 1916 1943 proprium

153 1962 231 1985 esse
258 1951 466 1992 videbatur,
503 1954 539 1985 et
572 1955 759 1996 praeterea
793 1952 975 1986 nouellum
1012 1963 1106 1994 esse,
1142 1952 1239 1996 ipsos
1274 1963 1359 1985 vero
1393 1952 1429 1985 in
1465 1963 1507 1985 ea
1541 1951 1699 1996 palestra
1725 1953 1916 1985 veteranos

153 2004 283 2048 diuque
310 2004 538 2042 exercitatos.
590 2005 713 2039 Adhec
738 2017 777 2040 se
803 2005 896 2039 nolle
931 2007 994 2039 aut
1019 2016 1234 2049 quemquam
1269 2004 1461 2049 reijciendo
1496 2005 1648 2046 laedere,
1684 2006 1747 2039 aut
1778 2004 1914 2038 ratione

150 2069 219 2091 non
246 2057 335 2091 bene
360 2069 535 2102 perpensa
562 2058 782 2093 admittendo
814 2070 916 2092 suam
953 2058 1207 2092 conscientiam
1242 2069 1406 2101 grauare,
1443 2069 1484 2093 ac
1509 2059 1656 2103 proinde
1682 2069 1743 2092 eos
1775 2069 1914 2101 rogare,

148 2122 193 2145 ne
219 2121 321 2145 suam
347 2111 563 2144 sententiam
590 2124 628 2145 re
655 2112 724 2146 iam
750 2112 794 2146 ab
821 2112 909 2156 ipsis
935 2112 1082 2146 definita
1108 2122 1232 2155 parum
1260 2112 1485 2156 profuturam
1512 2114 1753 2157 expectarent,
1786 2115 1913 2145 totam-

150 2175 218 2207 que
245 2175 367 2198 curam
393 2175 432 2198 se
457 2164 493 2197 in
521 2175 580 2198 eos
606 2164 759 2199 libenter
784 2165 931 2210 reijcere
961 2165 1028 2208 (sic
1055 2165 1148 2198 enim
1183 2164 1383 2198 instructus
1419 2167 1497 2199 erat
1522 2176 1542 2199 a
1568 2165 1777 2199 Reuerendo
1812 2167 1914 2209 patre

148 2219 269 2251 nostro
295 2216 513 2251 Prouinciali
526 2218 547 2257 ⁵,
587 2229 666 2251 cum
704 2218 787 2262 quia
818 2218 945 2252 incerti
984 2229 1126 2252 eramus
1164 2218 1257 2251 sicut
1293 2221 1329 2251 et
1360 2218 1463 2251 modo
1502 2230 1547 2252 an
1581 2218 1767 2252 facultatis
1801 2218 1913 2252 simus

148 2269 271 2315 futurj,
299 2272 376 2304 tum
402 2282 446 2304 ne
472 2271 573 2304 initio
600 2271 679 2305 duri
706 2271 924 2315 videremur)
953 2271 1005 2305 illi
1032 2273 1155 2305 contra
1181 2282 1310 2313 vrgere
1338 2274 1379 2305 vt
1404 2272 1497 2315 quod
1523 2272 1675 2306 sentiret
1699 2271 1809 2306 libere
1835 2283 1912 2316 pro-

148 2323 269 2365 ferret,
297 2323 357 2357 ille
384 2323 500 2357 adhuc
526 2335 564 2358 se
591 2336 765 2359 excusare
791 2327 826 2359 et
851 2325 956 2359 reniti
982 2326 1116 2368 quanto
1134 2323 1261 2358 melius
1288 2327 1439 2368 poterat,
1465 2325 1609 2359 tandem
1636 2327 1677 2359 vt
1701 2336 1913 2359 consensum

149 2378 406 2421 extorquerent
422 2377 459 2410 ni
476 2376 583 2411 fallor
601 2377 837 2412 decreuerunt
859 2378 1075 2412 indoctiores
1093 2377 1266 2421 quosdam
1285 2378 1464 2412 vocandos
1482 2378 1702 2422 seorsimque
1721 2378 1913 2412 monendos

149 2441 190 2463 ac
216 2430 537 2474 reprehendendos,
565 2431 657 2474 quod
683 2431 734 2465 ita
751 2431 931 2475 ignauiter
949 2431 1184 2472 studuissent,
1210 2442 1252 2464 ac
1276 2430 1407 2465 idcirco
1425 2431 1461 2465 ni
1487 2431 1667 2476 repulsam
1693 2432 1768 2475 pati
1787 2431 1914 2465 malint

149 2494 187 2516 se
213 2483 249 2516 in
274 2483 440 2518 manibus
459 2483 592 2517 Decani
619 2485 856 2529 promissuros
882 2497 945 2530 per
971 2496 1102 2519 annum
1128 2487 1312 2518 strenuam
1332 2496 1474 2529 operam
1501 2484 1756 2530 philosophicis
1782 2484 1912 2530 studijs

149 2536 384 2581 impensuros.
428 2536 526 2578 Quod
554 2538 742 2572 confestim
769 2539 903 2573 factum
931 2541 995 2580 est,
1022 2550 1092 2572 non
1117 2537 1194 2571 sine
1220 2549 1349 2580 magna
1372 2538 1642 2572 candidatorum
1668 2538 1911 2580 admiratione,

151 2591 299 2624 eatenus
326 2590 419 2624 enim
445 2589 534 2624 nihil
560 2590 677 2625 simile
703 2591 820 2625 visum
847 2594 911 2633 est,
938 2591 1035 2625 Duos
1058 2593 1245 2634 praeterea
1271 2602 1389 2625 coram
1416 2591 1497 2636 alijs
1523 2592 1813 2636 competitoribus
1838 2591 1911 2625 lau-

151 2642 284 2677 dandos
311 2644 371 2686 qui
399 2643 551 2677 caeteris
577 2644 739 2678 doctrina
765 2645 1001 2686 excellebunt,
1033 2644 1168 2678 Horum
1205 2643 1340 2688 primus
1375 2644 1444 2678 fuit
1469 2644 1640 2678 Albertus
1666 2645 1824 2688 Hunger,
1851 2644 1912 2689 qui

269 2708 296 2737 a)
319 2710 485 2738 Sequuntur
507 2715 547 2733 ιϊ.
567 2709 668 2740 aliqua
688 2709 838 2734 obscurius
856 2710 976 2740 scripta.
1047 2707 1079 2739 b)
1101 2707 1181 2733 illius
1201 2709 1279 2733 arch.

274 2803 281 2821 ¹
311 2804 516 2837 Pinedanns
553 2804 623 2838 iam
660 2803 801 2838 dixerat
835 2803 1018 2847 aliquanto
1053 2815 1181 2848 supra:
1221 2803 1274 2837 Ob
1309 2814 1477 2846 magnam
1515 2802 1762 2837 universitatis
1798 2802 1910 2847 ingol-

150 2854 342 2889 stadiensis
367 2857 618 2891 auctoritatem
649 2869 713 2899 „ex
739 2856 821 2902 alijs
845 2857 934 2891 locis
960 2868 1022 2901 pro
1048 2856 1219 2900 gradibus
1245 2856 1314 2891 huc
1341 2856 1556 2890 confluunt“.

272 2907 284 2926 ‘-'
310 2908 603 2944 Baccalaureatu.
749 2911 762 2930 ³
786 2910 903 2955 Ipsius
928 2909 1111 2951 Pinedani,
1137 2912 1234 2954 puto.

271 2963 283 2979 ⁴
312 2960 376 2993 Vel
402 2961 441 2995 P.
469 2961 661 2996 Henricum
688 2963 884 2997 Arboreum
913 2963 973 2997 vel
999 2963 1054 2997 Fr.
1082 2964 1251 2997 Ioannem
1286 2962 1508 2997 Dominicum
1535 2961 1768 2997 Facoiardum
1802 2962 1909 3006 signi-

153 3013 251 3047 ficari
277 3015 382 3057 put03
410 3014 454 3047 cf.
482 3015 574 3048 infra
602 3027 634 3059 p.
654 3016 748 3050 559².

272 3066 284 3085 ⁵
311 3066 417 3099 Petro
445 3066 596 3101 Canisio.
