2044 3335
300 91 400 126 1630.
427 91 466 126 P.
486 91 636 125 Ioannes
654 91 697 125 de
715 90 871 125 Polanco
891 90 1044 125 Canisio.
1088 91 1201 125 Roma
1219 90 1276 125 20.
1297 88 1369 132 (19.
1383 88 1418 133 Ῥ)
1439 89 1562 123 Martii
1582 89 1684 123 1569.
1790 91 1875 131 279

107 210 164 251 Μ.
180 208 432 251 Alexandro
457 208 642 258 Saxone,
667 221 793 260 quem
817 222 895 249 nos
918 222 1087 261 quoque
1110 207 1370 249 dimisimus:
1405 221 1505 250 nam
1528 207 1583 249 ad
1605 205 1877 248 Lutheranos

109 273 332 325 defecisse,
366 275 411 315 et
444 272 687 325 Tubingam
719 272 916 314 abiturus
950 273 1120 323 dicitur,
1153 275 1203 315 vt
1236 286 1291 314 ex
1323 274 1514 314 Doctore
1547 270 1768 314 Catholico
1799 272 1878 313 fiat

107 339 335 381 haeresum
369 339 413 380 et
444 337 683 392 impietatis
717 337 940 391 magister.
994 339 1119 380 Hanc
1151 337 1359 391 praedam
1394 337 1575 379 abstulit
1608 335 1877 379 Smedelinus

107 403 329 445 Ecclesiae
344 403 370 446 1.
419 401 656 455 Egregiam
678 416 782 443 uero
814 402 988 445 laudem
1011 405 1093 446 etc.
1149 402 1256 444 Oret
1287 416 1365 456 pro
1398 401 1522 444 nobis
1545 401 1592 444 P.
1617 402 1664 444 T.
1700 400 1766 443 cui
1799 414 1877 442 nos

107 471 151 510 et
181 467 442 522 prouintiam
476 470 672 509 nostram
704 466 748 508 in
780 467 952 509 domino
987 467 1350 510 commendamus.
1399 467 1626 520 Augustae
1652 467 1703 508 19
1728 464 1876 518 Martij

109 534 251 576 '1569'
992 568 1152 611 Seruus
1184 567 1227 608 in
1261 566 1431 609 Christo
1465 567 1511 609 P.
1546 566 1756 610 Canisius.

224 660 414 703 Adiunxi
454 661 607 704 literas
648 660 821 703 Domini
860 661 1101 704 Oardinalis
1142 660 1304 714 Amulij
1348 661 1525 711 alteras,
1569 675 1670 702 nam
1711 659 1878 714 priores

105 726 247 770 isthuc
280 740 450 779 quoque
473 726 582 769 misi.
616 740 701 768 non
725 726 863 768 ausim
897 741 978 780 ego
1010 726 1274 781 respondere
1308 725 1551 779 quicquam,
1586 724 1668 766 nisi
1702 724 1878 777 cognita

105 791 224 846 prius
247 792 292 834 P.
317 790 365 833 T.
389 792 629 842 uoluntate,
663 793 713 833 ut
739 791 888 841 sciam,
922 791 1024 845 quid
1058 791 1304 845 negandum
1337 793 1414 833 aut
1446 790 1787 844 promittendum
1816 788 1878 830 illi

106 859 150 899 et
181 856 397 910 Heluetijs
437 856 653 900 uideatur.
718 857 812 909 Ego
848 855 951 898 mihi
984 870 1070 898 non
1102 856 1230 898 facile
1272 855 1527 910 persuaderi
1560 855 1714 905 sinam,
1755 853 1877 896 breui

107 925 301 976 tempore
323 921 473 963 confici
495 935 634 976 posse,
669 921 782 974 quod
806 921 1099 964 desideratur:
1132 935 1212 963 nec
1234 921 1359 963 uideo
1383 920 1572 974 aliquem
1605 919 1704 961 huic
1727 921 1875 973 aptum

105 987 294 1040 negotio,
334 987 417 1028 nisi
448 987 563 1029 forte
596 987 642 1029 P.
676 986 725 1029 Τ.
759 987 944 1040 placeat,
989 1001 1085 1029 cum
1126 986 1253 1028 huius
1285 986 1531 1040 prouintiae
1562 985 1732 1028 iactura
1762 983 1878 1026 mitti

105 1052 151 1095 P.
185 1052 368 1094 Paulum
401 1052 645 1102 Hoffaeum‚
680 1054 756 1094 aut
787 1065 856 1093 me
890 1051 1086 1104 quamuis
1118 1051 1355 1104 indignum.
1416 1051 1481 1093 De
1513 1064 1611 1092 mea
1642 1064 1746 1092 uero
1780 1062 1878 1091 sen-

104 1117 244 1160 tentia
276 1116 470 1171 pluribus
502 1118 605 1158 ante
627 1116 822 1170 scripsi2.
868 1116 1077 1170 Optarem
1099 1116 1274 1159 interim
1298 1116 1411 1170 apud
1436 1117 1485 1158 D.
1511 1116 1634 1158 eard.
1658 1113 1877 1156 Amulium

106 1181 320 1233 excusari,
362 1195 416 1223 ne
447 1183 574 1236 putet
615 1195 670 1223 ex
703 1180 847 1234 aliquo
891 1183 1142 1236 contemptu
1174 1195 1315 1223 meum
1356 1180 1586 1235 prouenire
1619 1179 1838 1222 silentium
1851 1184 1877 1228 ²¹,

104 1247 225 1290 uelut
264 1246 467 1289 iudicium
508 1246 623 1288 illius
661 1248 706 1288 et
746 1246 1019 1288 uoluntatem
1060 1246 1232 1288 omnino
1273 1246 1495 1300 negligam
1537 1245 1761 1300 superbus,
1806 1243 1878 1297 qui

104 1311 234 1353 nolim
269 1325 427 1354 causae
459 1311 557 1366 piae
589 1311 754 1354 fauere.

222 1400 250 1452 †
282 1399 526 1441 Admodum
550 1399 804 1441 Reuerendo
826 1399 870 1441 in
893 1398 1063 1442 Christo
1086 1399 1202 1453 patri
1225 1399 1271 1442 P.
1288 1399 1521 1442 Francisco
1545 1399 1719 1453 Boigia,
1743 1399 1877 1440 Prae-

105 1464 246 1520 posito
278 1465 473 1519 generali
506 1464 736 1507 Societatis
771 1464 887 1507 Jesu.
1012 1465 1190 1507 Romae.

105 1609 260 1646 1630.
359 1608 420 1644 P.
457 1607 758 1644 IOANNES
802 1607 895 1644 DE
937 1607 1256 1645 POLANGO
1302 1609 1520 1644 secretarius
1563 1609 1754 1644 Societatis
1796 1609 1878 1643 Iesu

294 1662 436 1697 nomine
463 1663 496 1698 S.
517 1662 701 1697 Francisci
727 1663 881 1705 Borgiae
907 1663 1102 1708 praepositi
1130 1663 1310 1706 generalis
1338 1663 1542 1698 CANISIO.

1214 1716 1327 1751 Roma
1355 1717 1410 1751 20.
1432 1716 1552 1761 (19.‘.>)
1582 1715 1706 1751 Martii
1727 1715 1829 1750 1569.

223 1781 278 1815 Ex
305 1780 511 1826 apographo
538 1780 650 1815 eiusd.
678 1782 806 1826 tenip.;
842 1781 879 1814 in
907 1781 1080 1824 margine,
1108 1781 1232 1816 eadem
1260 1793 1388 1816 manu:
1424 1782 1612 1825 „Augusta
1637 1781 1677 1816 P.
1698 1780 1876 1816 Canisio“.

105 1835 226 1870 Germ.
253 1835 296 1868 67
325 1835 350 1870 f.
376 1833 608 1869 2342—2352.

223 1912 305 1946 Non
330 1912 517 1955 probatur,
545 1912 639 1955 quod
656 1911 825 1945 Cam'sius
842 1912 997 1955 Bor-aiae
1023 1912 1162 1945 litteras
1180 1911 1355 1955 Fuyyerts
1382 1922 1452 1945 non
1471 1912 1625 1945 tradidit
1635 1924 1649 1954 ;
1674 1912 1747 1945 iam
1769 1923 1878 1946 novas

104 1967 231 1999 tradet.
278 1966 460 1999 Bavariae
486 1966 562 1998 ἄπας
586 1969 750 2008 νομαίων,
787 1969 825 1998 ut
848 1966 1040 2007 pecuniam
1066 1966 1115 1998 ad
1139 1966 1305 2008 templum
1331 1976 1521 1999 romanum
1548 1966 1710 2008 conferat
1719 1978 1733 2008 ;
1767 1966 1877 1999 eidem

104 2021 178 2054 iam
217 2023 298 2052 ante
335 2019 507 2062 scriptum
546 2022 604 2061 est,
641 2023 681 2052 at
721 2019 891 2052 Societatt‘
927 2019 1105 2052 sodalium
1144 2020 1380 2061 regendorum
1418 2019 1615 2052 libertatem
1650 2021 1877 2062 permitteret.

109 2073 248 2106 Canisit'
273 2073 459 2106 contiones.
507 2072 547 2106 P.
578 2072 718 2115 Gallus,
752 2072 785 2105 si
810 2073 847 2105 in
876 2073 1065 2105 Austriam
1090 2073 1145 2105 ire
1177 2073 1341 2114 noluerit,
1377 2077 1576 2115 moneatur,
1613 2077 1651 2105 ut
1677 2073 1877 2106 Lauretum

103 2128 154 2160 vel
179 2128 284 2160 etiam
310 2126 462 2159 Romam
497 2136 531 2158 se
557 2126 717 2167 conferat
727 2137 741 2167 ,·
775 2126 903 2169 quodsi
928 2125 1094 2169 noluerit,
1130 2129 1234 2159 extra
1261 2126 1406 2169 colleyz'a
1441 2126 1554 2158 vicere
1584 2126 1763 2169 iubeatur,
1798 2137 1879 2159 neve

102 2183 219 2213 tamen
244 2180 332 2213 votis
359 2179 531 2212 solvatur.
575 2178 808 2212 Probatz‘ones
834 2183 863 2212 et
889 2179 928 2211 P.
956 2179 1098 2212 Peltam'
1116 2179 1379 2222 professionem
1405 2180 1552 2222 differri
1577 2179 1666 2213 licet.
1708 2180 1778 2212 PP.
1806 2181 1877 2213 Ra-

40 2240 43 2241 ’
102 2234 221 2267 stellas
246 2237 277 2266 et
303 2232 513 2265 Paradinas
537 2233 683 2265 venient.
730 2232 925 2265 Cardz'nali
951 2233 1097 2266 Amulio
1125 2233 1283 2267 Societas
1307 2243 1342 2265 se.
1368 2237 1523 2276 excusat,
1556 2233 1651 2276 quod
1675 2233 1813 2266 sodales
1838 2233 1877 2265 in

103 2287 297 2320 Helvetiam
325 2296 397 2318 non
422 2286 547 2318 mittat.
585 2285 693 2318 Valde
713 2285 843 2329 placet,
869 2287 963 2329 quod
981 2287 1141 2329 Fayyeri
1165 2286 1319 2319 scholam
1348 2287 1568 2319 constituent.
1608 2286 1778 2319 Cam'sizcs
1797 2289 1878 2329 post.

100 2340 234 2383 pascha
262 2340 405 2373 omnino
432 2339 526 2371 debet
548 2338 804 2372 Centctriarmn
830 2339 1044 2381 refutationi
1071 2350 1217 2383 operam
1243 2340 1455 2382 impendere.
1489 2340 1639 2372 Romam
1665 2340 1786 2381 reniet,
1815 2340 1878 2383 qui

222 2410 250 2441 a)
271 2409 411 2441 Sequitur
430 2408 470 2439 et,
490 2417 507 2433 a
529 2410 557 2434 C.
577 2409 667 2433 omitt.

103 2509 190 2544 adeo
216 2509 398 2554 probrosis
424 2509 597 2542 refertam
624 2508 833 2554 mendacijs,
870 2510 911 2542 vt
937 2509 1036 2543 nulla
1062 2509 1304 2554 impudentior
1337 2508 1381 2543 ab
1408 2508 1612 2542 Haereticis
1638 2508 1758 2542 exisse
1785 2508 1877 2542 dice·

102 2564 220 2603 retur;
247 2563 284 2596 in
309 2562 488 2596 hominem
516 2561 700 2595 inimicum
726 2560 889 2596 incidens
914 2561 1064 2607 Louanij
1092 2562 1279 2607 repentino
1306 2562 1446 2596 occisus
1473 2562 1548 2596 esst
1581 2561 1694 2605 (Hist.
1713 2561 1747 2596 S.
1763 2562 1795 2596 J.
1815 2562 1876 2602 ΙΙΙ,

102 2616 124 2651 l.
152 2616 184 2657 5,
210 2628 244 2650 11.
273 2615 348 2660 99).
395 2616 435 2650 P.
463 2615 615 2650 Ioannes
641 2616 782 2649 Nadasi
808 2615 843 2650 S.
864 2615 896 2649 J.
923 2615 959 2649 in
986 2614 1104 2649 *libro
1136 2615 1294 2658 „Tristes
1320 2616 1472 2649 Annuae
1498 2615 1733 2650 Desertorum
1760 2614 1878 2650 Socie—

102 2669 190 2704 tatis
216 2670 316 2704 Iesu“
348 2668 482 2703 Romae
518 2668 584 2703 sub
611 2680 642 2703 a.
666 2669 753 2702 1661
783 2668 918 2714 scripto
946 2668 1036 2702 haec
1062 2668 1180 2703 addit:
1221 2669 1281 2711 „In
1307 2671 1415 2713 ponte
1441 2668 1629 2703 Leodiensi
1666 2680 1686 2702 a
1712 2668 1876 2702 conuiuio

101 2723 226 2764 redux,
262 2723 345 2756 ante
379 2723 505 2756 fratris
531 2722 734 2766 praesentis
761 2721 883 2755 oculos
920 2723 976 2755 est
1003 2721 1192 2755 confossus
1227 2721 1271 2755 ab
1298 2721 1353 2766 ijs,
1391 2722 1451 2765 qui
1477 2720 1536 2755 uel
1561 2721 1674 2763 illum,
1709 2721 1768 2755 uel
1801 2721 1877 2755 eius

102 2776 252 2810 fratrem
271 2775 438 2819 adulterij
459 2775 646 2809 cuiusdam
664 2774 847 2809 habebant
872 2775 1102 2819 suspectum⁴‘
1123 2774 1224 2818 (Cod.
1245 2775 1359 2817 „Hisn
1375 2774 1453 2809 Soc.
1467 2775 1524 2816 4“‚
1551 2775 1588 2808 in
1606 2786 1636 2809 a.
1656 2774 1757 2816 1565,
1775 2786 1809 2809 n.
1825 2775 1876 2818 2).

226 2830 235 2849 ¹
261 2829 411 2863 Iacobus
429 2829 606 2870 Andreae,
634 2840 741 2872 quem
760 2827 1042 2862 Schmidelinum
1068 2839 1176 2872 saepe
1195 2828 1385 2870 vocabant,
1413 2840 1444 2862 a.
1462 2828 1553 2863 1568
1580 2839 1600 2862 3
1620 2827 1877 2873 Ohristophoro

103 2882 422 2925 Wurttembergae
448 2882 537 2916 duce
572 2882 616 2916 ad
644 2881 774 2915 Iulium
801 2881 927 2916 ducem
954 2881 1530 2926 brunsvico-guelpherbytanum,
1566 2881 1627 2925 qui
1661 2880 1876 2915 lutheranis-

102 2947 200 2969 mum
240 2935 274 2969 in
308 2937 442 2969 terram
478 2946 579 2969 suam
615 2934 784 2969 inducere
820 2934 976 2975 volebat,
1013 2934 1147 2968 missus
1183 2936 1281 2976 erat;
1320 2946 1351 2970 a.
1382 2934 1617 2969 1568—1570
1644 2934 1876 2969 Germaniam

103 2988 424 3034 septentrionalem
450 2988 669 3033 peragrabat
696 3000 736 3022 eo
755 2987 913 3029 consilio,
940 2990 981 3022 ut
1006 2987 1100 3021 inter
1125 2987 1315 3031 theologos
1341 2987 1553 3022 lutheranos
1580 2999 1705 3033 pacem
1732 2990 1768 3022 et
1794 2999 1877 3022 con-

103 3041 260 3076 cordiam
286 3041 496 3076 conciliaret
524 3042 695 3085 (Janssen
720 3041 744 3076 l.
770 3053 799 3076 c.
823 3040 874 3075 IV
896 3041 985 3061 ¹5-¹⁶
1011 3040 1232 3085 365—368).

223 3095 236 3115 ‘2
262 3094 353 3128 Vide
379 3106 490 3140 supra
516 3107 550 3140 p.
569 3095 770 3129 252—253.
1133 3095 1135 3097 ’
