2044 3335
366 90 467 125 1541.
496 89 582 125 Can.
609 89 643 124 S.
662 90 855 125 Francisco
883 91 1048 134 Borgiae.
1097 90 1245 133 Dilinga
1274 89 1327 124 11.
1347 89 1432 123 Dec.
1454 89 1556 123 1567.
1769 91 1849 132 137

80 208 210 253 [dixit]‚
246 207 339 252 quod
365 207 413 241 M.
433 206 636 241 Richardus
661 207 730 241 sibi
756 208 792 241 in
818 207 1046 252 philosophia
1073 207 1233 241 docenda
1260 208 1358 240 esset
1383 205 1580 250 praelatus.
1608 217 1688 239 cum
1715 205 1853 240 talenta

79 263 214 296 maiora
239 261 284 294 ad
311 271 389 294 eam
415 271 491 294 rem
517 259 585 294 sibi
612 271 633 293 a
659 260 734 294 Deo
759 261 896 295 tradita
921 272 1002 295 esse
1028 260 1179 294 videret.
1215 260 1304 293 Post
1331 259 1606 304 prohibitionem
1634 259 1677 292 de
1695 259 1854 293 Auerroe

79 314 257 349 laudando
283 314 429 354 factam,
464 313 542 358 ipse
577 315 614 347 et
639 313 740 347 illum
777 316 812 347 et
839 314 917 348 eius
942 325 1118 358 sequaces
1144 312 1286 357 publice
1313 324 1431 346 coram
1460 312 1565 346 nouis
1592 311 1736 355 Logicis
1761 323 1853 346 com-

79 368 273 408 mendauit,
300 370 336 400 et
360 366 403 400 D.
430 366 589 400 Thomae
616 365 769 411 alijsque
795 366 1019 411 philosophis
1045 365 1228 411 praetulit.
1265 365 1386 399 Minus
1412 367 1621 399 reuerenter
1647 365 1690 398 de
1716 376 1854 399 summo

79 421 246 467 pontifice
272 420 444 464 loquutus
470 421 526 453 est
552 421 725 463 tanquam
753 419 1054 454 inconsideratius
1081 419 1124 453 D.
1151 419 1325 453 Thomam
1356 418 1392 452 in
1420 418 1633 452 Sanctorum
1659 418 1856 452 Doctorum

78 485 265 508 numerum
283 472 470 507 retulisset
483 473 505 506 ¹.
540 471 704 516 Denique
723 473 922 507 communis
940 484 1032 517 pene
1050 471 1121 506 fuit
1139 471 1418 506 domesticorum
1438 471 1596 515 querela,
1614 471 1855 505 inordinatam

78 539 158 562 esse
184 529 221 560 et
245 526 351 560 valde
377 537 527 569 grauem
552 525 738 565 fratribus,
775 526 852 560 eius
879 525 1190 560 conuersationem
1217 527 1364 569 propter
1390 525 1536 558 aculeos
1571 526 1607 558 et
1632 524 1856 569 prophanam

79 581 256 624 quandam
284 579 501 613 libertatem.
553 577 671 620 Quare
698 581 780 623 post
806 579 1001 612 aduentum
1028 590 1061 623 p.
1088 577 1323 623 prouincialis
1349 577 1393 611 ad
1419 577 1579 611 tollenda
1604 577 1694 612 haec
1723 578 1855 612 incom-

78 633 194 674 moda,
221 632 363 678 publice
390 631 540 667 Joannis
569 631 675 675 Angli
703 632 809 676 culpa
834 635 996 677 tempore
1023 643 1155 666 coenae
1181 631 1277 665 dicta
1304 633 1379 672 est,
1416 631 1617 674 generatim
1651 633 1774 665 tamen
1808 632 1856 672 et,

79 687 195 731 quoad
222 686 298 720 fieri
325 686 453 731 potuit,
488 685 684 724 moderate,
720 685 913 729 iussusque
940 687 995 719 est
1021 697 1086 730 pro
1113 683 1361 718 satisfactione
1387 684 1541 717 fratrum
1568 695 1607 718 se
1633 684 1820 728 flagellare
1831 684 1855 717 2.

78 739 272 784 Acquieuit
298 739 369 780 ille,
397 738 461 772 sed
487 738 538 771 ita
566 740 607 771 vt
632 737 745 771 nihilo
772 738 899 771 melior
925 749 970 771 ex
997 737 1064 771 hoc
1091 737 1249 771 remedio
1275 737 1395 770 factus
1414 736 1601 770 videatur:
1628 737 1690 770 sed
1710 736 1856 781 perinde

79 796 120 827 vt
146 795 253 827 antea
278 791 314 826 in
341 791 417 826 suis
442 790 671 836 opinionibus
697 791 884 835 pertinax:
924 791 978 824 vti
1005 790 1136 835 partim
1166 801 1211 824 ex
1238 790 1360 824 verbis
1387 789 1464 823 eius
1490 789 1622 834 partim
1650 801 1696 823 ex
1721 790 1857 834 scripto

79 858 112 891 p.
131 845 345 891 prouinciali
368 845 488 879 oblato
512 844 672 878 iudicare
696 844 809 879 licuit.
848 844 902 878 Ne
921 856 1007 888 ergo
1032 843 1245 889 pusillum
1272 843 1368 877 hunc
1386 843 1585 886 gregemt
1611 842 1857 877 scandalizare

78 901 257 944 pergeret,
292 898 411 933 visum
439 900 496 932 est
521 909 556 943 p.
582 897 796 942 prouinciali
829 900 865 932 et
891 897 1191 932 001131111011101134
1217 897 1422 939 Augustam
1459 907 1538 929 eum
1566 895 1650 930 hinc
1676 896 1856 940 ablegare,

78 954 120 986 vt
144 952 246 987 illhic
272 951 504 997 paternitatis
530 953 626 989 tuae,
654 951 698 985 ad
717 962 825 995 quam
853 951 1012 985 scribere
1032 950 1201 991 instituit,
1228 950 1445 984 sententiam
1466 950 1652 994 expectet“
1679 950 1740 992 (ex
1758 952 1857 984 auto-

79 1005 235 1051 graph0;
264 1006 306 1040 G.
334 1005 398 1050 Ep.
418 1004 504 1039 VIII
531 1004 556 1038 f.
580 1004 676 1048 150).

198 1059 330 1093 Mirum
355 1070 434 1092 esse
460 1070 531 1092 non
549 1060 680 1103 potest,
708 1057 893 1092 Sociorum
913 1058 1178 1102 dilinganorum
1202 1057 1340 1091 animos
1354 1056 1436 1090 Vici
1461 1056 1686 1090 sermonibus
1704 1056 1858 1091 offensos

79 1125 179 1154 esse;
205 1124 288 1146 nam
314 1114 351 1147 S.
369 1113 535 1156 anatius
561 1111 604 1145 de
631 1111 765 1145 scholis
784 1111 976 1145 Societatis
1002 1112 1258 1156 praeceperat:
1290 1109 1350 1152 „In
1369 1109 1565 1152 Theologia
1591 1109 1734 1152 legetur
1751 1112 1858 1144 vetus

79 1169 116 1200 et
148 1178 281 1200 novum
309 1166 592 1204 Testamentum,
629 1167 666 1198 et
701 1164 863 1198 doctrina
894 1164 1115 1199 scholastica
1145 1163 1220 1197 divi
1246 1163 1427 1197 'rhomae·‘
1458 1165 1526 1197 etc.
1556 1162 1859 1207 (Constitutiones

80 1219 113 1254 S.
133 1219 166 1254 J.
194 1219 233 1253 P.
260 1220 292 1261 4,
329 1231 359 1254 c.
388 1219 441 1259 14,
468 1230 502 1252 n.
532 1217 580 1261 1).
631 1217 730 1251 Idem
767 1220 931 1261 Iynatae'us·
965 1218 1000 1251 in
1033 1217 1203 1261 „Regillis
1230 1216 1429 1258 servandis,
1468 1218 1509 1250 ut
1544 1228 1624 1250 cum
1659 1216 1858 1251 orthodoxa

81 1272 243 1307 Ecclesia
277 1284 363 1307 vere
398 1271 618 1306 sentiamus“
652 1273 701 1313 (n.
734 1271 805 1315 11),
833 1282 923 1315 quas
962 1271 998 1305 in
1036 1282 1101 1305 suo
1141 1270 1267 1313 „Libro
1303 1269 1585 1304 Exercitiorum“
1626 1269 1858 1314 proponebat,

78 1326 298 1370 theologiam
335 1325 591 1360 scholasticam
626 1325 944 1359 commendaverat
979 1327 1015 1358 et
1051 1324 1216 1358 doctores
1250 1323 1487 1358 scholasticos
1517 1322 1659 1366 magnis
1692 1322 1859 1358 laudibus

79 1379 281 1421 extulerat;
307 1379 344 1414 in
363 1390 435 1424 qua
452 1378 660 1413 laudatione
681 1378 795 1422 primo
813 1378 889 1412 loco
909 1380 1080 1423 posuerat
1098 1377 1132 1412 S.
1144 1377 1319 1411 Thomam
1341 1377 1567 1417 (Institutum
1587 1375 1621 1411 S.
1638 1377 1671 1411 J.
1690 1376 1742 1410 Ill
1758 1375 1859 1420 499).

80 1433 180 1476 Quod
206 1435 327 1468 autem
355 1433 400 1467 ad
427 1443 606 1466 summum
634 1431 841 1477 pontificem
868 1432 1010 1472 attinet,
1038 1431 1077 1465 P.
1106 1432 1251 1465 Natalis
1276 1430 1445 1464 visitator
1472 1430 1593 1464 Socios
1619 1429 1656 1463 in
1681 1429 1858 1472 ,Instruc-

79 1487 196 1522 tione“
230 1486 384 1531 quadam
418 1485 490 1529 „De
516 1485 621 1519 modo
646 1485 836 1529 loquendi“
876 1485 1010 1518 tradita
1045 1485 1097 1518 ita
1123 1485 1359 1518 *monueratz
1400 1483 1472 1527 „De
1499 1483 1599 1528 Papa
1634 1485 1670 1517 et
1696 1483 1860 1518 Ecclesia

79 1541 180 1575 Rom:
208 1538 455 1585 [loquendum]
481 1550 622 1574 summa
649 1539 759 1573 animi
787 1541 823 1572 et
840 1539 1054 1576 verborumf*
1079 1538 1237 1572 omnium
1260 1537 1465 1571 reuerentia
1483 1538 1591 1581 atque
1609 1536 1859 1571 obseruatione

80 1606 160 1628 cum
187 1605 328 1629 summa
354 1593 500 1628 honoris
526 1592 793 1638 praedicatione
821 1594 857 1626 et
882 1591 1007 1626 laude“
1041 1592 1101 1635 (ex
1129 1589 1336 1636 apographo
1364 1590 1524 1624 eiusdem
1549 1590 1740 1635 temporis;
1774 1589 1857 1624 Cod.

84 1647 184 1691 ,XV.
209 1648 263 1682 Α”ι
293 1648 318 1682 f.
340 1647 592 1691 1302—1312).

80 1762 223 1800 1541.
340 1763 558 1799 CANISIUS
587 1760 855 1799 SANGTO
884 1759 1277 1798 FRANGISCO
1305 1758 1625 1796 BORGIAE
1656 1760 1862 1806 praeposito

272 1817 434 1862 generali
460 1817 654 1852 Societatis
681 1817 774 1851 Iesu.
1221 1815 1369 1858 Dilinga
1399 1815 1454 1850 11.
1471 1814 1681 1849 Decembris
1710 1814 1812 1849 1567.

201 1889 257 1924 Ex
294 1888 428 1924 litteris
467 1888 677 1934 archetypis
714 1890 761 1929 et,
800 1887 893 1932 quod
930 1887 975 1921 ad
1010 1889 1231 1932 postremam
1268 1887 1407 1930 partem
1444 1885 1585 1926 attinet,
1625 1883 1861 1929 autographis

83 1943 161 1987 (2⁰;
199 1943 267 1986 3¹l2
303 1955 382 1988 pp.;
422 1942 460 1976 in
494 1954 529 1987 p.
555 1944 578 1977 4
613 1942 721 1976 inscr.
759 1943 795 1975 et
830 1940 1006 1985 reliquiae
1041 1940 1140 1984 sig.),
1181 1940 1301 1974 Germ.
1334 1940 1399 1974 183
1438 1951 1471 1973 n.
1499 1939 1569 1973 220
1599 1939 1638 1983 (f.
1666 1938 1736 1973 298
1763 1937 1862 1982 299).

81 1997 249 2044 Ovanisius
275 2008 342 2031 sua
367 2007 477 2030 manu
502 1995 649 2030 litteras
675 1994 904 2035 emendavit;
934 1998 1136 2028 extremam
1162 1996 1302 2038 partem
1323 1992 1543 2038 (incipiendo
1562 2004 1583 2026 a
1604 1991 1715 2035 „Cum
1734 1991 1862 2026 hucus-

81 2062 151 2095 que
176 2050 445 2095 scripsissem“)
483 2049 561 2094 ipse
596 2048 746 2094 scripsit
781 2051 817 2083 et
842 2047 1071 2092 subscripsit.
1123 2046 1313 2091 Epistulae
1349 2045 1566 2091 particulam
1603 2045 1725 2079 italice
1751 2043 1863 2079 vertit

81 2106 209 2149 Boero,
237 2104 324 2138 Can.
351 2104 439 2144 321;
467 2103 594 2137 eadem
619 2104 676 2136 usi
703 2105 788 2136 sunt
816 2102 1027 2145 Sacchinus,
1055 2100 1141 2135 Can.
1169 2100 1369 2141 246—247,
1398 2102 1434 2133 et
1460 2100 1600 2143 Michel,
1629 2099 1714 2133 Can.
1741 2097 1821 2132 363.

191 2176 219 2205 a)
241 2175 289 2200 Ιια
309 2174 516 2206 corripendum
537 2181 598 2198 esse
614 2176 688 2205 puto
708 2181 744 2198 es:
763 2179 876 2202 rerum,
896 2173 971 2204 quod
996 2172 1026 2197 in
1046 2171 1218 2203 apoyrapho
1238 2174 1288 2195 ese.

81 2283 118 2317 in
143 2282 289 2325 scholis,
324 2282 360 2316 in
397 2281 605 2316 domesticis
640 2280 825 2315 exercitiis
861 2281 1094 2324 occupentur,
1131 2278 1202 2312 nisi
1237 2278 1268 2312 si
1295 2289 1387 2322 quae
1423 2276 1466 2311 ad
1505 2275 1725 2321 corporalem
1762 2286 1861 2309 exer-

82 2336 290 2371 citationem
317 2335 378 2370 vel
403 2335 575 2370 leuiorem
603 2334 876 2378 occupationem
903 2332 1150 2377 excipientur;
1187 2343 1258 2366 non
1285 2332 1430 2365 videtur
1465 2330 1560 2364 enim
1588 2328 1792 2363 consultum
1821 2330 1863 2362 ut

82 2391 208 2434 legant
233 2390 277 2424 ad
305 2401 468 2424 mensam
495 2389 555 2423 vel
581 2389 706 2423 lauent
732 2387 917 2428 scutellas,
943 2386 1013 2420 nisi
1041 2386 1167 2420 diebus
1194 2385 1383 2420 dominicis
1410 2386 1447 2418 et
1472 2383 1588 2425 festis,
1616 2382 1747 2427 quibus
1773 2381 1862 2416 haec

82 2446 252 2489 poterunt
278 2443 463 2489 prestare⁴‘
497 2443 604 2488 (Epp.
631 2442 755 2476 Nadal
781 2441 832 2475 IV
858 2440 926 2475 337
955 2440 1054 2483 604).

205 2504 216 2524 ¹
243 2505 281 2538 S.
308 2504 397 2537 Pius
422 2504 460 2537 V.
497 2502 597 2536 bulla
632 2501 746 2535 Roma
775 2502 829 2535 11.
857 2500 994 2545 Aprilis
1023 2499 1114 2534 1567
1151 2498 1236 2533 data
1272 2497 1522 2538 constituerat,
1557 2498 1599 2530 ut
1633 2495 1751 2530 festus
1787 2494 1862 2529 dies

84 2556 118 2592 S.
144 2556 304 2591 Thomae
331 2556 523 2600 Aquinatis
558 2555 594 2589 in
621 2557 699 2590 tota
725 2553 880 2589 ecclesia
910 2552 1234 2597 „quemadmodum
1260 2553 1468 2586 sanctorum
1496 2551 1652 2594 quatuor
1679 2548 1863 2583 Ecclesiae

83 2611 271 2645 doctorum
297 2610 541 2644 festivitates“
576 2608 862 2651 „celebra1·etur“
896 2607 1122 2649 (Euam-ium
1147 2604 1349 2639 Romanum
1367 2604 1436 2639 VII
1463 2602 1683 2645 564-565).

203 2664 216 2684 2
247 2663 404 2708 „Culpae
430 2664 596 2698 dicantur
631 2674 678 2696 ex
713 2663 893 2705 suggestu
920 2688 927 2694 .
949 2688 956 2695 .
976 2687 984 2694 .
1013 2658 1307 2703 Flagellationes,
1344 2669 1435 2701 quas
1462 2656 1616 2690 dicimus
1643 2654 1864 2700 disciplinas,

83 2729 176 2762 quae
202 2717 279 2751 fieri
307 2717 426 2752 solent
459 2717 496 2751 in
522 2716 726 2757 refectorio,
845 2714 935 2748 fiant
969 2725 1079 2758 super
1106 2713 1262 2754 dorsum,
1298 2723 1365 2745 nec
1400 2711 1531 2744 durent
1555 2709 1653 2744 vltra
1684 2709 1863 2754 psalmum

88 2772 136 2806 De
161 2772 349 2817 profundis
376 2799 383 2806 .
404 2799 411 2806 .
431 2799 439 2807 .
467 2770 571 2805 Sacci
606 2772 796 2815 praeterea
830 2768 982 2813 parandi
1019 2779 1064 2801 ex
1089 2767 1164 2801 tela
1190 2767 1306 2810 nigra,
1340 2765 1385 2799 ad
1412 2764 1557 2798 dorsum
1583 2763 1635 2797 ita
1662 2762 1789 2808 aperti,
1825 2768 1866 2796 vt

82 2825 196 2860 libere
221 2825 338 2871 possit
364 2825 527 2859 exerceri
553 2823 764 2868 flagellatiO,
801 2822 862 2856 vbi
889 2821 1031 2866 publice
1057 2820 1142 2855 fit“:
1180 2820 1220 2854 Ρ.
1248 2820 1466 2862 Hieronymi
1491 2818 1638 2851 Natalis
1663 2815 1865 2851 visitatoris

83 2879 274 2913 instructio
304 2878 377 2921 „De
402 2878 681 2913 mortificatione
708 2878 745 2911 et
770 2874 1024 2921 poenitentiis“
1058 2874 1164 2919 (Epp.
1191 2874 1315 2907 Nadal
1341 2872 1391 2906 IV
1420 2871 1640 2914 544—545).

205 2934 217 2952 ³
243 2932 292 2967 Lc
321 2932 375 2973 12,
402 2932 459 2967 32.

204 2988 216 3006 ⁴
244 2985 314 3020 PP.
342 2985 587 3020 Theodoricus
614 2984 783 3020 Canisius
819 2985 855 3017 et
881 2981 1092 3027 Alphonsus
1117 2981 1274 3015 Pisanus
1311 2978 1536 3014 consultores
1564 2976 1761 3023 praepositi
1787 2987 1864 3021 pro-

83 3039 252 3074 vincialis
282 3039 332 3082 (v.
352 3050 463 3084 supra
488 3051 522 3084 p.
544 3038 640 3082 116),
667 3038 762 3072 idem
782 3037 939 3070 Pisanus
966 3047 1008 3070 ac
1034 3035 1107 3069 PP.
1128 3034 1266 3079 Caspar
1291 3033 1483 3067 Haivodus
1509 3034 1545 3066 et
1562 3031 1718 3065 Thomas
1738 3029 1865 3064 Gallus

85 3093 311 3127 consultores
337 3093 488 3127 rectoris
515 3095 619 3126 erant
647 3091 680 3135 (*
696 3091 812 3126 Catal.
842 3090 1051 3133 dilinganus
1077 3100 1123 3123 m.
1150 3087 1242 3123 NOV.
1271 3087 1362 3122 1567
1389 3085 1578 3131 scriptus).
