2044 3335
237 107 337 143 1705.
365 107 450 142 Can.
478 107 517 142 P.
536 107 694 142 Hoffaeo.
736 107 926 142 Monachio
953 108 1048 143 circa
1073 107 1228 142 medium
1254 117 1300 141 m.
1320 105 1551 140 Februarium
1581 104 1683 140 1570.
1754 107 1837 148 389

77 226 318 266 riteneranno‚
340 235 408 267 per
431 224 590 265 soclisfar
607 225 644 256 al
662 225 811 258 Vescono
837 225 871 256 df
887 221 1108 268 Hcrbipoli.“
1145 223 1203 256 Aa
1221 233 1310 265 quae
1327 223 1500 265 Hoffaeus
1521 221 1710 263 Ocniponte
1729 223 1760 254 9.
1775 221 1840 254 Fe-

78 278 221 311 bruarii
247 279 339 311 1570
363 277 517 319 Borqiae
541 278 746 320 rescripsit:
772 278 880 321 „Rem
906 278 1040 311 contuli
1065 287 1141 309 cam
1168 276 1211 309 R.
1230 276 1270 309 P.
1289 276 1459 319 Lanoyo:
1485 275 1585 308 ambo
1610 274 1649 307 in
1674 273 1741 307 hac
1765 284 1840 306 sen—

76 332 186 365 tentia
210 341 342 373 snmus,
367 334 400 362 vt
425 330 536 363 bonas
553 329 591 363 P.
611 331 796 363 Martinus
814 332 964 364 Romam
990 334 1129 364 vocetur
1153 330 1380 362 snaziz'ssimis
1405 329 1551 362 litteris:
1579 328 1642 361 diu
1668 327 1709 360 de
1727 327 1842 360 Socie—

76 389 145 418 tate
162 385 243 417 bene
260 383 406 417 meritus
423 387 481 426 est,
499 383 705 426 videturque
722 384 851 426 capitis
867 384 1079 417 debilitatem
1097 394 1140 415 ex
1157 382 1339 415 laboribus
1357 383 1576 415 cointraoeisse
1592 381 1633 414 in
1651 380 1841 420 societate,-

75 438 194 481 itaque
227 448 270 470 ex
304 437 478 469 charitate
513 436 649 469 ridetur
674 437 860 470 iuuandns
884 437 1159 480 quibuscamque
1185 435 1306 468 modes
1323 460 1331 468 .
1347 462 1353 468 .
1372 461 1379 468 .
1430 435 1624 468 Humiliter
1650 445 1730 468 vero
1757 444 1841 476 royo

76 491 116 524 P.
143 491 180 523 V.
207 490 274 523 hac
307 491 377 523 vice
410 490 477 522 cito
511 493 592 522 (inte
618 489 756 524 Pascha
789 490 860 532 ipsi
892 490 1024 523 scribat
1054 498 1198 532 eumque
1228 492 1363 521 reuocet
1388 488 1549 521 Romam.
1569 514 1576 521 .
1595 513 1603 521 .
1624 514 1632 521 .
1684 487 1843 520 Suadent

76 544 182 577 etiam
206 543 246 576 P.
269 543 435 576 Canisias
469 546 499 575 et
524 542 563 576 P.
582 542 796 576 Leonardus
832 554 872 576 ne
909 543 943 576 in
979 543 1072 576 hanc
1099 541 1330 575 Prouinciam
1357 542 1555 584 recipiatur
1589 541 1681 583 quod
1708 540 1763 574 illi
1788 541 1862 573 ni-·

78 598 209 631 mirum
236 597 282 639 κζ]
307 607 366 630 nec
393 596 492 629 nobis
519 606 588 629 non
613 597 659 629 sit
680 595 951 639 profuturnm!

77 739 231 776 1705.
306 739 525 774 CANISIUS
552 738 613 774 P.
632 737 861 775 PAULO
889 735 1215 774 HOFFAEO
1245 736 1298 773 S.
1319 736 1373 773 J.
1400 736 1604 782 praeposito
1630 736 1841 781 provinciali

267 792 480 828 Germaniae
505 792 710 838 superioris.
849 792 1037 827 Monachio
1064 791 1159 826 circa
1185 791 1341 825 medium
1368 802 1412 824 m.
1432 789 1666 824 Februarium
1693 790 1794 826 1570.

197 863 251 897 Ex
277 863 417 897 Hoffaei
442 862 574 897 litteris
601 862 847 908 autographis.
893 863 935 898 G.
962 862 1028 908 Ep.
1055 862 1106 897 XI
1132 863 1156 897 f.
1176 862 1272 897 212³.

197 936 234 969 P.
255 935 392 968 Paulus
416 934 591 976 Hoffaeas
620 935 837 967 Germaniae
861 935 1061 977 superioris
1080 934 1318 977 provincialis
1348 933 1538 976 Ocniponte
1564 934 1619 966 28.
1647 932 1844 965 Februarii

79 991 172 1022 1570
197 989 234 1022 S.
249 988 446 1021 Francisco
463 988 618 1029 Bo2·92·ae
637 989 842 1030 praeposito
858 988 1019 1031 =(senei-ali
1043 988 1186 1030 scripsit
1203 988 1245 1020 de
1264 988 1302 1020 P.
1318 988 1482 1020 Martino
1501 986 1735 1020 Stevorciiano
1755 986 1792 1019 S.
1805 986 1844 1019 J.

76 1044 317 1076 contionatore
342 1042 555 1083 monacensi,
580 1045 710 1083 royatu
727 1041 911 1074 Friclerici
937 1052 959 1073 a
977 1041 1157 1084 Wirsbery
1182 1041 1335 1084 episcopi
1359 1040 1612 1083 herbipolensis
1638 1040 1685 1072 act
1710 1043 1845 1082 tempus

76 1095 297 1138 Hei-bip0li1n
316 1094 517 1127 contionum
538 1094 574 1126 in
593 1094 735 1127 ecclesia
754 1094 954 1127 cathedrali
970 1094 1215 1128 habendarum
1232 1095 1356 1136 qratia
1373 1095 1479 1127 misso
1499 1096 1547 1134 (v.
1561 1103 1675 1136 supra
1688 1104 1726 1135 p.
1742 1092 1844 1136 329),

76 1150 117 1183 de
142 1148 181 1182 P.
210 1149 367 1182 Antonio
393 1147 504 1180 Vinci»-
525 1147 746 1190 provinciali
769 1147 942 1191 rhenano,
970 1148 1011 1181 de
1036 1148 1075 1181 P.
1108 1148 1259 1191 Georgyio
1285 1148 1408 1181 Bader
1434 1147 1568 1190 colleyii
1593 1146 1846 1189 herbipolensis

77 1207 210 1236 rectore
228 1206 286 1235 etc.
299 1213 311 1234 .·
337 1201 513 1245 „Scripsit
532 1201 860 1234 Reuerendissimns
881 1201 1147 1244 Herbipolensis
1170 1201 1418 1244 superioribas
1435 1201 1557 1234 (liebus
1582 1200 1629 1233 ad
1652 1210 1715 1241 me,
1744 1200 1845 1233 cuius

76 1257 200 1289 literas
235 1256 283 1288 acl
308 1255 351 1288 R.
374 1255 409 1288 V.
435 1255 493 1286 hic
518 1255 617 1287 'mitto
651 1258 684 1287 vt
703 1255 817 1297 possit
845 1255 1007 1288 indicare
1033 1255 1119 1299 quid
1144 1255 1185 1288 cle
1211 1255 1249 1288 P.
1271 1255 1511 1288 Stenordiano
1537 1254 1582 1287 sit
1607 1253 1843 1287 statuendum.

79 1310 248 1352 Vtrinqne
288 1312 370 1341 sunt
404 1308 584 1350 contrarij
615 1308 783 1350 affectus:
824 1308 1022 1351 Episcopus
1063 1308 1134 1341 vnlt
1185 1309 1329 1342 omnino
1363 1310 1515 1341 retinere
1548 1307 1745 1340 hominem:
1785 1306 1845 1339 sed

74 1363 114 1397 P.
134 1362 339 1396 Anthonins
365 1360 476 1394 Vincla
505 1365 535 1393 et
562 1361 689 1394 Rector
715 1362 863 1405 cupiunt
890 1363 1034 1395 omnino
1059 1362 1211 1396 auocari
1235 1361 1275 1395 P.
1294 1362 1510 1404 Martinam,
1546 1365 1575 1393 et
1601 1361 1640 1393 P.
1661 1360 1845 1393 Martinus

76 1416 243 1449 abhorret
285 1415 329 1447 ab
368 1414 543 1458 herbipoli
577 1415 624 1447 vti
658 1414 701 1448 R.
730 1416 767 1448 V.
805 1426 848 1448 eac
883 1416 1062 1458 ipsiusmet
1097 1415 1211 1448 literis
1247 1415 1432 1459 intelliyet,
1471 1425 1559 1458 qaas
1594 1415 1698 1447 etiam
1733 1414 1843 1446 mitto.

74 1470 117 1504 R.
145 1470 185 1503 P.
215 1468 382 1502 Canisius
415 1469 588 1501 transmit
620 1468 851 1501 Monachinm
888 1479 931 1501 ac
968 1468 1056 1501 mihi
1089 1469 1213 1502 scribit
1344 1479 1404 1502 nec
1438 1468 1642 1510 Principem
1676 1478 1738 1500 nec
1772 1467 1845 1500 Do-

74 1523 189 1556 minos
214 1523 348 1555 instare
372 1525 405 1554 vt
430 1521 561 1554 redeat.
600 1522 743 1555 Statuat
768 1522 882 1564 iyitar
906 1522 950 1555 R.
978 1522 1016 1555 P.
1044 1523 1081 1555 V.
1115 1512 1238 1555 eoi-‘his
1264 1523 1357 1565 quod
1385 1523 1422 1555 in
1447 1522 1602 1555 Domino
1627 1520 1846 1553 indicauerit

74 1572 272 1619 erpediref‘
323 1575 370 1608 In
395 1575 518 1607 iisdem
544 1575 673 1608 litteris
697 1575 873 1618 Hoffaeus
898 1576 940 1608 de
957 1575 1191 1608 Stecordiano
1217 1579 1335 1608 notat:
1364 1576 1437 1619 „Ob
1462 1576 1583 1618 templi
1607 1573 1846 1617 [cathedralis

72 1627 348 1672 herbipolensis]
373 1629 595 1662 vastitatem.
617 1655 623 1662 .
644 1655 651 1661 .
680 1629 819 1662 videtur
845 1629 1039 1662 abhorrere
1064 1629 1108 1662 ab
1134 1629 1195 1662 illo
1223 1628 1332 1662 Ioco.·‘

192 1705 348 1749 Boryias
373 1703 485 1747 igitur
511 1703 678 1750 episcopo
704 1704 956 1750 herbipolensi,
992 1704 1107 1738 Roma
1132 1704 1188 1739 25.
1216 1704 1340 1738 Martii
1370 1704 1461 1739 1570
1493 1704 1538 1739 ad
1564 1703 1678 1749 ipsius
1702 1702 1844 1737 litteras

78 1759 132 1793 11.
151 1758 337 1792 Februarii
366 1758 457 1792 1570
484 1757 588 1792 datas
615 1758 846 1803 respondens,
873 1758 915 1792 de
943 1758 982 1793 P.
1003 1757 1240 1793 Stevordiano
1268 1757 1460 1803 *scripsitz
1491 1757 1588 1801 „Ego
1615 1756 1759 1801 quidem
1784 1767 1844 1801 pa-

72 1814 172 1846 ratus
198 1822 279 1846 sum
314 1811 358 1845 ad
394 1811 663 1855 obsequendum
688 1811 732 1846 D.
750 1811 794 1846 V.
821 1811 1158 1846 Reuerendissimae
1194 1813 1230 1846 et
1264 1811 1316 1846 ita
1352 1811 1502 1846 eundem
1530 1811 1653 1845 hortor
1688 1810 1732 1844 ad
1768 1821 1843 1855 per-

73 1865 312 1900 seuerandum
348 1864 457 1899 isthic
491 1865 528 1898 in
554 1864 753 1899 ministerio
779 1865 1069 1910 praedicationis.
1097 1864 1129 1899 si
1161 1867 1281 1900 autem
1307 1864 1528 1899 ualetudinis
1554 1864 1631 1899 eius
1657 1863 1749 1898 ratio
1774 1874 1844 1897 non

73 1919 166 1953 feret
201 1920 242 1952 ut
276 1919 312 1952 in
347 1917 482 1964 templo
519 1918 740 1953 cathedralis
766 1918 951 1953 Ecclesiae
986 1920 1132 1964 propter
1167 1918 1243 1953 eius
1279 1918 1552 1963 amplitudinem
1580 1917 1843 1957 concionetur“,

73 1972 280 2016 episcopum
306 1973 422 2015 rogat,
449 1974 489 2005 ut
512 1972 544 2005 ei
570 1971 752 2006 licentiam
780 1971 849 2006 alio
876 1972 1124 2017 proficiscendi
1150 1972 1334 2006 concedat.
1374 1971 1506 2006 Eodem
1533 1971 1590 2005 die
1615 1970 1685 2016 ipsi
1703 1969 1845 2004 Stevor-

73 2025 177 2059 diano
203 2026 359 2069 Boryias
384 2025 557 2060 *scribitz
589 2025 947 2068 „Reuerendissimus
974 2026 1173 2071 Episcopus
1200 2024 1462 2071 herbipolensis
1565 2026 1667 2070 optat
1684 2023 1725 2058 R.
1745 2026 1844 2058 tuam

72 2078 108 2112 in
134 2078 368 2113 concionandi
393 2089 540 2112 munere
567 2106 598 2113 ..
614 2106 621 2113 .
649 2090 893 2124 perseuerare,
921 2081 957 2113 et
982 2079 1075 2114 binis
1101 2079 1235 2113 litteris
1261 2091 1303 2113 ea
1330 2081 1372 2113 de
1399 2090 1436 2113 re
1463 2078 1556 2113 serio
1582 2078 1627 2112 ad
1652 2089 1708 2111 me
1735 2076 1844 2122 scrip-

71 2132 161 2173 sit“;
189 2132 384 2177 optandum
411 2134 509 2166 certe
535 2143 625 2173 esse,
652 2134 693 2166 ut
718 2132 978 2167 Stevordianus
1004 2132 1181 2167 desiderio
1208 2132 1260 2166 illi
1285 2132 1500 2167 satisfacere
1527 2131 1641 2177 possit
1651 2144 1658 2172 ;
1697 2130 1843 2174 „quodsi

71 2186 151 2230 ipsa
186 2184 409 2230 experientia
436 2185 598 2219 docuerit
625 2186 813 2220 conciones
848 2186 979 2220 summi
1005 2186 1131 2231 templi
1167 2188 1313 2231 propter
1339 2186 1416 2220 eius
1450 2184 1723 2230 amplitudinem
1749 2183 1843 2217 uale-

70 2238 205 2273 tudini“
237 2238 351 2284 ipsius
381 2238 506 2281 „ualde
532 2238 712 2281 officere“‚
750 2239 956 2284 episcopum
987 2239 1103 2282 „haud
1130 2239 1255 2274 dubie“
1286 2239 1356 2274 alio
1382 2239 1489 2274 eundi
1526 2238 1738 2273 facultatem
1764 2248 1843 2271 con·

72 2303 258 2327 cessurum
285 2303 382 2333 esse;
423 2292 655 2334 „tentandum
691 2292 761 2326 erit
793 2294 915 2327 tamen
948 2293 1047 2338 prius
1083 2305 1128 2327 an
1154 2293 1472 2328 Reuerendissimo
1498 2290 1750 2336 Herbipolensi
1785 2290 1841 2324 ob·

71 2346 174 2390 sequi
200 2346 277 2380 sine
304 2345 509 2380 discrimine
535 2345 775 2380 ualetudinis“
805 2346 937 2391 possit;
975 2347 1031 2381 sin
1059 2349 1178 2381 autem
1205 2358 1332 2392 reapse
1358 2358 1428 2381 non
1453 2345 1578 2391 possit,
1606 2344 1841 2389 Oenipontem

72 2401 104 2434 ei
139 2399 436 2445 proficiscendum
473 2410 564 2434 esse.
615 2398 778 2443 Denique
812 2399 1001 2434 Hoffaeum
1028 2401 1183 2444 Boryias
1217 2400 1331 2435 Roma
1359 2401 1413 2434 17.
1440 2399 1533 2434 Iunii
1561 2399 1652 2433 1570
1679 2397 1844 2432 *monuit

75 2453 158 2497 (non
185 2452 304 2487 solum
321 2452 511 2486 Albertum
523 2451 566 2486 V.
586 2452 763 2487 Bavariae
790 2453 917 2487 ducem
944 2456 981 2488 et
1007 2453 1187 2488 Simonem
1207 2453 1439 2488 Thaddaeum
1464 2453 1540 2487 Eok
1567 2451 1679 2497 ipsius
1705 2450 1843 2485 cancel-

70 2507 209 2548 larium,
236 2506 299 2541 sed
327 2505 435 2540 etiam
463 2505 729 2540 Ferdinandum
755 2506 800 2541 11.
824 2507 1053 2541 archiducem
1069 2507 1270 2552 Tirolisque
1296 2506 1495 2552 principem
1523 2503 1842 2548 commemorans):

74 2560 161 2603 „Del
188 2560 226 2594 P.
245 2560 402 2594 Martino
430 2559 668 2600 Stiuordiano,
696 2559 756 2603 gia
781 2560 812 2594 si
840 2562 858 2594 e
884 2561 1014 2595 scritto
1039 2560 1132 2594 altre
1158 2561 1266 2602 nolte,
1293 2559 1442 2594 facciasi
1469 2559 1553 2604 quel
1580 2558 1647 2594 che
1665 2558 1709 2593 V.
1729 2558 1841 2592 Reue-

72 2613 189 2649 rentia
214 2613 344 2655 scriue,
379 2613 474 2648 nelle
501 2613 557 2647 cui
584 2613 680 2647 mani
706 2613 849 2647 rimetto
876 2615 971 2648 tutto
998 2613 1128 2658 quello,
1165 2614 1230 2648 che
1265 2626 1286 2648 a
1320 2614 1371 2648 lui
1398 2615 1510 2655 tocca,
1546 2613 1621 2647 Hor
1655 2612 1689 2646 lo
1720 2611 1841 2655 uoglia

70 2667 220 2702 mandat
245 2678 266 2701 a
290 2666 480 2701 Monachio
506 2678 573 2701 con
598 2666 632 2701 le
658 2666 870 2701 condittioni
896 2666 962 2701 che
988 2667 1034 2701 ha
1060 2667 1187 2702 scritto
1213 2667 1249 2701 al
1269 2667 1478 2702 Cancelario
1493 2668 1515 2708 ¹,
1540 2666 1606 2701 hor
1632 2678 1652 2701 a
1678 2665 1842 2711 predicar

69 2719 334 2762 all’Arciduca,
360 2720 425 2755 hor
444 2732 464 2754 a
482 2720 607 2762 Roma,
634 2720 699 2754 hor
718 2732 738 2754 a
757 2720 953 2765 Herbipoli,
980 2720 1045 2755 hor
1071 2720 1289 2762 licenciarlo,
1317 2723 1352 2755 et
1378 2720 1471 2755 neda
1497 2721 1565 2755 ben
1592 2719 1676 2765 quel
1702 2719 1767 2754 che
1793 2719 1839 2760 fa,

70 2786 89 2808 e
105 2774 268 2818 tengassi
287 2775 391 2808 conto
416 2773 453 2808 in
478 2773 593 2819 primo
619 2773 697 2809 loco
716 2785 757 2808 co
769 2773 792 2808 'l
811 2773 912 2808 Duca
930 2773 965 2808 di
985 2774 1149 2815 Bauiera,
1175 2786 1194 2808 e
1221 2775 1336 2820 doppo
1362 2774 1413 2808 lui
1440 2785 1505 2808 con
1522 2773 1544 2808 l’
1558 2772 1835 2818 Herbipolense“

72 2827 133 2872 (ex
160 2826 378 2872 apographis
405 2827 516 2862 eiusd.
544 2829 673 2873 temp.;
709 2827 830 2862 Germ.
858 2827 903 2862 70
929 2827 954 2862 f.
975 2828 1036 2862 79¹²
1064 2827 1155 2872 93¹²).

192 2988 202 3008 ¹
230 2989 403 3031 Hoffaeus
436 2988 591 3032 Borgiae
626 2988 794 3032 Augusta
828 2988 885 3022 27.
911 2987 999 3022 Maii
1028 2987 1119 3022 1570
1154 2986 1398 3033 *scripseratz
1439 2987 1498 3030 „P.
1526 2986 1784 3022 Steuordianus
1820 2998 1840 3021 a

69 3041 292 3076 Cancellario
330 3041 472 3076 nomine
506 3041 618 3076 Ducis
653 3041 829 3076 Bauariae
864 3041 1044 3076 instanter
1078 3040 1310 3076 Monachium
1344 3041 1539 3086 repetitur“
1582 3040 1644 3086 (ex
1678 3044 1837 3084 autogr.;

71 3095 113 3130 c.
141 3095 205 3141 Ep.
232 3094 282 3129 XI
308 3095 333 3130 f.
353 3094 451 3139 183).
