2044 3335
644 114 843 159 Oeniponte
872 114 926 149 10.
945 113 1110 148 Octobris
1139 113 1240 148 1571.
1739 110 1821 151 481

182 234 475 276 Reuerentcra
515 232 680 274 salutat
715 231 1022 273 Reuerentiam
1066 230 1203 271 Tuam
1245 230 1296 271 D.
1332 229 1409 271 Sot
1449 227 1612 269 amicus
1654 225 1824 279 collegij

62 303 107 342 et
138 298 361 341 societatis
393 296 651 351 praecipuus
670 298 695 345 1,
730 299 935 349 totusque
968 293 1260 349 podaggicusb
1288 297 1331 335 et
1364 292 1632 347 epilepticus.
1682 291 1827 343 Rogat

62 367 304 419 praeterea,
348 365 396 404 ut
428 361 533 403 nihil
566 361 678 403 desit
710 361 795 402 filio
831 360 1064 402 Godefrido
1099 360 1276 408 Romae,
1320 361 1368 401 ut
1400 357 1616 406 nuntiant,
1654 355 1824 397 decum-

62 428 194 479 benti,
218 428 269 469 de
292 442 375 481 quo
394 427 506 469 scire
524 427 642 480 cupit
665 426 764 479 quid
789 439 966 480 sperare
988 425 1138 479 possit,
1164 423 1350 476 quidque
1374 422 1620 464 faciundum
1639 420 1828 462 iudicent

65 495 258 536 Patres2.
322 492 508 534 Miratur
541 506 596 533 ex
636 494 775 545 parte,
819 491 938 532 illum
979 490 1094 532 inter
1125 490 1297 530 nostros
1337 487 1497 529 diutius
1530 501 1614 528 non
1647 484 1828 534 uersari,

63 572 202 611 neque
242 557 460 610 intelligit.
505 571 559 598 an
601 556 659 598 sit
699 556 758 597 illi
802 557 958 604 tutum,
1001 568 1096 596 cum
1130 553 1294 595 exteris
1326 552 1491 593 Romae
1529 552 1663 593 uitam
1697 563 1829 603 agere

63 624 442 675 ualetudinemque
477 635 642 664 curare.
692 621 837 662 Pauca
869 621 905 662 si
937 621 1073 662 bonus
1107 632 1264 673 parens
1298 618 1350 659 de
1382 617 1469 659 filio
1496 616 1706 666 rescierit,
1740 630 1828 657 ma-

63 703 193 742 gnam
229 691 346 730 certe
380 687 522 741 capiet
555 687 838 740 uoluptatem.

181 753 355 794 Librum
388 752 614 794 nostrumss
636 751 800 792 Romae
835 765 917 791 non
951 749 1097 791 recudi
1130 748 1257 790 facile
1290 747 1396 797 fero,
1440 746 1514 788 sed
1549 760 1623 787 oro
1656 744 1829 786 interim

65 818 124 861 .Ρ.
160 817 456 866 Emanuelem,
499 819 546 858 ut
588 816 736 858 mittat
777 815 830 857 ad
866 828 933 856 me
976 827 1200 856 censuram
1234 811 1390 866 prioris
1432 811 1569 865 partis
1612 824 1722 863 quae
1755 823 1830 863 po-

62 887 224 926 stremo
258 883 340 924 fuit
373 882 489 923 edita
514 916 521 923 .
546 880 625 922 nisi
659 881 847 922 fortasse
880 879 1004 921 nouis
1037 878 1151 933 apud
1173 879 1224 920 D.
1250 878 1425 920 Petrum
1454 875 1727 918 contionibus
1758 874 1830 915 ille

63 949 124 990 sic
156 947 388 1001 impeditus
420 949 500 996 est,
541 947 589 987 ut
622 946 732 987 hanc
765 945 865 986 mihi
901 958 1077 998 operam
1110 957 1238 997 porro
1271 945 1497 996 praestare
1532 955 1616 982 non
1649 939 1787 994 possit
1800 940 1829 981 4.

63 1013 293 1055 Jllustriss.
317 1011 557 1054 Cardinalis
580 1010 916 1063 Augustanus⁰5
948 1009 1083 1051 multa
1117 1007 1259 1062 operis
1292 1006 1562 1061 exemplaria
1594 1005 1675 1046 sibi
1707 1004 1833 1046 iussit

65 1078 241 1120 aduehi:
276 1077 432 1118 uellem
466 1090 520 1117 ex
553 1075 618 1117 his
652 1075 804 1117 donari
837 1075 1049 1128 quaedam
1074 1073 1123 1116 R.
1148 1073 1196 1115 T.
1222 1076 1269 1114 ut
1302 1086 1378 1126 pro
1403 1086 1479 1113 suo
1511 1071 1725 1113 arbitratu
1758 1070 1832 1111 illa

64 1143 297 1186 distribuat
328 1142 442 1184 inter
474 1143 660 1183 nostros.
1230 1144 1242 1154 ”

184 1208 230 1251 Ρ.
265 1207 560 1249 Salmeronem
604 1205 730 1248 audio
772 1206 815 1246 in
859 1218 989 1259 opere
1022 1218 1098 1246 suo
1133 1203 1332 1257 egregios
1374 1215 1631 1256 progressus
1672 1201 1831 1251 facere,

65 1273 176 1327 quod
210 1272 518 1327 periucundum
543 1274 610 1313 est
641 1271 777 1319 nobis,
812 1271 883 1323 qui
918 1284 1002 1311 non
1030 1269 1277 1311 dubitamus
1306 1269 1425 1309 illum
1450 1267 1675 1321 praeclara
1697 1266 1834 1319 scrip-

65 1342 210 1381 turum
252 1352 329 1392 pro
371 1351 539 1378 summa
580 1336 741 1389 ingenij
788 1336 853 1378 sui
894 1335 1233 1377 foecunditate6.
1299 1334 1525 1386 Reliquam
1568 1335 1737 1386 partem
1781 1331 1832 1372 de

66 1403 204 1445 literis
252 1403 420 1445 ι111111015
464 1401 618 1444 Latine
666 1415 838 1443 uersam
885 1400 1053 1454 ingenti
1101 1414 1196 1442 cum
1246 1399 1459 1440 desiderio
1507 1396 1832 1451 expectamus?

66 1470 249 1511 Doctam
292 1467 510 1522 syntaxim
546 1481 571 1508 a
604 1466 812 1509 Lusitano
854 1466 1142 1520 conscriptam
1179 1465 1404 1506 uidimusss.
1472 1463 1646 1505 Vtinam
1680 1465 1836 1516 pergat

186 1547 213 1571 a)
234 1544 280 1568 Ita
296 1544 324 1568 C.
339 1543 466 1567 correxit
480 1550 516 1567 ex
529 1541 679 1567 reuenter.
754 1541 783 1569 b}
806 1542 850 1565 Ita
868 1542 895 1565 C.
911 1541 1019 1565 corerit
1035 1548 1070 1565 ex
1084 1538 1267 1572 podargicus
1283 1540 1325 1564 vel
1340 1537 1530 1571 podragicus.
1604 1538 1630 1567 c)
1654 1538 1712 1562 Hoc
1727 1545 1750 1561 υ.
1765 1545 1791 1562 α.
1807 1537 1834 1560 C.

65 1587 94 1611 in
117 1586 247 1617 marqine
267 1585 401 1610 additum
422 1587 472 1609 est.

191 1669 459 1704 'Sebastianus
494 1668 573 1701 Zott
614 1667 657 1700 de
696 1667 863 1709 Pernegg
906 1665 1131 1700 consiliarius
1171 1665 1396 1708 „regiminis“
1439 1663 1605 1697 Austriae
1643 1662 1838 1708 superioris

68 1723 267 1768 Oeniponte
302 1721 489 1756 constituti
520 1721 580 1763 (cf.
611 1721 696 1755 Can.
734 1720 783 1753 lV
810 1720 913 1759 58⁴2&
949 1719 981 1753 V
1009 1719 1059 1762 5).
1110 1719 1149 1752 In
1185 1718 1333 1762 antiqua
1368 1718 1430 1752 illa
1464 1720 1481 1736 ’κ’
1495 1719 1659 1751 Historia
1698 1715 1838 1758 collegii

67 1776 296 1821 oenipontani
321 1775 411 1809 11360
446 1777 638 1808 narrantur
672 1774 707 1807 in
734 1785 764 1808 a.
795 1774 905 1807 1565:
947 1773 1130 1815 „Studium
1166 1771 1258 1817 apud
1295 1771 1432 1805 nobiles
1468 1771 1628 1805 homines
1663 1770 1778 1804 creuit
1804 1770 1839 1802 in

67 1842 171 1864 sacra
196 1829 327 1874 synaxi
353 1828 578 1872 frequentius
605 1827 778 1867 adeunda,
806 1826 906 1860 cuius
927 1827 979 1860 rei
1006 1826 1115 1860 duces
1141 1837 1179 1859 se
1207 1825 1369 1869 inprimis
1396 1825 1638 1869 praebuerunt
1657 1823 1695 1857 D.
1716 1823 1838 1857 Zottus

68 1887 105 1918 et
130 1884 171 1918 D.
198 1883 408 1922 Mechelius,
439 1881 569 1926 quibus
596 1881 722 1915 deinde
759 1880 895 1914 socium
931 1892 969 1913 se
1006 1879 1171 1913 adiunxit
1198 1878 1443 1912 Cancellarius
1471 1877 1704 1911 Klecklerus“
1738 1876 1838 1919 (Cod.

73 1937 186 1978 „Hist
214 1936 291 1971 coll.
320 1935 427 1970 Oen.“
460 1948 492 1980 p.
511 1934 633 1978 4—5).
677 1936 852 1968 Reium-ns
869 1934 1062 1967 Fabricius
1088 1932 1122 1967 S.
1143 1933 1175 1966 J.
1202 1933 1238 1965 in
1264 1935 1281 1950 Ξ·
1298 1932 1442 1965 Litteris
1468 1931 1596 1965 annuis
1626 1930 1839 1965 Germaniae

68 1990 269 2035 Superioris
306 1989 525 2033 lngolstadio
552 1989 607 2023 26.
636 1987 856 2032 Septembris
893 1988 979 2021 1571
1015 1986 1108 2020 datis
1146 1986 1188 2019 de
1216 1985 1327 2019 Sociis
1364 1985 1630 2030 oenipontanis:
1672 1984 1737 2026 „Et
1771 1984 1839 2029 pri-

69 2045 182 2078 maria
207 2043 375 2077 nobilitas
402 2054 491 2087 pene
510 2042 623 2076 omnis
643 2068 650 2075 .
668 2069 674 2075 .
692 2068 698 2075 .
719 2041 819 2075 nobis
838 2040 1038 2081 confitetur,
1065 2042 1101 2074 et
1118 2039 1281 2084 plerique
1301 2039 1444 2080 ciuium,
1472 2050 1540 2072 non
1560 2038 1649 2072 alios
1670 2037 1840 2072 libentius

69 2109 175 2142 quam
203 2101 345 2130 nostros
371 2096 439 2130 sibi
467 2095 713 2129 Confessarios
740 2094 897 2137 eligu11t“
932 2096 991 2135 (ex
1019 2093 1235 2138 archetyp03
1265 2092 1306 2126 G.
1334 2092 1398 2137 Ep.
1427 2092 1506 2126 coll.
1534 2092 1549 2125 Ι
1576 2092 1600 2125 f.
1629 2091 1744 2134 29012).

189 2152 201 2171 ²
230 2151 296 2184 Hic
322 2162 366 2183 m.
395 2149 541 2183 Octobri
568 2160 599 2183 a.
630 2149 719 2182 1569
754 2148 790 2182 in
826 2147 1016 2191 collegium
1053 2147 1299 2190 germanicum
1333 2147 1448 2180 denuo
1475 2148 1625 2179 venerat
1657 2145 1840 2179 convictor

71 2205 122 2247 (v.
151 2215 259 2248 supra
285 2215 318 2248 p.
347 2202 415 2237 335
428 2203 468 2246 6).

191 2258 203 2277 ³
230 2256 281 2290 De
309 2255 343 2290 S.
370 2256 502 2290 Ioanne
529 2254 703 2300 Baptista.

188 2312 200 2330 4
227 2309 279 2343 De
305 2309 372 2343 hac
399 2320 550 2343 censura
576 2320 610 2342 v.
637 2319 746 2352 supra
773 2320 806 2353 p.
825 2308 906 2342 475.
946 2307 985 2341 P.
1007 2307 1196 2341 Francisco
1224 2306 1351 2340 Toleto
1371 2305 1404 2339 S.
1425 2306 1457 2340 J.
1486 2306 1519 2339 in
1549 2305 1733 2339 Poloniam
1760 2316 1840 2338 cum

70 2363 243 2398 cardinali
270 2362 532 2398 Commendono
551 2362 661 2395 misso
682 2362 732 2405 (v.
751 2373 860 2406 supra
886 2373 919 2406 p.
938 2362 1037 2402 416),
1065 2362 1141 2394 eius
1168 2360 1244 2394 1060
1263 2360 1302 2394 P.
1323 2359 1535 2394 Emmanuel
1562 2359 1631 2393 Saa
1658 2359 1842 2393 contiones

71 2418 115 2451 ad
142 2417 246 2451 Pium
265 2416 307 2451 V.
335 2415 539 2461 pontificem
578 2414 709 2448 habere
735 2414 855 2448 iussus
883 2416 960 2448 erat
988 2414 1213 2456 (Sacchc‘nus,
1251 2414 1344 2447 Hist.
1374 2413 1407 2447 S.
1428 2413 1460 2447 J.
1493 2412 1550 2451 111,
1587 2412 1608 2446 1.
1639 2413 1670 2452 7,
1706 2424 1737 2446 n.
1768 2413 1840 2455 17).

191 2472 204 2490 ⁵
231 2469 315 2504 Otto
342 2468 551 2508 Truchsess,
579 2467 712 2502 Romae
739 2467 884 2510 degens.

192 2525 204 2543 ⁶
230 2524 270 2558 P.
297 2523 505 2568 Alphonsus
541 2521 726 2556 Salmeron
761 2522 906 2555 hortatu
932 2520 966 2556 S.
994 2520 1175 2555 Francisci
1204 2520 1357 2563 Borgiae
1393 2523 1428 2553 et
1462 2519 1656 2553 multorum
1692 2518 1842 2553 aliorum

72 2589 103 2612 a.
133 2577 223 2612 1569
249 2576 399 2621 Neapoli
425 2587 509 2610 suos
536 2575 571 2609 in
598 2575 738 2609 Novum
766 2574 1038 2608 Testamentum
1065 2574 1340 2608 commentarios
1377 2572 1475 2617 prelo
1502 2584 1628 2617 parare
1655 2575 1841 2617 coeperat;

72 2631 132 2675 qui
158 2630 314 2671 tandem,
342 2630 419 2674 ipso
446 2640 476 2663 a.
499 2629 587 2663 1585
615 2628 744 2662 ibidem
772 2630 922 2665 mortuo,
958 2627 1097 2661 Matriti
1125 2639 1154 2661 a.
1186 2627 1416 2661 1597—1601
1446 2626 1687 2660 voluminibus
1709 2627 1750 2660 16
1773 2626 1843 2671 pri-

72 2696 168 2718 mum
197 2683 358 2727 evulgati
392 2685 477 2717 sunt
506 2682 704 2727 (Epistol-ae
733 2682 953 2715 Salmerom's
978 2681 993 2714 I
1020 2691 1311 2720 XXIV—xxx111;
1349 2680 1381 2713 11
1418 2680 1481 2714 187
1514 2681 1577 2714 191
1613 2680 1693 2714 202.
1743 2682 1843 2715 Graes.

73 2739 187 2772 Boero
215 2738 248 2772 S.
278 2737 322 2777 J.,
348 2736 433 2770 Vita
461 2735 516 2770 del
543 2735 654 2769 Servo
682 2735 715 2769 di
744 2735 809 2769 Dio
836 2735 875 2768 P.
905 2734 1052 2768 Alfonso
1078 2734 1294 2773 Salmerone,
1331 2734 1478 2768 Firenze
1508 2733 1608 2773 1880,
1647 2733 1842 2768 121—123.

74 2793 109 2825 J.
137 2792 228 2834 Euy.
254 2792 296 2824 de
321 2791 465 2824 Uriarte
491 2789 525 2824 S.
553 2790 597 2829 J„
634 2788 807 2832 Catalogo
843 2788 1019 2822 razonado
1055 2787 1098 2821 de
1125 2787 1240 2821 Obras
1277 2787 1462 2821 anonimas
1487 2798 1512 2831 y
1538 2787 1766 2821 seudonimas
1802 2788 1844 2821 de

73 2847 228 2879 Antores
254 2844 296 2877 de
322 2843 356 2877 la
375 2843 571 2888 Compania
597 2843 640 2876 de
659 2843 766 2876 desus
794 2842 1079 2886 pertenecientes
1105 2843 1125 2874 a
1153 2841 1186 2875 la
1212 2842 1362 2884 antigua
1380 2841 1585 2875 Asistencia
1603 2841 1783 2885 Espafiola
1801 2841 1844 2883 ΙΙ,

75 2897 214 2931 Madrid
244 2897 345 2937 1904,
372 2896 560 2931 505-508
587 2895 685 2938 532).

196 2951 208 2970 ⁷
234 2950 325 2984 Vide
350 2961 459 2994 supra
485 2961 517 2994 p.
546 2949 625 2983 337.

197 3004 209 3023 ⁸
238 3003 310 3046 „De
337 3003 601 3037 constructione
627 3005 707 3036 octo
734 3002 890 3046 partium
921 3000 1102 3041 orationis,
1129 3000 1220 3035 liber
1246 3000 1490 3035 Emmanuelis
1509 3000 1645 3042 Alvari,
1672 3001 1846 3043 Lusitani,

77 3069 95 3090 6
122 3056 300 3091 Societate
335 3057 442 3098 Jesu,
481 3068 561 3091 cum
600 3055 901 3100 explicationibus
936 3054 1105 3088 Auctoris
1143 3054 1324 3099 ejusdem“
1363 3054 1516 3100 primum
1553 3054 1714 3089 Venetiis
1753 3055 1846 3100 apud

78 3109 291 3144 Michaelem
317 3109 587 3144 Tramezzinum
615 3121 644 3143 a.
674 3110 762 3143 1571
793 3108 921 3142 editus.
974 3108 1185 3142 Emmanuel
1214 3108 1368 3142 Alvarez
1398 3108 1680 3152 (1526—1582),
1716 3120 1760 3143 ex
1797 3109 1845 3142 in·

149 3174 461 3206 Braunsbcrger‚
482 3173 593 3200 Canisii
613 3173 769 3207 Epistulae
790 3174 820 3199 et
839 3173 926 3199 Acta.
957 3172 1005 3197 VI.
1514 3169 1556 3201 31
