2044 3335
498 97 593 132 Mon.
620 97 688 132 982
714 97 792 132 sive
818 108 895 131 oen.
918 96 1007 140 (10).
1052 97 1106 132 17.
1124 96 1281 131 Ianuarii
1309 96 1409 131 1568.
1754 96 1837 137 615

74 213 116 256 di
156 228 310 268 passar
342 227 368 256 a
400 214 556 267 quello.
620 215 693 257 Ma
730 215 773 256 la
805 215 951 257 Prima
983 229 1068 256 non
1100 214 1156 256 ha
1188 214 1408 267 seguitato
1440 213 1481 255 10
1514 212 1576 256 131
1611 210 1839 264 3333131110.

72 279 191 321 Jtem
223 278 259 320 si
292 278 491 321 confessa
523 280 566 321 la
588 279 734 321 Prima
765 280 882 321 nella
913 293 992 321 sua
1023 278 1200 333 Capella
1232 277 1423 332 (laquale
1454 291 1561 332 pero
1594 279 1616 319 3
1644 273 1841 331 [senza]⁸

72 344 222 396 stuffa)
254 344 297 386 Jl
331 344 408 386 che
439 344 676 386 sarebbono
709 345 750 386 le
782 344 894 387 altre
926 346 1042 387 tutte
1074 357 1121 385 se
1152 343 1183 384 11
1206 343 1399 385 Secondo
1432 342 1462 385 il
1485 341 1715 384 Confessor
1746 340 1839 382 loro

72 410 246 462 potesse
279 407 420 463 patire
452 409 482 450 il
523 408 676 450 freddo
710 409 823 450 della
855 408 1032 463 Capella
1065 407 1204 459 (come
1238 406 1350 461 dice)
1384 409 1428 450 et
1459 407 1496 449 si
1536 407 1581 449 la
1613 406 1734 448 detta
1768 419 1841 447 33-

72 473 188 527 pella
219 473 248 514 li
290 473 406 516 fosse
439 476 483 516 et
515 488 540 516 a
572 473 602 515 li
635 473 738 515 altri
779 476 903 515 tanto
938 472 1162 515 commoda
1195 486 1316 514 30133
1348 473 1491 525 quella
1525 472 1657 514 stuffa
1689 485 1713 512 o
1746 470 1842 512 sala

73 538 222 588 calda3
256 539 296 580 le
319 539 431 581 altre
465 538 604 580 donne
638 538 680 580 di
713 539 842 580 bassa
875 538 1042 591 qualita
1074 537 1217 578 hanno
1250 537 1291 578 di
1325 536 1590 579 confessarsi
1621 536 1664 577 in
1688 536 1843 588 questa

73 602 219 644 chiesa
250 605 413 646 nostra.
438 637 447 646 .
473 638 481 645 .
509 638 516 646 .
566 603 621 646 N.
655 603 834 656 Lanoyo
869 637 878 646 .
905 637 913 645 .
940 637 948 645 .
982 616 1067 644 non
1099 615 1148 643 sa
1184 601 1267 642 ben
1298 601 1341 643 la
1372 601 1522 654 lingua
1554 601 1733 644 todesca
1765 613 1843 654 per

72 670 199 721 poter
219 668 381 710 sentire
405 668 690 721 confessionj;
718 683 800 723 per
822 673 967 723 questa
990 681 1118 709 causa
1140 666 1367 708 rifiutorno
1394 666 1423 707 il
1459 666 1578 708 detto
1601 665 1647 708 P.
1673 664 1843 718 quando

73 732 103 774 il
136 733 182 775 P.
206 732 477 775 Prouinciale
509 733 552 775 in
585 747 711 775 nome
745 733 787 775 di
818 733 870 775 V.
897 733 941 774 P.
965 733 1007 774 lo
1039 745 1225 786 propose
1365 730 1534 780 Quanto
1564 744 1589 772 a
1622 729 1717 782 quel
1754 729 1843 771 fer—

72 797 166 840 oolo
200 798 464 851 quotidiano,
498 812 582 840 non
616 798 652 840 si
676 801 698 839 3
720 800 874 852 potuto
908 797 1072 839 abolire
1104 810 1158 838 ne
1191 795 1413 850 impedire,
1447 795 1525 837 ohe
1548 809 1634 836 non
1657 794 1691 836 si
1719 808 1843 836 man-

73 862 213 906 dasse.
275 862 440 906 Auanti
472 863 515 905 13
548 862 678 905 visita
711 863 780 904 del
812 863 859 905 P.
893 862 1055 904 Natale
1087 862 1115 903 l’
1140 875 1253 903 anno
1288 863 1372 905 .66.
1406 860 1442 902 si
1475 860 1704 910 mandaua,
1744 873 1843 902 sera

73 931 116 970 et
148 927 326 977 matina,
360 927 454 969 fece
486 927 544 969 lui
578 928 657 969 3113
689 941 773 969 303
806 927 841 969 31
874 927 1106 969 mandasse
1138 940 1243 968 seno
1266 940 1354 968 vna
1376 925 1496 968 uolta
1529 925 1559 968 il
1592 925 1648 979 dj.
1697 924 1742 966 Jl
1765 923 1842 965 ohe

71 992 154 1034 sie
177 995 376 1035 0113111110
411 995 454 1034 31
485 1006 568 1034 303
603 992 688 1046 1113.
737 993 796 1035 Ε1
829 993 977 1034 ordino
1012 991 1090 1034 3113
1122 991 1158 1034 31
1191 993 1466 1046 computasse
1498 1004 1576 1045 per
1597 1003 1685 1032 vna
1717 991 1842 1043 parte

71 1058 185 1100 della
216 1057 415 1112 portione
449 1057 699 1108 domestica,
733 1058 956 1100 mettendo
988 1060 1113 1100 tanto
1147 1071 1300 1099 manco
1334 1070 1463 1098 carne
1487 1070 1510 1098 o
1534 1056 1649 1098 altra
1671 1068 1773 1097 3033
1799 1054 1842 1096 31

70 1122 236 1166 fuocco.
299 1122 344 1164 ι11
386 1122 464 1164 3113
506 1122 542 1164 31
575 1136 598 1163 3
631 1136 801 1176 33311113
842 1122 970 1166 fatto,
995 1156 1005 1166 .
1030 1157 1038 1165 .
1065 1155 1074 1164 .
1123 1121 1248 1164 Oltra
1286 1121 1328 1163 di
1369 1125 1522 1175 questo
1556 1121 1592 1162 31
1624 1120 1841 1162 mandaua

70 1187 400 1230 distintamente
442 1202 527 1229 non
559 1202 616 1228 vn
658 1187 823 1229 ferculo
863 1202 933 1230 ma
977 1185 1045 1242 [4]
1080 1201 1103 1229 0
1137 1187 1291 1240 cinque
1332 1201 1409 1241 per
1449 1187 1479 1228 il
1511 1186 1558 1230 P.
1592 1186 1840 1228 Hetzcoueo

68 1253 157 1296 alla
178 1252 365 1295 mattina
387 1256 431 1296 31
463 1253 550 1295 3113
572 1266 689 1301 3313;
723 1253 766 1295 N
769 1253 854 1295 ella
877 1253 1178 1295 commissione
1203 1253 1271 1295 del
1295 1253 1340 1297 P.
1365 1252 1535 1294 Canisio
1569 1252 1614 1293 fu
1639 1253 1839 1293 ottenuto

70 1318 148 1360 che
179 1332 265 1360 11011
297 1318 334 1360 31
366 1318 647 1360 mandassem
680 1318 795 1360 tanti
836 1318 990 1360 fercoli
1029 1318 1142 1360 delle
1174 1318 1338 1372 regine,
1380 1331 1434 1359 ne
1466 1331 1544 1371 per
1577 1331 1633 1358 vn
1665 1315 1840 1370 proprio

69 1383 282 1426 3311111013
315 1397 369 1425 113
401 1386 525 1426 131113
557 1383 796 1437 pignatelle
829 1398 900 1426 ma
932 1383 1111 1426 insieme
1144 1383 1211 1426 301
1243 1383 1404 1425 feroolo
1439 1395 1678 1431 commune,
1712 1384 1755 1424 31
1784 1395 1842 1423 va

70 1449 389 1503 perseuerando
422 1450 465 1491 la
498 1463 599 1491 cosa
632 1447 674 1490 di
716 1451 872 1501 questa
903 1449 1110 1491 maniera.
1173 1449 1293 1491 Jtem
1326 1448 1362 1490 si
1393 1447 1610 1489 mandano
1644 1446 1744 1488 duoi
1776 1445 1841 1487 vi-

69 1514 173 1556 telle
205 1513 438 1556 3301113313
470 1514 570 1567 ogni
612 1514 860 1557 settimana.
925 1514 968 1557 Jl
1010 1513 1086 1555 ohe
1118 1527 1205 1556 non
1237 1513 1274 1555 si
1306 1513 1456 1555 soleua
1494 1511 1602 1564 fare,
1645 1512 1726 1553 ben
1760 1511 1839 1553 3113

70 1593 128 1620 vn
161 1581 363 1621 castrone
397 1594 420 1621 O
453 1594 540 1621 VHa
572 1593 744 1633 pecora.

187 1650 342 1692 Boryias
376 1649 489 1683 Roma
525 1650 556 1683 5.
585 1648 770 1683 Februarii
808 1649 898 1684 1568
937 1648 1069 1683 Lanoio
1108 1649 1272 1693 scripsit:
1311 1647 1551 1692 Magdalenae
1590 1646 1763 1688 instaret,
1800 1647 1842 1680 ut

67 1701 247 1736 cotidiana
274 1701 431 1736 ciborum
459 1702 628 1737 missione
654 1714 801 1747 prorsus
819 1702 1090 1747 supersederet;
1117 1702 1173 1736 sin
1200 1704 1318 1736 autem
1347 1701 1382 1736 id
1408 1700 1595 1746 impetrari
1612 1712 1682 1734 non
1708 1701 1839 1745 posset,

67 1753 200 1790 Lanoio
226 1756 423 1790 curandum
450 1767 539 1798 esse,
565 1768 610 1790 ne
637 1756 829 1800 quicquam
853 1755 911 1790 vel
937 1755 1122 1789 minimum
1142 1755 1303 1790 ciborum
1330 1755 1471 1789 illorum
1499 1754 1636 1788 duobus
1662 1753 1734 1787 illis
1760 1764 1840 1787 con-

68 1809 233 1843 fessariis
259 1809 419 1849 daretur3
448 1809 541 1853 quod
568 1809 599 1843 31
625 1809 771 1853 reginae
798 1808 1066 1854 comperissent,
1103 1809 1200 1854 ipsas
1227 1809 1324 1843 cibos
1350 1808 1492 1842 mittere
1528 1809 1734 1842 cessaturas
1761 1816 1840 1840 esse

70 1863 175 1908 (Epp.
201 1863 323 1897 Nadal
349 1862 399 1896 Ill
426 1863 643 1906 807-808).

67 1977 178 2013 982
209 1979 287 2013 sive
325 1987 446 2014 oen.
474 1978 606 2024 (10).
707 1977 1014 2015 SANCTUS
1054 1977 1485 2014 FRANGISCUS
1525 1975 1838 2013 BORGIAS

257 2032 484 2078 praepositus
519 2032 700 2076 generalis
734 2033 927 2068 Societatis
962 2033 1044 2067 Iesu
1079 2032 1277 2067 venerabili
1303 2030 1638 2066 MAGDALENAE
1675 2030 1839 2065 archidu-

258 2086 373 2121 oissae
399 2087 580 2120 Austriae.
1285 2086 1398 2120 Roma
1428 2086 1481 2120 17.
1502 2084 1659 2120 Ianuarii
1689 2084 1790 2119 1568.

186 2145 241 2180 Ex
267 2145 473 2190 apographo
500 2145 658 2180 eiusdem
685 2145 857 2191 temporis
885 2145 1005 2180 Germ.
1029 2146 1073 2180 67
1101 2145 1125 2180 f.
1147 2144 1242 2180 100¹&

188 2206 376 2239 Canisium
400 2206 515 2239 demto
540 2206 588 2239 ad
613 2217 688 2239 eam
714 2208 819 2239 mittit
844 2206 943 2250 eique
968 2206 1195 2239 commendat.

338 2265 622 2308 Serenissima
653 2266 840 2308 Domina
871 2267 915 2307 in
947 2265 1118 2308 Christo
1152 2264 1573 2308 Obseruandissima.

186 2330 392 2380 Quamuis
434 2331 569 2374 Pater
609 2331 766 2374 Petrus
805 2331 1002 2374 Canisius
1042 2332 1221 2373 nostrae
1254 2330 1488 2373 Societatis
1528 2329 1571 2371 in
1606 2326 1839 2371 Germania

66 2395 364 2446 Prouincialis,
398 2410 494 2438 meo
517 2397 690 2438 nomine
713 2397 928 2439 allocutus
950 2396 1083 2440 fuerit
1106 2396 1148 2439 O.
1173 2396 1225 2439 V.
1251 2395 1352 2449 quia
1373 2398 1521 2438 tamen
1544 2393 1837 2443 obseruantia,

66 2464 112 2504 31
153 2461 358 2512 charitas,
402 2475 529 2515 quam
564 2462 701 2504 eidem
735 2476 786 2503 33
827 2461 910 2504 1011
952 2461 1256 2504 serenissimae
1298 2460 1490 2503 familiae
1532 2460 1750 2510 debemus,
1795 2462 1839 2502 et

67 2526 198 2581 officij
230 2526 315 2568 inei
336 2527 449 2569 ratio
472 2527 514 2568 id
548 2526 768 2580 exigebat,
803 2527 942 2569 denuo
966 2526 1105 2569 eidem
1137 2525 1304 2568 iniunxi
1337 2529 1386 2569 ut
1408 2524 1712 2579 OEnipontum
1739 2523 1838 2566 red-

66 2592 164 2643 iret,
199 2594 244 2634 et
277 2592 319 2635 C.
356 2592 408 2635 V.
442 2595 632 2634 mentem
665 2606 807 2634 meam
841 2592 1114 2647 explicaret.
1140 2591 1344 2645 dignetur
1375 2605 1479 2644 ergo
1502 2591 1554 2634 V.
1579 2590 1623 2634 C.
1656 2589 1838 2632 eundem

65 2661 276 2711 tanquam
308 2671 377 2699 me
410 2660 687 2712 praesentem
719 2657 882 2709 audire,
927 2659 970 2700 et
1002 2657 1082 2699 sibi
1114 2670 1293 2711 prorsus
1324 2655 1601 2711 persuadeat,
1638 2654 1751 2708 quod
1784 2667 1839 2696 ex

66 2722 279 2765 desiderio
313 2722 445 2764 diuini
476 2722 646 2777 seruitij
681 2725 725 2765 et
757 2722 890 2765 etiam
913 2723 956 2766 C.
981 2722 1033 2765 V.
1059 2721 1261 2775 quioquid
1292 2735 1388 2764 meo
1417 2721 1590 2763 nomine
1622 2720 1836 2774 loquetur,

65 2787 311 2843 profectum
344 2791 424 2839 est,
467 2802 621 2843 precor
652 2788 826 2831 interim
859 2788 937 2830 Dei
981 2787 1235 2838 bonitatem,
1278 2789 1326 2829 ut
1358 2786 1434 2829 CC.
1469 2786 1597 2829 VV.1
1630 2799 1735 2828 suae
1767 2799 1838 2827 33-

65 2852 257 2908 pientiae
280 2852 441 2895 lumine
462 2853 686 2896 illustrare
709 2856 753 2896 et
781 2852 1078 2908 spiritualibus
1101 2852 1190 2894 suis
1214 2852 1336 2894 donis
1358 2851 1496 2894 indies
1519 2851 1659 2905 magis
1682 2864 1837 2894 ornare

66 2918 282 2972 dignetur.
406 2918 570 2960 Rornae
607 2920 673 2961 17.
706 2918 904 2972 Januarij
939 2919 1082 2962 ‚1568.

185 2992 214 3021 a)
235 2992 295 3016 Hoc
316 2999 340 3016 v.
360 2992 403 3016 vel
423 2998 514 3017 sanza
532 2992 729 3024 supplendum
748 2999 809 3017 esse
829 2991 1010 3023 intelleyitzcr
1028 2998 1065 3016 ez
1083 2991 1132 3023 iis,
1151 2998 1224 3023 quae
1240 2991 1376 3023 proxime
1395 2993 1566 3022 sequuntur.

190 3088 200 3108 ¹
225 3086 479 3131 Magdalenam
505 3088 541 3121 et
566 3086 742 3122 Helenam
767 3098 919 3121 sorores.
