<?xml version="1.0" encoding="UTF-8"?>
<!DOCTYPE html PUBLIC "-//W3C//DTD XHTML 1.0 Transitional//EN"
    "http://www.w3.org/TR/xhtml1/DTD/xhtml1-transitional.dtd">
<html xmlns="http://www.w3.org/1999/xhtml" xml:lang="en" lang="en">
 <head>
  <title>
</title>
<meta http-equiv="Content-Type" content="text/html;charset=utf-8" />
  <meta name='ocr-system' content='tesseract 3.04.00' />
  <meta name='ocr-capabilities' content='ocr_page ocr_carea ocr_par ocr_line ocrx_word'/>
</head>
<body>
  <div class='ocr_page' id='page_1' title='image "beatipetricanisi06cani_0561.png"; bbox 0 0 2044 3335; ppageno 0'>
   <div class='ocr_carea' id='block_1_1' title="bbox 689 74 1868 119">
    <p class='ocr_par' dir='ltr' id='par_1_1' title="bbox 689 74 1868 119">
     <span class='ocr_line' id='line_1_1' title="bbox 689 74 1868 119; baseline 0.003 -11"><span class='ocrx_word' id='word_1_1' title='bbox 689 74 888 119; x_wconf 88' lang='lat' dir='ltr'>Oeniponte</span> <span class='ocrx_word' id='word_1_2' title='bbox 915 75 970 109; x_wconf 83' lang='lat'>24.</span> <span class='ocrx_word' id='word_1_3' title='bbox 993 74 1160 109; x_wconf 89' lang='lat' dir='ltr'>Octobris</span> <span class='ocrx_word' id='word_1_4' title='bbox 1189 74 1290 108; x_wconf 84' lang='lat'>1571.</span> <span class='ocrx_word' id='word_1_5' title='bbox 1784 75 1868 116; x_wconf 82' lang='lat'>487</span> 
     </span>
    </p>
   </div>
   <div class='ocr_carea' id='block_1_2' title="bbox 95 184 1875 2260">
    <p class='ocr_par' dir='ltr' id='par_1_2' title="bbox 95 184 1875 2260">
     <span class='ocr_line' id='line_1_2' title="bbox 101 184 1871 241; baseline -0.002 -12"><span class='ocrx_word' id='word_1_6' title='bbox 101 187 210 238; x_wconf 83' lang='lat' dir='ltr'>Quid</span> <span class='ocrx_word' id='word_1_7' title='bbox 232 187 304 241; x_wconf 89' lang='lat' dir='ltr'>alij</span> <span class='ocrx_word' id='word_1_8' title='bbox 329 187 381 228; x_wconf 93' lang='lat' dir='ltr'>de</span> <span class='ocrx_word' id='word_1_9' title='bbox 403 201 514 228; x_wconf 89' lang='lat' dir='ltr'>nouo</span> <span class='ocrx_word' id='word_1_10' title='bbox 539 186 675 228; x_wconf 89' lang='lat' dir='ltr'>librol</span> <span class='ocrx_word' id='word_1_11' title='bbox 702 186 908 237; x_wconf 88' lang='lat' dir='ltr'>sentiant,</span> <span class='ocrx_word' id='word_1_12' title='bbox 933 201 1016 228; x_wconf 89' lang='lat' dir='ltr'>non</span> <span class='ocrx_word' id='word_1_13' title='bbox 1041 187 1149 228; x_wconf 91' lang='lat' dir='ltr'>adeo</span> <span class='ocrx_word' id='word_1_14' title='bbox 1176 185 1322 239; x_wconf 89' lang='lat' dir='ltr'>magni</span> <span class='ocrx_word' id='word_1_15' title='bbox 1345 185 1494 236; x_wconf 88' lang='lat' dir='ltr'>refert,</span> <span class='ocrx_word' id='word_1_16' title='bbox 1519 185 1644 227; x_wconf 90' lang='lat' dir='ltr'>modo</span> <span class='ocrx_word' id='word_1_17' title='bbox 1668 184 1871 226; x_wconf 89' lang='lat' dir='ltr'>Patribus</span> 
     </span>
     <span class='ocr_line' id='line_1_3' title="bbox 101 248 1871 305; baseline -0.002 -11"><span class='ocrx_word' id='word_1_18' title='bbox 101 252 207 294; x_wconf 88' lang='lat' dir='ltr'>meis</span> <span class='ocrx_word' id='word_1_19' title='bbox 240 255 472 305; x_wconf 90' lang='lat' dir='ltr'>utcumque</span> <span class='ocrx_word' id='word_1_20' title='bbox 504 251 562 294; x_wconf 88' lang='lat' dir='ltr'>sit</span> <span class='ocrx_word' id='word_1_21' title='bbox 593 251 883 295; x_wconf 84' lang='lat' dir='ltr'>satisfactum.</span> <span class='ocrx_word' id='word_1_22' title='bbox 933 250 1156 294; x_wconf 78' lang='lat' dir='ltr'><strong>Audacter</strong></span> <span class='ocrx_word' id='word_1_23' title='bbox 1178 265 1246 292; x_wconf 90' lang='lat' dir='ltr'>me</span> <span class='ocrx_word' id='word_1_24' title='bbox 1270 250 1463 292; x_wconf 90' lang='lat' dir='ltr'>commisi</span> <span class='ocrx_word' id='word_1_25' title='bbox 1496 250 1665 304; x_wconf 80' lang='lat' dir='ltr'>pelago,</span> <span class='ocrx_word' id='word_1_26' title='bbox 1700 251 1745 291; x_wconf 93' lang='lat' dir='ltr'>et</span> <span class='ocrx_word' id='word_1_27' title='bbox 1773 248 1871 290; x_wconf 87' lang='lat' dir='ltr'>irri-</span> 
     </span>
     <span class='ocr_line' id='line_1_4' title="bbox 101 315 1871 371; baseline -0.002 -12"><span class='ocrx_word' id='word_1_28' title='bbox 101 317 192 359; x_wconf 88' lang='lat' dir='ltr'>taui</span> <span class='ocrx_word' id='word_1_29' title='bbox 224 331 309 358; x_wconf 91' lang='lat' dir='ltr'>non</span> <span class='ocrx_word' id='word_1_30' title='bbox 342 331 503 371; x_wconf 92' lang='lat' dir='ltr'>paucos</span> <span class='ocrx_word' id='word_1_31' title='bbox 527 317 781 358; x_wconf 82' lang='lat' dir='ltr'>crabrones:</span> <span class='ocrx_word' id='word_1_32' title='bbox 815 316 939 358; x_wconf 92' lang='lat' dir='ltr'>iuuer</span> <span class='ocrx_word' id='word_1_33' title='bbox 962 330 1122 370; x_wconf 81' lang='lat' dir='ltr'>quaeso</span> <span class='ocrx_word' id='word_1_34' title='bbox 1146 316 1196 358; x_wconf 76' lang='lat' dir='ltr'>R,</span> <span class='ocrx_word' id='word_1_35' title='bbox 1220 316 1267 358; x_wconf 88' lang='lat' dir='ltr'>T.</span> <span class='ocrx_word' id='word_1_36' title='bbox 1293 315 1504 369; x_wconf 81' lang='lat' dir='ltr'>precibus,</span> <span class='ocrx_word' id='word_1_37' title='bbox 1539 317 1587 358; x_wconf 91' lang='lat' dir='ltr'>ut</span> <span class='ocrx_word' id='word_1_38' title='bbox 1619 315 1752 357; x_wconf 90' lang='lat' dir='ltr'>uitem</span> <span class='ocrx_word' id='word_1_39' title='bbox 1774 328 1871 355; x_wconf 90' lang='lat' dir='ltr'>sco-</span> 
     </span>
     <span class='ocr_line' id='line_1_5' title="bbox 100 380 1870 436; baseline -0.002 -12"><span class='ocrx_word' id='word_1_40' title='bbox 100 382 237 436; x_wconf 87' lang='lat' dir='ltr'>pulos,</span> <span class='ocrx_word' id='word_1_41' title='bbox 272 384 317 424; x_wconf 93' lang='lat' dir='ltr'>et</span> <span class='ocrx_word' id='word_1_42' title='bbox 349 383 494 424; x_wconf 88' lang='lat' dir='ltr'>saluas</span> <span class='ocrx_word' id='word_1_43' title='bbox 527 395 695 423; x_wconf 85' lang='lat' dir='ltr'>merces</span> <span class='ocrx_word' id='word_1_44' title='bbox 718 382 773 423; x_wconf 89' lang='lat' dir='ltr'>ad</span> <span class='ocrx_word' id='word_1_45' title='bbox 805 385 978 435; x_wconf 88' lang='lat' dir='ltr'>portum</span> <span class='ocrx_word' id='word_1_46' title='bbox 1012 381 1243 435; x_wconf 79' lang='lat' dir='ltr'>perducam</span> <span class='ocrx_word' id='word_1_47' title='bbox 1280 380 1461 423; x_wconf 88' lang='lat' dir='ltr'>afflante</span> <span class='ocrx_word' id='word_1_48' title='bbox 1484 382 1614 422; x_wconf 89' lang='lat' dir='ltr'>uento</span> <span class='ocrx_word' id='word_1_49' title='bbox 1648 392 1870 434; x_wconf 82' lang='lat' dir='ltr'>prospero,</span> 
     </span>
     <span class='ocr_line' id='line_1_6' title="bbox 98 445 1869 501; baseline -0.002 -12"><span class='ocrx_word' id='word_1_50' title='bbox 98 447 146 489; x_wconf 80' lang='lat' dir='ltr'>Si</span> <span class='ocrx_word' id='word_1_51' title='bbox 178 448 324 501; x_wconf 90' lang='lat' dir='ltr'>plures</span> <span class='ocrx_word' id='word_1_52' title='bbox 356 461 524 489; x_wconf 89' lang='lat' dir='ltr'>mecum</span> <span class='ocrx_word' id='word_1_53' title='bbox 556 446 625 488; x_wconf 91' lang='lat' dir='ltr'>hic</span> <span class='ocrx_word' id='word_1_54' title='bbox 658 446 930 500; x_wconf 84' lang='lat' dir='ltr'>nauigarent,</span> <span class='ocrx_word' id='word_1_55' title='bbox 965 445 1131 488; x_wconf 89' lang='lat' dir='ltr'>minore</span> <span class='ocrx_word' id='word_1_56' title='bbox 1165 445 1338 498; x_wconf 87' lang='lat' dir='ltr'>negotio</span> <span class='ocrx_word' id='word_1_57' title='bbox 1372 448 1416 487; x_wconf 92' lang='lat' dir='ltr'>et</span> <span class='ocrx_word' id='word_1_58' title='bbox 1449 445 1625 486; x_wconf 90' lang='lat' dir='ltr'>meliore</span> <span class='ocrx_word' id='word_1_59' title='bbox 1654 458 1869 494; x_wconf 91' lang='lat' dir='ltr'>successu,</span> 
     </span>
     <span class='ocr_line' id='line_1_7' title="bbox 102 510 1871 563; baseline -0.002 -9"><span class='ocrx_word' id='word_1_60' title='bbox 102 512 183 554; x_wconf 89' lang='lat' dir='ltr'>nisi</span> <span class='ocrx_word' id='word_1_61' title='bbox 217 512 358 563; x_wconf 84' lang='lat' dir='ltr'>fallor,</span> <span class='ocrx_word' id='word_1_62' title='bbox 392 512 500 554; x_wconf 91' lang='lat' dir='ltr'>haec</span> <span class='ocrx_word' id='word_1_63' title='bbox 532 514 627 554; x_wconf 88' lang='lat' dir='ltr'>tota</span> <span class='ocrx_word' id='word_1_64' title='bbox 660 511 858 554; x_wconf 89' lang='lat' dir='ltr'>uelitatio</span> <span class='ocrx_word' id='word_1_65' title='bbox 893 512 1190 553; x_wconf 88' lang='lat' dir='ltr'>conficeretur.</span> <span class='ocrx_word' id='word_1_66' title='bbox 1245 510 1329 552; x_wconf 80' lang='lat' dir='ltr'>Sed</span> <span class='ocrx_word' id='word_1_67' title='bbox 1363 511 1575 552; x_wconf 90' lang='lat' dir='ltr'>curabunt</span> <span class='ocrx_word' id='word_1_68' title='bbox 1608 511 1763 552; x_wconf 84' lang='lat' dir='ltr'>Patres</span> <span class='ocrx_word' id='word_1_69' title='bbox 1794 523 1871 551; x_wconf 89' lang='lat' dir='ltr'>suo</span> 
     </span>
     <span class='ocr_line' id='line_1_8' title="bbox 100 575 1871 631; baseline -0.002 -12"><span class='ocrx_word' id='word_1_70' title='bbox 100 580 311 631; x_wconf 88' lang='lat' dir='ltr'>tempore,</span> <span class='ocrx_word' id='word_1_71' title='bbox 351 577 455 619; x_wconf 86' lang='lat' dir='ltr'>nihil</span> <span class='ocrx_word' id='word_1_72' title='bbox 490 577 652 627; x_wconf 86' lang='lat' dir='ltr'>dubito,</span> <span class='ocrx_word' id='word_1_73' title='bbox 695 579 743 618; x_wconf 93' lang='lat' dir='ltr'>ut</span> <span class='ocrx_word' id='word_1_74' title='bbox 776 576 888 629; x_wconf 91' lang='lat' dir='ltr'>quod</span> <span class='ocrx_word' id='word_1_75' title='bbox 921 575 1122 617; x_wconf 89' lang='lat' dir='ltr'>minimus</span> <span class='ocrx_word' id='word_1_76' title='bbox 1155 589 1235 628; x_wconf 89' lang='lat' dir='ltr'>ego</span> <span class='ocrx_word' id='word_1_77' title='bbox 1269 575 1364 616; x_wconf 90' lang='lat' dir='ltr'>rudi</span> <span class='ocrx_word' id='word_1_78' title='bbox 1397 575 1519 629; x_wconf 91' lang='lat' dir='ltr'>coepi</span> <span class='ocrx_word' id='word_1_79' title='bbox 1551 575 1760 626; x_wconf 87' lang='lat' dir='ltr'>minerua,</span> <span class='ocrx_word' id='word_1_80' title='bbox 1794 589 1871 628; x_wconf 91' lang='lat' dir='ltr'>pro</span> 
     </span>
     <span class='ocr_line' id='line_1_9' title="bbox 100 639 1872 696; baseline -0.001 -13"><span class='ocrx_word' id='word_1_81' title='bbox 100 642 196 696; x_wconf 88' lang='lat' dir='ltr'>ipsa</span> <span class='ocrx_word' id='word_1_82' title='bbox 236 643 299 684; x_wconf 90' lang='lat' dir='ltr'>rei</span> <span class='ocrx_word' id='word_1_83' title='bbox 341 642 574 696; x_wconf 76' lang='lat' dir='ltr'>dignitate,</span> <span class='ocrx_word' id='word_1_84' title='bbox 617 644 661 684; x_wconf 92' lang='lat' dir='ltr'>et</span> <span class='ocrx_word' id='word_1_85' title='bbox 699 641 934 683; x_wconf 90' lang='lat' dir='ltr'>secundum</span> <span class='ocrx_word' id='word_1_86' title='bbox 976 640 1143 694; x_wconf 90' lang='lat' dir='ltr'>piorum</span> <span class='ocrx_word' id='word_1_87' title='bbox 1187 639 1537 694; x_wconf 70' lang='lat' dir='ltr'>expectationem</span> <span class='ocrx_word' id='word_1_88' title='bbox 1571 642 1740 681; x_wconf 87' lang='lat' dir='ltr'>mature</span> <span class='ocrx_word' id='word_1_89' title='bbox 1772 653 1872 694; x_wconf 91' lang='lat' dir='ltr'>pro-</span> 
     </span>
     <span class='ocr_line' id='line_1_10' title="bbox 102 705 1873 761; baseline -0.001 -13"><span class='ocrx_word' id='word_1_90' title='bbox 102 710 330 750; x_wconf 86' lang='lat' dir='ltr'>moueatur</span> <span class='ocrx_word' id='word_1_91' title='bbox 369 708 589 761; x_wconf 89' lang='lat' dir='ltr'>solideque</span> <span class='ocrx_word' id='word_1_92' title='bbox 621 707 895 761; x_wconf 72' lang='lat' dir='ltr'>perficiatur³</span> <span class='ocrx_word' id='word_1_93' title='bbox 928 705 1098 748; x_wconf 85' lang='lat' dir='ltr'>Christo</span> <span class='ocrx_word' id='word_1_94' title='bbox 1133 705 1385 748; x_wconf 79' lang='lat' dir='ltr'>auxiliante.</span> <span class='ocrx_word' id='word_1_95' title='bbox 1450 705 1656 757; x_wconf 85' lang='lat' dir='ltr'>Magnum</span> <span class='ocrx_word' id='word_1_96' title='bbox 1690 719 1795 747; x_wconf 89' lang='lat' dir='ltr'>sane</span> <span class='ocrx_word' id='word_1_97' title='bbox 1829 707 1873 747; x_wconf 91' lang='lat' dir='ltr'>et</span> 
     </span>
     <span class='ocr_line' id='line_1_11' title="bbox 100 769 1872 826; baseline -0.002 -13"><span class='ocrx_word' id='word_1_98' title='bbox 100 786 370 814; x_wconf 88' lang='lat' dir='ltr'>communem</span> <span class='ocrx_word' id='word_1_99' title='bbox 403 772 627 815; x_wconf 83' lang='lat' dir='ltr'>Ecclesiae</span> <span class='ocrx_word' id='word_1_100' title='bbox 668 772 912 826; x_wconf 83' lang='lat' dir='ltr'>profectum</span> <span class='ocrx_word' id='word_1_101' title='bbox 945 770 1044 812; x_wconf 91' lang='lat' dir='ltr'>hinc</span> <span class='ocrx_word' id='word_1_102' title='bbox 1077 784 1157 823; x_wconf 88' lang='lat' dir='ltr'>ego</span> <span class='ocrx_word' id='word_1_103' title='bbox 1191 772 1440 812; x_wconf 91' lang='lat' dir='ltr'>secuturum</span> <span class='ocrx_word' id='word_1_104' title='bbox 1474 769 1675 819; x_wconf 87' lang='lat' dir='ltr'>arbitror,</span> <span class='ocrx_word' id='word_1_105' title='bbox 1719 784 1815 811; x_wconf 89' lang='lat' dir='ltr'>cum</span> <span class='ocrx_word' id='word_1_106' title='bbox 1850 783 1872 811; x_wconf 90' lang='lat' dir='ltr'>e</span> 
     </span>
     <span class='ocr_line' id='line_1_12' title="bbox 100 834 1872 891; baseline -0.002 -13"><span class='ocrx_word' id='word_1_107' title='bbox 100 837 261 880; x_wconf 88' lang='lat' dir='ltr'>nostris</span> <span class='ocrx_word' id='word_1_108' title='bbox 295 837 528 891; x_wconf 86' lang='lat' dir='ltr'>Theologis</span> <span class='ocrx_word' id='word_1_109' title='bbox 563 837 686 878; x_wconf 91' lang='lat' dir='ltr'>multi</span> <span class='ocrx_word' id='word_1_110' title='bbox 719 836 955 890; x_wconf 71' lang='lat' dir='ltr'>scriptores</span> <span class='ocrx_word' id='word_1_111' title='bbox 988 835 1322 878; x_wconf 71' lang='lat' dir='ltr'>constituentur.</span> <span class='ocrx_word' id='word_1_112' title='bbox 1372 835 1437 877; x_wconf 91' lang='lat' dir='ltr'>Ac</span> <span class='ocrx_word' id='word_1_113' title='bbox 1472 834 1739 877; x_wconf 80' lang='lat' dir='ltr'>Gallicanam</span> <span class='ocrx_word' id='word_1_114' title='bbox 1773 848 1872 888; x_wconf 89' lang='lat' dir='ltr'>pro-</span> 
     </span>
     <span class='ocr_line' id='line_1_13' title="bbox 100 902 1872 955; baseline -0.001 -13"><span class='ocrx_word' id='word_1_115' title='bbox 100 902 332 945; x_wconf 84' lang='lat' dir='ltr'>fectionem</span> <span class='ocrx_word' id='word_1_116' title='bbox 366 917 391 945; x_wconf 90' lang='lat' dir='ltr'>a</span> <span class='ocrx_word' id='word_1_117' title='bbox 418 903 467 945; x_wconf 79' lang='lat' dir='ltr'>R.</span> <span class='ocrx_word' id='word_1_118' title='bbox 493 903 541 945; x_wconf 85' lang='lat' dir='ltr'>T.</span> <span class='ocrx_word' id='word_1_119' title='bbox 566 916 660 944; x_wconf 88' lang='lat' dir='ltr'>cum</span> <span class='ocrx_word' id='word_1_120' title='bbox 695 902 839 943; x_wconf 87' lang='lat' dir='ltr'>fructu</span> <span class='ocrx_word' id='word_1_121' title='bbox 872 902 1107 943; x_wconf 87' lang='lat' dir='ltr'>multorum</span> <span class='ocrx_word' id='word_1_122' title='bbox 1139 903 1365 955; x_wconf 86' lang='lat' dir='ltr'>peractam</span> <span class='ocrx_word' id='word_1_123' title='bbox 1400 914 1494 942; x_wconf 91' lang='lat' dir='ltr'>esse</span> <span class='ocrx_word' id='word_1_124' title='bbox 1526 914 1611 941; x_wconf 91' lang='lat' dir='ltr'>non</span> <span class='ocrx_word' id='word_1_125' title='bbox 1644 913 1872 953; x_wconf 88' lang='lat' dir='ltr'>possumus</span> 
     </span>
     <span class='ocr_line' id='line_1_14' title="bbox 100 965 1872 1020; baseline -0.002 -12"><span class='ocrx_word' id='word_1_126' title='bbox 100 967 273 1009; x_wconf 87' lang='lat' dir='ltr'>diuinae</span> <span class='ocrx_word' id='word_1_127' title='bbox 307 967 491 1010; x_wconf 87' lang='lat' dir='ltr'>bonitati</span> <span class='ocrx_word' id='word_1_128' title='bbox 524 981 609 1009; x_wconf 92' lang='lat' dir='ltr'>non</span> <span class='ocrx_word' id='word_1_129' title='bbox 642 967 811 1020; x_wconf 82' lang='lat' dir='ltr'>gratias</span> <span class='ocrx_word' id='word_1_130' title='bbox 844 980 976 1019; x_wconf 89' lang='lat' dir='ltr'>agere</span> <span class='ocrx_word' id='word_1_131' title='bbox 992 967 1021 1010; x_wconf 83' lang='lat'>2.</span> <span class='ocrx_word' id='word_1_132' title='bbox 1071 966 1250 1008; x_wconf 90' lang='lat' dir='ltr'>Vtinam</span> <span class='ocrx_word' id='word_1_133' title='bbox 1284 979 1388 1007; x_wconf 86' lang='lat' dir='ltr'>uero</span> <span class='ocrx_word' id='word_1_134' title='bbox 1413 965 1674 1007; x_wconf 84' lang='lat' dir='ltr'>Germaniae</span> <span class='ocrx_word' id='word_1_135' title='bbox 1703 977 1872 1017; x_wconf 88' lang='lat' dir='ltr'>quoque</span> 
     </span>
     <span class='ocr_line' id='line_1_15' title="bbox 100 1029 1873 1085; baseline -0.001 -12"><span class='ocrx_word' id='word_1_136' title='bbox 100 1035 278 1075; x_wconf 85' lang='lat' dir='ltr'>nostrae</span> <span class='ocrx_word' id='word_1_137' title='bbox 310 1033 413 1074; x_wconf 89' lang='lat' dir='ltr'>talis</span> <span class='ocrx_word' id='word_1_138' title='bbox 435 1032 663 1085; x_wconf 87' lang='lat' dir='ltr'>contingat</span> <span class='ocrx_word' id='word_1_139' title='bbox 696 1031 911 1082; x_wconf 90' lang='lat' dir='ltr'>uisitator,</span> <span class='ocrx_word' id='word_1_140' title='bbox 946 1031 1019 1084; x_wconf 90' lang='lat' dir='ltr'>qui</span> <span class='ocrx_word' id='word_1_141' title='bbox 1042 1044 1186 1073; x_wconf 90' lang='lat' dir='ltr'>coram</span> <span class='ocrx_word' id='word_1_142' title='bbox 1209 1033 1392 1085; x_wconf 77' lang='lat' dir='ltr'>spectet,</span> <span class='ocrx_word' id='word_1_143' title='bbox 1425 1030 1599 1080; x_wconf 86' lang='lat' dir='ltr'>iudicet,</span> <span class='ocrx_word' id='word_1_144' title='bbox 1635 1029 1873 1072; x_wconf 87' lang='lat' dir='ltr'>constituat</span> 
     </span>
     <span class='ocr_line' id='line_1_16' title="bbox 99 1095 1872 1151; baseline -0.001 -13"><span class='ocrx_word' id='word_1_145' title='bbox 99 1097 244 1139; x_wconf 89' lang='lat' dir='ltr'>omnia</span> <span class='ocrx_word' id='word_1_146' title='bbox 266 1097 309 1139; x_wconf 84' lang='lat' dir='ltr'>in</span> <span class='ocrx_word' id='word_1_147' title='bbox 332 1097 398 1140; x_wconf 87' lang='lat' dir='ltr'>his</span> <span class='ocrx_word' id='word_1_148' title='bbox 422 1097 617 1151; x_wconf 88' lang='lat' dir='ltr'>collegijs</span> <span class='ocrx_word' id='word_1_149' title='bbox 642 1098 773 1150; x_wconf 90' lang='lat' dir='ltr'>atque</span> <span class='ocrx_word' id='word_1_150' title='bbox 796 1096 1040 1151; x_wconf 74' lang='lat' dir='ltr'>prouintiJS,</span> <span class='ocrx_word' id='word_1_151' title='bbox 1075 1099 1122 1138; x_wconf 89' lang='lat' dir='ltr'>ut</span> <span class='ocrx_word' id='word_1_152' title='bbox 1146 1095 1364 1138; x_wconf 89' lang='lat' dir='ltr'>vocationi</span> <span class='ocrx_word' id='word_1_153' title='bbox 1386 1099 1564 1138; x_wconf 88' lang='lat' dir='ltr'>nostrae</span> <span class='ocrx_word' id='word_1_154' title='bbox 1587 1095 1641 1137; x_wconf 87' lang='lat' dir='ltr'>ad</span> <span class='ocrx_word' id='word_1_155' title='bbox 1664 1095 1872 1137; x_wconf 88' lang='lat' dir='ltr'>maiorem</span> 
     </span>
     <span class='ocr_line' id='line_1_17' title="bbox 100 1161 1871 1216; baseline -0.002 -12"><span class='ocrx_word' id='word_1_156' title='bbox 100 1162 181 1204; x_wconf 91' lang='lat' dir='ltr'>Dei</span> <span class='ocrx_word' id='word_1_157' title='bbox 212 1162 398 1216; x_wconf 88' lang='lat' dir='ltr'>gloriam</span> <span class='ocrx_word' id='word_1_158' title='bbox 430 1162 766 1205; x_wconf 89' lang='lat' dir='ltr'>satisfaciamus.</span> <span class='ocrx_word' id='word_1_159' title='bbox 822 1162 869 1203; x_wconf 89' lang='lat' dir='ltr'>In</span> <span class='ocrx_word' id='word_1_160' title='bbox 904 1161 1048 1216; x_wconf 90' lang='lat' dir='ltr'>specie</span> <span class='ocrx_word' id='word_1_161' title='bbox 1082 1161 1186 1203; x_wconf 88' lang='lat' dir='ltr'>nihil</span> <span class='ocrx_word' id='word_1_162' title='bbox 1219 1161 1358 1203; x_wconf 87' lang='lat' dir='ltr'>dicam</span> <span class='ocrx_word' id='word_1_163' title='bbox 1393 1161 1444 1202; x_wconf 91' lang='lat' dir='ltr'>de</span> <span class='ocrx_word' id='word_1_164' title='bbox 1476 1163 1597 1203; x_wconf 88' lang='lat' dir='ltr'>statu</span> <span class='ocrx_word' id='word_1_165' title='bbox 1629 1175 1771 1202; x_wconf 89' lang='lat' dir='ltr'>rerum</span> <span class='ocrx_word' id='word_1_166' title='bbox 1796 1174 1871 1202; x_wconf 92' lang='lat' dir='ltr'>no-</span> 
     </span>
     <span class='ocr_line' id='line_1_18' title="bbox 99 1225 1872 1281; baseline -0.001 -12"><span class='ocrx_word' id='word_1_167' title='bbox 99 1230 305 1279; x_wconf 88' lang='lat' dir='ltr'>strarum,</span> <span class='ocrx_word' id='word_1_168' title='bbox 340 1228 397 1270; x_wconf 89' lang='lat' dir='ltr'>sit</span> <span class='ocrx_word' id='word_1_169' title='bbox 427 1242 479 1270; x_wconf 91' lang='lat' dir='ltr'>ea</span> <span class='ocrx_word' id='word_1_170' title='bbox 502 1242 606 1270; x_wconf 88' lang='lat' dir='ltr'>cura</span> <span class='ocrx_word' id='word_1_171' title='bbox 627 1241 760 1281; x_wconf 90' lang='lat' dir='ltr'>penes</span> <span class='ocrx_word' id='word_1_172' title='bbox 783 1227 829 1269; x_wconf 91' lang='lat' dir='ltr'>P.</span> <span class='ocrx_word' id='word_1_173' title='bbox 854 1227 1197 1269; x_wconf 84' lang='lat' dir='ltr'>Prouintialem3</span> <span class='ocrx_word' id='word_1_174' title='bbox 1219 1226 1413 1280; x_wconf 86' lang='lat' dir='ltr'>aliosque</span> <span class='ocrx_word' id='word_1_175' title='bbox 1437 1226 1659 1276; x_wconf 74' lang='lat' dir='ltr'>Hectores,</span> <span class='ocrx_word' id='word_1_176' title='bbox 1694 1225 1765 1278; x_wconf 88' lang='lat' dir='ltr'>qui</span> <span class='ocrx_word' id='word_1_177' title='bbox 1794 1239 1872 1279; x_wconf 90' lang='lat' dir='ltr'>pro</span> 
     </span>
     <span class='ocr_line' id='line_1_19' title="bbox 100 1291 1873 1346; baseline -0.002 -11"><span class='ocrx_word' id='word_1_178' title='bbox 100 1293 269 1335; x_wconf 85' lang='lat' dir='ltr'>ratione</span> <span class='ocrx_word' id='word_1_179' title='bbox 302 1293 368 1335; x_wconf 85' lang='lat' dir='ltr'>sui</span> <span class='ocrx_word' id='word_1_180' title='bbox 401 1293 591 1335; x_wconf 88' lang='lat' dir='ltr'>muneris</span> <span class='ocrx_word' id='word_1_181' title='bbox 625 1292 858 1346; x_wconf 81' lang='lat' dir='ltr'>diligenter</span> <span class='ocrx_word' id='word_1_182' title='bbox 890 1292 1032 1334; x_wconf 88' lang='lat' dir='ltr'>isthuc</span> <span class='ocrx_word' id='word_1_183' title='bbox 1056 1295 1213 1335; x_wconf 89' lang='lat' dir='ltr'>cuncta</span> <span class='ocrx_word' id='word_1_184' title='bbox 1245 1292 1533 1346; x_wconf 87' lang='lat' dir='ltr'>perscribunt.</span> <span class='ocrx_word' id='word_1_185' title='bbox 1587 1292 1682 1344; x_wconf 88' lang='lat' dir='ltr'>Ego</span> <span class='ocrx_word' id='word_1_186' title='bbox 1707 1291 1873 1333; x_wconf 89' lang='lat' dir='ltr'>contio-</span> 
     </span>
     <span class='ocr_line' id='line_1_20' title="bbox 101 1357 1873 1412; baseline 0 -13"><span class='ocrx_word' id='word_1_187' title='bbox 101 1361 300 1401; x_wconf 89' lang='lat' dir='ltr'>natorem</span> <span class='ocrx_word' id='word_1_188' title='bbox 333 1358 519 1401; x_wconf 89' lang='lat' dir='ltr'>aulicum</span> <span class='ocrx_word' id='word_1_189' title='bbox 552 1358 619 1400; x_wconf 90' lang='lat' dir='ltr'>hic</span> <span class='ocrx_word' id='word_1_190' title='bbox 651 1362 828 1412; x_wconf 86' lang='lat' dir='ltr'>praesto</span> <span class='ocrx_word' id='word_1_191' title='bbox 854 1357 1081 1412; x_wconf 78' lang='lat' dir='ltr'>Principi4,</span> <span class='ocrx_word' id='word_1_192' title='bbox 1116 1358 1192 1399; x_wconf 89' lang='lat' dir='ltr'>sed</span> <span class='ocrx_word' id='word_1_193' title='bbox 1216 1358 1383 1400; x_wconf 85' lang='lat' dir='ltr'>vtinam</span> <span class='ocrx_word' id='word_1_194' title='bbox 1416 1357 1584 1399; x_wconf 86' lang='lat' dir='ltr'>fructus</span> <span class='ocrx_word' id='word_1_195' title='bbox 1619 1359 1796 1412; x_wconf 89' lang='lat' dir='ltr'>optatus</span> <span class='ocrx_word' id='word_1_196' title='bbox 1829 1359 1873 1399; x_wconf 91' lang='lat' dir='ltr'>et</span> 
     </span>
     <span class='ocr_line' id='line_1_21' title="bbox 97 1421 1872 1477; baseline -0.001 -13"><span class='ocrx_word' id='word_1_197' title='bbox 97 1423 143 1465; x_wconf 90' lang='lat' dir='ltr'>in</span> <span class='ocrx_word' id='word_1_198' title='bbox 175 1423 286 1466; x_wconf 90' lang='lat' dir='ltr'>aulis</span> <span class='ocrx_word' id='word_1_199' title='bbox 319 1438 444 1466; x_wconf 87' lang='lat' dir='ltr'>rarus</span> <span class='ocrx_word' id='word_1_200' title='bbox 478 1426 769 1476; x_wconf 89' lang='lat' dir='ltr'>consequatur</span> <span class='ocrx_word' id='word_1_201' title='bbox 800 1422 1061 1465; x_wconf 88' lang='lat' dir='ltr'>imbecillum</span> <span class='ocrx_word' id='word_1_202' title='bbox 1093 1423 1359 1477; x_wconf 87' lang='lat' dir='ltr'>operarium:</span> <span class='ocrx_word' id='word_1_203' title='bbox 1393 1423 1533 1465; x_wconf 87' lang='lat' dir='ltr'>scribo</span> <span class='ocrx_word' id='word_1_204' title='bbox 1558 1422 1689 1465; x_wconf 84' lang='lat' dir='ltr'>etiam</span> <span class='ocrx_word' id='word_1_205' title='bbox 1713 1421 1872 1475; x_wconf 88' lang='lat' dir='ltr'>aliquid</span> 
     </span>
     <span class='ocr_line' id='line_1_22' title="bbox 99 1488 1872 1543; baseline -0.001 -13"><span class='ocrx_word' id='word_1_206' title='bbox 99 1489 153 1530; x_wconf 88' lang='lat' dir='ltr'>de</span> <span class='ocrx_word' id='word_1_207' title='bbox 186 1489 389 1543; x_wconf 88' lang='lat' dir='ltr'>Deipara,</span> <span class='ocrx_word' id='word_1_208' title='bbox 432 1489 600 1532; x_wconf 87' lang='lat' dir='ltr'>tardius</span> <span class='ocrx_word' id='word_1_209' title='bbox 634 1492 779 1530; x_wconf 89' lang='lat' dir='ltr'>autem</span> <span class='ocrx_word' id='word_1_210' title='bbox 814 1503 941 1541; x_wconf 88' lang='lat' dir='ltr'>quam</span> <span class='ocrx_word' id='word_1_211' title='bbox 977 1488 1149 1539; x_wconf 86' lang='lat' dir='ltr'>uellem,</span> <span class='ocrx_word' id='word_1_212' title='bbox 1194 1492 1242 1531; x_wconf 90' lang='lat' dir='ltr'>ut</span> <span class='ocrx_word' id='word_1_213' title='bbox 1283 1488 1448 1531; x_wconf 82' lang='lat' dir='ltr'>exitum</span> <span class='ocrx_word' id='word_1_214' title='bbox 1490 1488 1651 1530; x_wconf 89' lang='lat' dir='ltr'>laboris</span> <span class='ocrx_word' id='word_1_215' title='bbox 1684 1488 1872 1529; x_wconf 87' lang='lat' dir='ltr'>nondum</span> 
     </span>
     <span class='ocr_line' id='line_1_23' title="bbox 99 1553 1872 1609; baseline -0.001 -14"><span class='ocrx_word' id='word_1_216' title='bbox 99 1554 328 1608; x_wconf 87' lang='lat' dir='ltr'>prouidere</span> <span class='ocrx_word' id='word_1_217' title='bbox 370 1555 573 1609; x_wconf 82' lang='lat' dir='ltr'>possim5.</span> <span class='ocrx_word' id='word_1_218' title='bbox 638 1554 766 1597; x_wconf 83' lang='lat' dir='ltr'>Mitto</span> <span class='ocrx_word' id='word_1_219' title='bbox 808 1568 921 1595; x_wconf 89' lang='lat' dir='ltr'>nunc</span> <span class='ocrx_word' id='word_1_220' title='bbox 962 1554 1114 1596; x_wconf 88' lang='lat' dir='ltr'>literas</span> <span class='ocrx_word' id='word_1_221' title='bbox 1157 1557 1387 1608; x_wconf 90' lang='lat' dir='ltr'>parentum</span> <span class='ocrx_word' id='word_1_222' title='bbox 1429 1554 1484 1596; x_wconf 91' lang='lat' dir='ltr'>ad</span> <span class='ocrx_word' id='word_1_223' title='bbox 1520 1553 1872 1608; x_wconf 87' lang='lat' dir='ltr'>Oenipontanum</span> 
     </span>
     <span class='ocr_line' id='line_1_24' title="bbox 97 1618 1872 1672; baseline -0.001 -11"><span class='ocrx_word' id='word_1_224' title='bbox 97 1619 433 1670; x_wconf 87' lang='lat' dir='ltr'>adolescentem,</span> <span class='ocrx_word' id='word_1_225' title='bbox 468 1620 519 1664; x_wconf 81' lang='lat' dir='ltr'>R.</span> <span class='ocrx_word' id='word_1_226' title='bbox 544 1620 591 1662; x_wconf 87' lang='lat' dir='ltr'>T.</span> <span class='ocrx_word' id='word_1_227' title='bbox 616 1633 702 1661; x_wconf 92' lang='lat' dir='ltr'>non</span> <span class='ocrx_word' id='word_1_228' title='bbox 734 1619 1016 1672; x_wconf 86' lang='lat' dir='ltr'>incognitum,</span> <span class='ocrx_word' id='word_1_229' title='bbox 1051 1622 1095 1662; x_wconf 91' lang='lat' dir='ltr'>et</span> <span class='ocrx_word' id='word_1_230' title='bbox 1128 1634 1153 1661; x_wconf 90' lang='lat' dir='ltr'>a</span> <span class='ocrx_word' id='word_1_231' title='bbox 1177 1620 1336 1662; x_wconf 87' lang='lat' dir='ltr'>nostris</span> <span class='ocrx_word' id='word_1_232' title='bbox 1369 1619 1581 1670; x_wconf 88' lang='lat' dir='ltr'>auulsum,</span> <span class='ocrx_word' id='word_1_233' title='bbox 1616 1622 1665 1661; x_wconf 94' lang='lat' dir='ltr'>ut</span> <span class='ocrx_word' id='word_1_234' title='bbox 1698 1618 1824 1661; x_wconf 89' lang='lat' dir='ltr'>audio</span> <span class='ocrx_word' id='word_1_235' title='bbox 1842 1619 1872 1661; x_wconf 82' lang='grc'>6.</span> 
     </span>
     <span class='ocr_line' id='line_1_25' title="bbox 97 1684 1873 1739; baseline 0 -13"><span class='ocrx_word' id='word_1_236' title='bbox 97 1684 332 1739; x_wconf 78' lang='lat' dir='ltr'>Speramus</span> <span class='ocrx_word' id='word_1_237' title='bbox 364 1685 536 1728; x_wconf 85' lang='lat' dir='ltr'>interim</span> <span class='ocrx_word' id='word_1_238' title='bbox 570 1684 691 1726; x_wconf 88' lang='lat' dir='ltr'>illum</span> <span class='ocrx_word' id='word_1_239' title='bbox 723 1684 767 1726; x_wconf 88' lang='lat' dir='ltr'>in</span> <span class='ocrx_word' id='word_1_240' title='bbox 801 1684 938 1727; x_wconf 83' lang='lat' dir='ltr'>offitio</span> <span class='ocrx_word' id='word_1_241' title='bbox 972 1698 1081 1735; x_wconf 89' lang='lat' dir='ltr'>esse,</span> <span class='ocrx_word' id='word_1_242' title='bbox 1124 1688 1168 1728; x_wconf 94' lang='lat' dir='ltr'>et</span> <span class='ocrx_word' id='word_1_243' title='bbox 1202 1687 1358 1738; x_wconf 90' lang='lat' dir='ltr'>coepta</span> <span class='ocrx_word' id='word_1_244' title='bbox 1390 1685 1537 1726; x_wconf 84' lang='lat' dir='ltr'>studia</span> <span class='ocrx_word' id='word_1_245' title='bbox 1570 1684 1784 1738; x_wconf 85' lang='lat' dir='ltr'>persequi,</span> <span class='ocrx_word' id='word_1_246' title='bbox 1829 1686 1873 1726; x_wconf 89' lang='lat' dir='ltr'>et</span> 
     </span>
     <span class='ocr_line' id='line_1_26' title="bbox 97 1750 1875 1805; baseline -0.001 -13"><span class='ocrx_word' id='word_1_247' title='bbox 97 1752 328 1804; x_wconf 88' lang='lat' dir='ltr'>parentum</span> <span class='ocrx_word' id='word_1_248' title='bbox 362 1750 660 1805; x_wconf 81' lang='lat' dir='ltr'>expectationi</span> <span class='ocrx_word' id='word_1_249' title='bbox 692 1750 969 1805; x_wconf 84' lang='lat' dir='ltr'>respondere.</span> <span class='ocrx_word' id='word_1_250' title='bbox 1019 1750 1093 1793; x_wconf 78' lang='lat' dir='ltr'>Sin</span> <span class='ocrx_word' id='word_1_251' title='bbox 1127 1750 1256 1792; x_wconf 90' lang='lat' dir='ltr'>aliter</span> <span class='ocrx_word' id='word_1_252' title='bbox 1287 1750 1360 1792; x_wconf 87' lang='lat' dir='ltr'>ille</span> <span class='ocrx_word' id='word_1_253' title='bbox 1393 1764 1439 1792; x_wconf 91' lang='lat' dir='ltr'>se</span> <span class='ocrx_word' id='word_1_254' title='bbox 1472 1750 1598 1804; x_wconf 87' lang='lat' dir='ltr'>gerit,</span> <span class='ocrx_word' id='word_1_255' title='bbox 1634 1764 1761 1803; x_wconf 87' lang='lat' dir='ltr'>quam</span> <span class='ocrx_word' id='word_1_256' title='bbox 1795 1763 1875 1803; x_wconf 89' lang='lat' dir='ltr'>par</span> 
     </span>
     <span class='ocr_line' id='line_1_27' title="bbox 95 1815 1874 1870; baseline -0.001 -12"><span class='ocrx_word' id='word_1_257' title='bbox 95 1818 177 1867; x_wconf 89' lang='lat' dir='ltr'>est,</span> <span class='ocrx_word' id='word_1_258' title='bbox 220 1816 480 1870; x_wconf 87' lang='lat' dir='ltr'>percupiunt</span> <span class='ocrx_word' id='word_1_259' title='bbox 520 1819 725 1870; x_wconf 89' lang='lat' dir='ltr'>parentes</span> <span class='ocrx_word' id='word_1_260' title='bbox 758 1816 812 1857; x_wconf 89' lang='lat' dir='ltr'>ad</span> <span class='ocrx_word' id='word_1_261' title='bbox 854 1830 901 1857; x_wconf 90' lang='lat' dir='ltr'>se</span> <span class='ocrx_word' id='word_1_262' title='bbox 934 1815 1076 1866; x_wconf 87' lang='lat' dir='ltr'>scribi,</span> <span class='ocrx_word' id='word_1_263' title='bbox 1121 1830 1205 1869; x_wconf 89' lang='lat' dir='ltr'>qua</span> <span class='ocrx_word' id='word_1_264' title='bbox 1238 1816 1410 1858; x_wconf 89' lang='lat' dir='ltr'>ratione</span> <span class='ocrx_word' id='word_1_265' title='bbox 1443 1816 1506 1857; x_wconf 90' lang='lat' dir='ltr'>illi</span> <span class='ocrx_word' id='word_1_266' title='bbox 1539 1816 1701 1858; x_wconf 89' lang='lat' dir='ltr'>rectius</span> <span class='ocrx_word' id='word_1_267' title='bbox 1735 1815 1874 1870; x_wconf 88' lang='lat' dir='ltr'>possit</span> 
     </span>
     <span class='ocr_line' id='line_1_28' title="bbox 96 1881 1872 1936; baseline 0 -14"><span class='ocrx_word' id='word_1_268' title='bbox 96 1895 193 1923; x_wconf 90' lang='lat' dir='ltr'>esse</span> <span class='ocrx_word' id='word_1_269' title='bbox 225 1884 518 1936; x_wconf 88' lang='lat' dir='ltr'>prospectum.</span> <span class='ocrx_word' id='word_1_270' title='bbox 576 1882 806 1923; x_wconf 82' lang='lat' dir='ltr'>Recreauit</span> <span class='ocrx_word' id='word_1_271' title='bbox 840 1895 988 1923; x_wconf 86' lang='lat' dir='ltr'>omnes</span> <span class='ocrx_word' id='word_1_272' title='bbox 1011 1881 1258 1924; x_wconf 81' lang='lat' dir='ltr'>Catholicos</span> <span class='ocrx_word' id='word_1_273' title='bbox 1287 1882 1582 1932; x_wconf 87' lang='lat' dir='ltr'>uehementer,</span> <span class='ocrx_word' id='word_1_274' title='bbox 1618 1881 1731 1935; x_wconf 86' lang='lat' dir='ltr'>quod</span> <span class='ocrx_word' id='word_1_275' title='bbox 1764 1895 1872 1922; x_wconf 89' lang='lat' dir='ltr'>nun·</span> 
     </span>
     <span class='ocr_line' id='line_1_29' title="bbox 97 1945 1870 2000; baseline 0 -12"><span class='ocrx_word' id='word_1_276' title='bbox 97 1945 254 1988; x_wconf 85' lang='lat' dir='ltr'>tiatum</span> <span class='ocrx_word' id='word_1_277' title='bbox 278 1950 345 1989; x_wconf 88' lang='lat' dir='ltr'>est</span> <span class='ocrx_word' id='word_1_278' title='bbox 378 1947 430 1989; x_wconf 89' lang='lat' dir='ltr'>de</span> <span class='ocrx_word' id='word_1_279' title='bbox 453 1961 566 1989; x_wconf 88' lang='lat' dir='ltr'>noua</span> <span class='ocrx_word' id='word_1_280' title='bbox 598 1946 642 1988; x_wconf 90' lang='lat' dir='ltr'>in</span> <span class='ocrx_word' id='word_1_281' title='bbox 665 1946 772 1989; x_wconf 90' lang='lat' dir='ltr'>mari</span> <span class='ocrx_word' id='word_1_282' title='bbox 808 1947 970 1989; x_wconf 86' lang='lat' dir='ltr'>nostris</span> <span class='ocrx_word' id='word_1_283' title='bbox 993 1950 1121 2000; x_wconf 88' lang='lat' dir='ltr'>parta</span> <span class='ocrx_word' id='word_1_284' title='bbox 1144 1950 1188 1988; x_wconf 90' lang='lat' dir='ltr'>et</span> <span class='ocrx_word' id='word_1_285' title='bbox 1212 1947 1418 1989; x_wconf 88' lang='lat' dir='ltr'>diuinitus</span> <span class='ocrx_word' id='word_1_286' title='bbox 1442 1961 1648 1989; x_wconf 89' lang='lat' dir='ltr'>concessa</span> <span class='ocrx_word' id='word_1_287' title='bbox 1671 1946 1870 1997; x_wconf 89' lang='lat' dir='ltr'>victoria,</span> 
     </span>
     <span class='ocr_line' id='line_1_30' title="bbox 96 2011 1874 2064; baseline 0.001 -11"><span class='ocrx_word' id='word_1_288' title='bbox 96 2025 227 2064; x_wconf 90' lang='lat' dir='ltr'>quam</span> <span class='ocrx_word' id='word_1_289' title='bbox 260 2011 509 2054; x_wconf 88' lang='lat' dir='ltr'>diuturnam</span> <span class='ocrx_word' id='word_1_290' title='bbox 543 2012 739 2054; x_wconf 84' lang='lat' dir='ltr'>Christus</span> <span class='ocrx_word' id='word_1_291' title='bbox 773 2015 817 2054; x_wconf 91' lang='lat' dir='ltr'>et</span> <span class='ocrx_word' id='word_1_292' title='bbox 850 2012 1076 2054; x_wconf 81' lang='lat' dir='ltr'>Ecclesiae</span> <span class='ocrx_word' id='word_1_293' title='bbox 1109 2026 1214 2054; x_wconf 91' lang='lat' dir='ltr'>suae</span> <span class='ocrx_word' id='word_1_294' title='bbox 1247 2012 1415 2054; x_wconf 86' lang='lat' dir='ltr'>felicem</span> <span class='ocrx_word' id='word_1_295' title='bbox 1450 2026 1544 2054; x_wconf 91' lang='lat' dir='ltr'>esse</span> <span class='ocrx_word' id='word_1_296' title='bbox 1578 2012 1684 2054; x_wconf 88' lang='lat' dir='ltr'>uelit</span> <span class='ocrx_word' id='word_1_297' title='bbox 1701 2012 1728 2054; x_wconf 70' lang='lat'>7.</span> <span class='ocrx_word' id='word_1_298' title='bbox 1785 2011 1874 2054; x_wconf 87' lang='lat' dir='ltr'>Ora</span> 
     </span>
     <span class='ocr_line' id='line_1_31' title="bbox 96 2077 1870 2132; baseline 0.001 -14"><span class='ocrx_word' id='word_1_299' title='bbox 96 2090 174 2130; x_wconf 86' lang='lat' dir='ltr'>pro</span> <span class='ocrx_word' id='word_1_300' title='bbox 213 2091 280 2118; x_wconf 88' lang='lat' dir='ltr'>me</span> <span class='ocrx_word' id='word_1_301' title='bbox 314 2077 458 2128; x_wconf 88' lang='lat' dir='ltr'>Pater,</span> <span class='ocrx_word' id='word_1_302' title='bbox 492 2080 699 2132; x_wconf 88' lang='lat' dir='ltr'>tuumque</span> <span class='ocrx_word' id='word_1_303' title='bbox 733 2078 950 2120; x_wconf 86' lang='lat' dir='ltr'>Canisium</span> <span class='ocrx_word' id='word_1_304' title='bbox 983 2077 1097 2120; x_wconf 86' lang='lat' dir='ltr'>iuua.</span> <span class='ocrx_word' id='word_1_305' title='bbox 1186 2077 1420 2131; x_wconf 89' lang='lat' dir='ltr'>Oeniponti</span> <span class='ocrx_word' id='word_1_306' title='bbox 1465 2080 1519 2119; x_wconf 66' lang='lat'>24</span> <span class='ocrx_word' id='word_1_307' title='bbox 1554 2077 1706 2120; x_wconf 88' lang='lat' dir='ltr'>Octob.</span> <span class='ocrx_word' id='word_1_308' title='bbox 1746 2079 1870 2119; x_wconf 83' lang='lat'>1571.</span> 
     </span>
     <span class='ocr_line' id='line_1_32' title="bbox 987 2143 1751 2186; baseline 0.001 -2"><span class='ocrx_word' id='word_1_309' title='bbox 987 2143 1147 2185; x_wconf 83' lang='lat' dir='ltr'>Seruus</span> <span class='ocrx_word' id='word_1_310' title='bbox 1180 2143 1223 2184; x_wconf 89' lang='lat' dir='ltr'>in</span> <span class='ocrx_word' id='word_1_311' title='bbox 1257 2143 1427 2185; x_wconf 87' lang='lat' dir='ltr'>Christo</span> <span class='ocrx_word' id='word_1_312' title='bbox 1463 2143 1507 2184; x_wconf 88' lang='lat' dir='ltr'>P:</span> <span class='ocrx_word' id='word_1_313' title='bbox 1543 2143 1751 2186; x_wconf 81' lang='lat' dir='ltr'>Canisius.</span> 
     </span>
     <span class='ocr_line' id='line_1_33' title="bbox 217 2207 1872 2260; baseline 0.001 -11"><span class='ocrx_word' id='word_1_314' title='bbox 217 2207 244 2260; x_wconf 82' lang='lat'><strong>†</strong></span> <span class='ocrx_word' id='word_1_315' title='bbox 267 2207 509 2249; x_wconf 88' lang='lat' dir='ltr'>Admodum</span> <span class='ocrx_word' id='word_1_316' title='bbox 546 2209 800 2251; x_wconf 86' lang='lat' dir='ltr'>Reuerendo</span> <span class='ocrx_word' id='word_1_317' title='bbox 834 2209 968 2259; x_wconf 85' lang='lat' dir='ltr'>Patri,</span> <span class='ocrx_word' id='word_1_318' title='bbox 1005 2209 1051 2252; x_wconf 83' lang='lat' dir='ltr'>P.</span> <span class='ocrx_word' id='word_1_319' title='bbox 1078 2209 1304 2251; x_wconf 91' lang='lat' dir='ltr'>Euerardo</span> <span class='ocrx_word' id='word_1_320' title='bbox 1336 2209 1610 2251; x_wconf 87' lang='lat' dir='ltr'>Mercuriano</span> <span class='ocrx_word' id='word_1_321' title='bbox 1635 2208 1872 2250; x_wconf 86' lang='lat' dir='ltr'>Assistenti</span> 
     </span>
    </p>
   </div>
   <div class='ocr_carea' id='block_1_3' title="bbox 94 2272 1290 2376">
    <p class='ocr_par' dir='ltr' id='par_1_3' title="bbox 94 2272 1290 2376">
     <span class='ocr_line' id='line_1_34' title="bbox 94 2272 1141 2326; baseline 0.001 -12"><span class='ocrx_word' id='word_1_322' title='bbox 94 2275 142 2315; x_wconf 88' lang='lat' dir='ltr'>et</span> <span class='ocrx_word' id='word_1_323' title='bbox 174 2272 395 2326; x_wconf 85' lang='lat' dir='ltr'>Theologo</span> <span class='ocrx_word' id='word_1_324' title='bbox 429 2273 653 2315; x_wconf 87' lang='lat' dir='ltr'>societatis</span> <span class='ocrx_word' id='word_1_325' title='bbox 685 2274 839 2317; x_wconf 82' lang='lat' dir='ltr'>JESV,</span> <span class='ocrx_word' id='word_1_326' title='bbox 964 2274 1141 2316; x_wconf 86' lang='lat' dir='ltr'>Romae.</span> 
     </span>
     <span class='ocr_line' id='line_1_35' title="bbox 215 2342 1290 2376; baseline 0.003 -10"><span class='ocrx_word' id='word_1_327' title='bbox 215 2342 242 2373; x_wconf 85' lang='lat' dir='ltr'>a)</span> <span class='ocrx_word' id='word_1_328' title='bbox 264 2343 311 2367; x_wconf 77' lang='lat' dir='ltr'>Ita</span> <span class='ocrx_word' id='word_1_329' title='bbox 333 2344 361 2367; x_wconf 87' lang='lat' dir='ltr'>C.</span> <span class='ocrx_word' id='word_1_330' title='bbox 381 2343 509 2368; x_wconf 68' lang='lat' dir='ltr'>cori-exit</span> <span class='ocrx_word' id='word_1_331' title='bbox 529 2351 564 2368; x_wconf 66' lang='lat' dir='ltr'>ex</span> <span class='ocrx_word' id='word_1_332' title='bbox 584 2343 703 2368; x_wconf 83' lang='lat' dir='ltr'>mature</span> <span class='ocrx_word' id='word_1_333' title='bbox 723 2343 925 2376; x_wconf 80' lang='lat' dir='ltr'>promoueant</span> <span class='ocrx_word' id='word_1_334' title='bbox 945 2342 1102 2376; x_wconf 82' lang='lat' dir='ltr'>solideque</span> <span class='ocrx_word' id='word_1_335' title='bbox 1122 2342 1290 2376; x_wconf 79' lang='lat' dir='ltr'>perficiant.</span> 
     </span>
    </p>
   </div>
   <div class='ocr_carea' id='block_1_4' title="bbox 98 2405 231 2407">
    <p class='ocr_par' dir='ltr' id='par_1_4' title="bbox 98 2405 231 2407">
     <span class='ocr_line' id='line_1_36' title="bbox 98 2405 231 2407; baseline 0 0"><span class='ocrx_word' id='word_1_336' title='bbox 98 2405 231 2407; x_wconf 95' lang='lat' dir='ltr'> </span> 
     </span>
    </p>
   </div>
   <div class='ocr_carea' id='block_1_5' title="bbox 247 2405 365 2407">
    <p class='ocr_par' dir='ltr' id='par_1_5' title="bbox 247 2405 365 2407">
     <span class='ocr_line' id='line_1_37' title="bbox 247 2405 365 2407; baseline 0 0"><span class='ocrx_word' id='word_1_337' title='bbox 247 2405 365 2407; x_wconf 95' lang='lat' dir='ltr'> </span> 
     </span>
    </p>
   </div>
   <div class='ocr_carea' id='block_1_6' title="bbox 440 2406 526 2407">
    <p class='ocr_par' dir='ltr' id='par_1_6' title="bbox 440 2406 526 2407">
     <span class='ocr_line' id='line_1_38' title="bbox 440 2406 526 2407; baseline 0 0"><span class='ocrx_word' id='word_1_338' title='bbox 440 2406 526 2407; x_wconf 95' lang='lat' dir='ltr'> </span> 
     </span>
    </p>
   </div>
   <div class='ocr_carea' id='block_1_7' title="bbox 93 2437 1874 3125">
    <p class='ocr_par' dir='ltr' id='par_1_7' title="bbox 220 2437 1872 2483">
     <span class='ocr_line' id='line_1_39' title="bbox 220 2437 1872 2483; baseline 0 -11"><span class='ocrx_word' id='word_1_339' title='bbox 220 2439 228 2458; x_wconf 91' lang='lat'><strong>¹</strong></span> <span class='ocrx_word' id='word_1_340' title='bbox 255 2438 401 2472; x_wconf 87' lang='lat' dir='ltr'>Librum</span> <span class='ocrx_word' id='word_1_341' title='bbox 429 2439 471 2472; x_wconf 88' lang='lat' dir='ltr'>de</span> <span class='ocrx_word' id='word_1_342' title='bbox 491 2437 524 2472; x_wconf 84' lang='lat' dir='ltr'>S.</span> <span class='ocrx_word' id='word_1_343' title='bbox 545 2439 675 2472; x_wconf 87' lang='lat' dir='ltr'>Ioanne</span> <span class='ocrx_word' id='word_1_344' title='bbox 695 2439 861 2483; x_wconf 80' lang='lat' dir='ltr'>Baptista</span> <span class='ocrx_word' id='word_1_345' title='bbox 888 2439 1063 2473; x_wconf 86' lang='lat' dir='ltr'>adversus</span> <span class='ocrx_word' id='word_1_346' title='bbox 1083 2439 1352 2473; x_wconf 81' lang='lat' dir='ltr'>Centuriatores</span> <span class='ocrx_word' id='word_1_347' title='bbox 1380 2450 1400 2472; x_wconf 90' lang='lat' dir='ltr'>a</span> <span class='ocrx_word' id='word_1_348' title='bbox 1418 2450 1457 2472; x_wconf 87' lang='lat' dir='ltr'>se</span> <span class='ocrx_word' id='word_1_349' title='bbox 1476 2438 1650 2483; x_wconf 86' lang='lat' dir='ltr'>scriptum</span> <span class='ocrx_word' id='word_1_350' title='bbox 1678 2438 1872 2481; x_wconf 80' lang='lat' dir='ltr'>significat.</span> 
     </span>
    </p>

    <p class='ocr_par' dir='ltr' id='par_1_8' title="bbox 217 2491 1226 2536">
     <span class='ocr_line' id='line_1_40' title="bbox 217 2491 1226 2536; baseline 0 -10"><span class='ocrx_word' id='word_1_351' title='bbox 217 2491 230 2511; x_wconf 81' lang='lat'><strong>²</strong></span> <span class='ocrx_word' id='word_1_352' title='bbox 255 2491 347 2526; x_wconf 91' lang='lat' dir='ltr'>Vide</span> <span class='ocrx_word' id='word_1_353' title='bbox 374 2503 484 2536; x_wconf 84' lang='lat' dir='ltr'>supra</span> <span class='ocrx_word' id='word_1_354' title='bbox 510 2504 543 2536; x_wconf 89' lang='lat' dir='ltr'>p.</span> <span class='ocrx_word' id='word_1_355' title='bbox 562 2491 660 2526; x_wconf 80' lang='lat'>420¹.</span> <span class='ocrx_word' id='word_1_356' title='bbox 807 2493 820 2512; x_wconf 75' lang='lat'>³</span> <span class='ocrx_word' id='word_1_357' title='bbox 845 2492 998 2526; x_wconf 85' lang='lat' dir='ltr'>Paulum</span> <span class='ocrx_word' id='word_1_358' title='bbox 1026 2492 1226 2526; x_wconf 90' lang='lat' dir='ltr'>Hoffaeum.</span> 
     </span>
    </p>

    <p class='ocr_par' dir='ltr' id='par_1_9' title="bbox 216 2545 1454 2590">
     <span class='ocr_line' id='line_1_41' title="bbox 216 2545 1454 2590; baseline 0 -11"><span class='ocrx_word' id='word_1_359' title='bbox 216 2547 229 2565; x_wconf 74' lang='lat'>4</span> <span class='ocrx_word' id='word_1_360' title='bbox 255 2545 480 2579; x_wconf 87' lang='lat' dir='ltr'>Ferdinando</span> <span class='ocrx_word' id='word_1_361' title='bbox 508 2545 551 2579; x_wconf 81' lang='grc' dir='ltr'>ΙΙ.</span> <span class='ocrx_word' id='word_1_362' title='bbox 579 2545 776 2579; x_wconf 86' lang='lat' dir='ltr'>archiduci.</span> <span class='ocrx_word' id='word_1_363' title='bbox 923 2546 935 2565; x_wconf 86' lang='lat'>⁵</span> <span class='ocrx_word' id='word_1_364' title='bbox 961 2545 1053 2579; x_wconf 89' lang='lat' dir='ltr'>Vide</span> <span class='ocrx_word' id='word_1_365' title='bbox 1080 2557 1190 2590; x_wconf 89' lang='lat' dir='ltr'>supra</span> <span class='ocrx_word' id='word_1_366' title='bbox 1218 2558 1250 2590; x_wconf 92' lang='lat' dir='ltr'>p.</span> <span class='ocrx_word' id='word_1_367' title='bbox 1277 2545 1347 2579; x_wconf 73' lang='lat'>420</span> <span class='ocrx_word' id='word_1_368' title='bbox 1373 2545 1454 2579; x_wconf 77' lang='lat'>425.</span> 
     </span>
    </p>

    <p class='ocr_par' dir='ltr' id='par_1_10' title="bbox 95 2597 1873 2751">
     <span class='ocr_line' id='line_1_42' title="bbox 216 2597 1873 2643; baseline 0 -11"><span class='ocrx_word' id='word_1_369' title='bbox 216 2599 229 2618; x_wconf 76' lang='lat'><strong>⁶</strong></span> <span class='ocrx_word' id='word_1_370' title='bbox 256 2597 472 2633; x_wconf 85' lang='lat' dir='ltr'>Godefridus</span> <span class='ocrx_word' id='word_1_371' title='bbox 491 2599 572 2633; x_wconf 80' lang='lat' dir='ltr'>Zott</span> <span class='ocrx_word' id='word_1_372' title='bbox 597 2598 692 2632; x_wconf 86' lang='lat' dir='ltr'>filius</span> <span class='ocrx_word' id='word_1_373' title='bbox 711 2598 915 2633; x_wconf 81' lang='lat' dir='ltr'>Sebastiani</span> <span class='ocrx_word' id='word_1_374' title='bbox 934 2599 1024 2640; x_wconf 87' lang='lat' dir='ltr'>Zott,</span> <span class='ocrx_word' id='word_1_375' title='bbox 1053 2599 1248 2633; x_wconf 83' lang='lat' dir='ltr'>consiliarii</span> <span class='ocrx_word' id='word_1_376' title='bbox 1274 2599 1461 2642; x_wconf 88' lang='lat' dir='ltr'>regiminis</span> <span class='ocrx_word' id='word_1_377' title='bbox 1482 2598 1648 2632; x_wconf 87' lang='lat' dir='ltr'>Austriae</span> <span class='ocrx_word' id='word_1_378' title='bbox 1666 2598 1873 2643; x_wconf 83' lang='lat' dir='ltr'>superioris,</span> 
     </span>
     <span class='ocr_line' id='line_1_43' title="bbox 95 2652 1873 2696; baseline 0.001 -11"><span class='ocrx_word' id='word_1_379' title='bbox 95 2663 178 2685; x_wconf 87' lang='lat' dir='ltr'>cum</span> <span class='ocrx_word' id='word_1_380' title='bbox 198 2652 231 2685; x_wconf 92' lang='lat' dir='ltr'>in</span> <span class='ocrx_word' id='word_1_381' title='bbox 252 2652 404 2695; x_wconf 85' lang='lat' dir='ltr'>collegio</span> <span class='ocrx_word' id='word_1_382' title='bbox 429 2653 634 2696; x_wconf 85' lang='lat' dir='ltr'>germanico</span> <span class='ocrx_word' id='word_1_383' title='bbox 654 2653 838 2686; x_wconf 84' lang='lat' dir='ltr'>convictor</span> <span class='ocrx_word' id='word_1_384' title='bbox 857 2652 996 2695; x_wconf 84' lang='lat' dir='ltr'>fuisset,</span> <span class='ocrx_word' id='word_1_385' title='bbox 1023 2652 1067 2686; x_wconf 92' lang='lat' dir='ltr'>ob</span> <span class='ocrx_word' id='word_1_386' title='bbox 1087 2652 1266 2686; x_wconf 83' lang='lat' dir='ltr'>infirmam</span> <span class='ocrx_word' id='word_1_387' title='bbox 1285 2652 1530 2686; x_wconf 87' lang='lat' dir='ltr'>valetudinem</span> <span class='ocrx_word' id='word_1_388' title='bbox 1551 2654 1586 2686; x_wconf 87' lang='lat' dir='ltr'>et</span> <span class='ocrx_word' id='word_1_389' title='bbox 1605 2652 1696 2686; x_wconf 88' lang='lat' dir='ltr'>alias</span> <span class='ocrx_word' id='word_1_390' title='bbox 1715 2653 1873 2687; x_wconf 85' lang='lat' dir='ltr'>rationes</span> 
     </span>
     <span class='ocr_line' id='line_1_44' title="bbox 96 2706 738 2751; baseline 0.002 -12"><span class='ocrx_word' id='word_1_391' title='bbox 96 2718 141 2739; x_wconf 84' lang='lat' dir='ltr'>ex</span> <span class='ocrx_word' id='word_1_392' title='bbox 168 2718 209 2739; x_wconf 88' lang='lat' dir='ltr'>eo</span> <span class='ocrx_word' id='word_1_393' title='bbox 237 2706 391 2743; x_wconf 83' lang='lat' dir='ltr'>exierat:</span> <span class='ocrx_word' id='word_1_394' title='bbox 420 2718 454 2740; x_wconf 89' lang='lat' dir='ltr'>v.</span> <span class='ocrx_word' id='word_1_395' title='bbox 474 2707 569 2740; x_wconf 84' lang='lat' dir='ltr'>infra</span> <span class='ocrx_word' id='word_1_396' title='bbox 595 2718 629 2751; x_wconf 87' lang='lat' dir='ltr'>p.</span> <span class='ocrx_word' id='word_1_397' title='bbox 655 2706 738 2741; x_wconf 89' lang='grc'><strong>491.</strong></span> 
     </span>
    </p>

    <p class='ocr_par' dir='ltr' id='par_1_11' title="bbox 93 2758 1874 3125">
     <span class='ocr_line' id='line_1_45' title="bbox 216 2758 1870 2805; baseline 0.001 -13"><span class='ocrx_word' id='word_1_398' title='bbox 216 2759 228 2779; x_wconf 83' lang='lat'><strong>⁷</strong></span> <span class='ocrx_word' id='word_1_399' title='bbox 256 2758 401 2793; x_wconf 87' lang='lat' dir='ltr'>Classes</span> <span class='ocrx_word' id='word_1_400' title='bbox 426 2759 623 2804; x_wconf 84' lang='lat' dir='ltr'>hispanica,</span> <span class='ocrx_word' id='word_1_401' title='bbox 651 2762 792 2799; x_wconf 87' lang='lat' dir='ltr'>veneta,</span> <span class='ocrx_word' id='word_1_402' title='bbox 820 2759 1002 2804; x_wconf 89' lang='lat' dir='ltr'>pontificia</span> <span class='ocrx_word' id='word_1_403' title='bbox 1029 2759 1062 2794; x_wconf 83' lang='lat' dir='ltr'>S.</span> <span class='ocrx_word' id='word_1_404' title='bbox 1083 2759 1137 2793; x_wconf 88' lang='lat' dir='ltr'>Pii</span> <span class='ocrx_word' id='word_1_405' title='bbox 1157 2759 1199 2793; x_wconf 88' lang='lat' dir='ltr'>V.</span> <span class='ocrx_word' id='word_1_406' title='bbox 1227 2771 1334 2804; x_wconf 81' lang='lat' dir='ltr'>opera</span> <span class='ocrx_word' id='word_1_407' title='bbox 1361 2759 1455 2792; x_wconf 85' lang='lat' dir='ltr'>inter</span> <span class='ocrx_word' id='word_1_408' title='bbox 1480 2771 1519 2793; x_wconf 88' lang='lat' dir='ltr'>se</span> <span class='ocrx_word' id='word_1_409' title='bbox 1546 2760 1758 2794; x_wconf 87' lang='lat' dir='ltr'>coniunctae</span> <span class='ocrx_word' id='word_1_410' title='bbox 1777 2760 1870 2805; x_wconf 88' lang='lat' dir='ltr'>apud</span> 
     </span>
     <span class='ocr_line' id='line_1_46' title="bbox 96 2811 1871 2858; baseline 0.002 -13"><span class='ocrx_word' id='word_1_411' title='bbox 96 2811 299 2846; x_wconf 85' lang='lat' dir='ltr'>Echinadas</span> <span class='ocrx_word' id='word_1_412' title='bbox 325 2812 462 2847; x_wconf 90' lang='lat' dir='ltr'>insulas</span> <span class='ocrx_word' id='word_1_413' title='bbox 488 2814 566 2847; x_wconf 86' lang='lat' dir='ltr'>sive</span> <span class='ocrx_word' id='word_1_414' title='bbox 592 2813 819 2858; x_wconf 86' lang='lat' dir='ltr'>Naupactum</span> <span class='ocrx_word' id='word_1_415' title='bbox 850 2812 1042 2857; x_wconf 88' lang='lat' dir='ltr'>(Lepanto)</span> <span class='ocrx_word' id='word_1_416' title='bbox 1078 2813 1144 2847; x_wconf 90' lang='lat' dir='ltr'>sub</span> <span class='ocrx_word' id='word_1_417' title='bbox 1172 2813 1304 2846; x_wconf 88' lang='lat' dir='ltr'>Ioanne</span> <span class='ocrx_word' id='word_1_418' title='bbox 1331 2812 1500 2846; x_wconf 87' lang='lat' dir='ltr'>Austriae</span> <span class='ocrx_word' id='word_1_419' title='bbox 1536 2813 1626 2847; x_wconf 88' lang='lat' dir='ltr'>duce</span> <span class='ocrx_word' id='word_1_420' title='bbox 1656 2812 1751 2856; x_wconf 88' lang='lat' dir='ltr'>(Don</span> <span class='ocrx_word' id='word_1_421' title='bbox 1776 2814 1871 2848; x_wconf 85' lang='lat' dir='ltr'>Juan</span> 
     </span>
     <span class='ocr_line' id='line_1_47' title="bbox 96 2865 1871 2911; baseline 0.002 -13"><span class='ocrx_word' id='word_1_422' title='bbox 96 2865 306 2909; x_wconf 83' lang='lat' dir='ltr'>d‘Austria)</span> <span class='ocrx_word' id='word_1_423' title='bbox 337 2867 368 2900; x_wconf 86' lang='lat'>7.</span> <span class='ocrx_word' id='word_1_424' title='bbox 396 2865 562 2901; x_wconf 83' lang='lat' dir='ltr'>Octobris</span> <span class='ocrx_word' id='word_1_425' title='bbox 591 2866 679 2900; x_wconf 72' lang='lat'>1-571</span> <span class='ocrx_word' id='word_1_426' title='bbox 718 2867 761 2900; x_wconf 88' lang='lat' dir='ltr'>de</span> <span class='ocrx_word' id='word_1_427' title='bbox 797 2866 913 2900; x_wconf 86' lang='lat' dir='ltr'>classe</span> <span class='ocrx_word' id='word_1_428' title='bbox 948 2867 1086 2900; x_wconf 87' lang='lat' dir='ltr'>turcica</span> <span class='ocrx_word' id='word_1_429' title='bbox 1121 2866 1359 2900; x_wconf 85' lang='lat' dir='ltr'>clarissimam</span> <span class='ocrx_word' id='word_1_430' title='bbox 1395 2866 1586 2900; x_wconf 83' lang='lat' dir='ltr'>victoriam</span> <span class='ocrx_word' id='word_1_431' title='bbox 1622 2869 1871 2911; x_wconf 77' lang='lat' dir='ltr'>reportaruut3</span> 
     </span>
     <span class='ocr_line' id='line_1_48' title="bbox 95 2918 1872 2964; baseline 0.001 -12"><span class='ocrx_word' id='word_1_432' title='bbox 95 2930 203 2962; x_wconf 86' lang='lat' dir='ltr'>quam</span> <span class='ocrx_word' id='word_1_433' title='bbox 220 2918 308 2953; x_wconf 86' lang='lat' dir='ltr'>Pius</span> <span class='ocrx_word' id='word_1_434' title='bbox 326 2918 368 2953; x_wconf 92' lang='lat' dir='ltr'>V.</span> <span class='ocrx_word' id='word_1_435' title='bbox 389 2922 424 2954; x_wconf 84' lang='lat' dir='ltr'>et</span> <span class='ocrx_word' id='word_1_436' title='bbox 443 2931 483 2954; x_wconf 87' lang='lat' dir='ltr'>eo</span> <span class='ocrx_word' id='word_1_437' title='bbox 501 2919 578 2964; x_wconf 89' lang='lat' dir='ltr'>ipso</span> <span class='ocrx_word' id='word_1_438' title='bbox 596 2922 766 2964; x_wconf 87' lang='lat' dir='ltr'>tempore,</span> <span class='ocrx_word' id='word_1_439' title='bbox 794 2931 863 2964; x_wconf 90' lang='lat' dir='ltr'>quo</span> <span class='ocrx_word' id='word_1_440' title='bbox 883 2920 1122 2964; x_wconf 83' lang='lat' dir='ltr'>pugnabatur,</span> <span class='ocrx_word' id='word_1_441' title='bbox 1143 2919 1293 2953; x_wconf 86' lang='lat' dir='ltr'>coelitus</span> <span class='ocrx_word' id='word_1_442' title='bbox 1312 2920 1492 2963; x_wconf 84' lang='lat' dir='ltr'>cognovit,</span> <span class='ocrx_word' id='word_1_443' title='bbox 1521 2922 1557 2954; x_wconf 85' lang='lat' dir='ltr'>et</span> <span class='ocrx_word' id='word_1_444' title='bbox 1575 2920 1701 2954; x_wconf 86' lang='lat' dir='ltr'>rosarii</span> <span class='ocrx_word' id='word_1_445' title='bbox 1719 2921 1872 2955; x_wconf 82' lang='lat' dir='ltr'>mariani</span> 
     </span>
     <span class='ocr_line' id='line_1_49' title="bbox 96 2972 1873 3018; baseline 0.001 -12"><span class='ocrx_word' id='word_1_446' title='bbox 96 2972 272 3017; x_wconf 86' lang='lat' dir='ltr'>precibus,</span> <span class='ocrx_word' id='word_1_447' title='bbox 308 2983 400 3016; x_wconf 89' lang='lat' dir='ltr'>quae</span> <span class='ocrx_word' id='word_1_448' title='bbox 427 2985 467 3006; x_wconf 90' lang='lat' dir='ltr'>eo</span> <span class='ocrx_word' id='word_1_449' title='bbox 493 2973 549 3007; x_wconf 87' lang='lat' dir='ltr'>die</span> <span class='ocrx_word' id='word_1_450' title='bbox 584 2973 620 3007; x_wconf 91' lang='lat' dir='ltr'>in</span> <span class='ocrx_word' id='word_1_451' title='bbox 655 2973 825 3007; x_wconf 87' lang='lat' dir='ltr'>universa</span> <span class='ocrx_word' id='word_1_452' title='bbox 861 2973 1014 3007; x_wconf 89' lang='lat' dir='ltr'>ecclesia</span> <span class='ocrx_word' id='word_1_453' title='bbox 1049 2973 1304 3014; x_wconf 75' lang='lat' dir='ltr'>recitabantur,</span> <span class='ocrx_word' id='word_1_454' title='bbox 1342 2974 1573 3018; x_wconf 84' lang='lat' dir='ltr'>impetratam</span> <span class='ocrx_word' id='word_1_455' title='bbox 1609 2985 1688 3008; x_wconf 88' lang='lat' dir='ltr'>esse</span> <span class='ocrx_word' id='word_1_456' title='bbox 1721 2975 1873 3008; x_wconf 84' lang='lat' dir='ltr'>censuit.</span> 
     </span>
     <span class='ocr_line' id='line_1_50' title="bbox 94 3025 1874 3071; baseline 0.002 -12"><span class='ocrx_word' id='word_1_457' title='bbox 94 3025 173 3067; x_wconf 78' lang='lat' dir='ltr'>Qua</span> <span class='ocrx_word' id='word_1_458' title='bbox 199 3025 343 3069; x_wconf 90' lang='lat' dir='ltr'>quidem</span> <span class='ocrx_word' id='word_1_459' title='bbox 370 3025 522 3060; x_wconf 88' lang='lat' dir='ltr'>victoria</span> <span class='ocrx_word' id='word_1_460' title='bbox 550 3026 745 3061; x_wconf 85' lang='lat' dir='ltr'>Christiani</span> <span class='ocrx_word' id='word_1_461' title='bbox 781 3026 886 3070; x_wconf 85' lang='lat' dir='ltr'>longe</span> <span class='ocrx_word' id='word_1_462' title='bbox 913 3026 1041 3067; x_wconf 86' lang='lat' dir='ltr'>minus,</span> <span class='ocrx_word' id='word_1_463' title='bbox 1077 3038 1184 3071; x_wconf 88' lang='lat' dir='ltr'>quam</span> <span class='ocrx_word' id='word_1_464' title='bbox 1222 3038 1286 3071; x_wconf 84' lang='lat' dir='ltr'>par</span> <span class='ocrx_word' id='word_1_465' title='bbox 1312 3030 1401 3068; x_wconf 87' lang='lat' dir='ltr'>erat,</span> <span class='ocrx_word' id='word_1_466' title='bbox 1436 3027 1492 3061; x_wconf 86' lang='lat' dir='ltr'>usi</span> <span class='ocrx_word' id='word_1_467' title='bbox 1518 3029 1621 3067; x_wconf 84' lang='lat' dir='ltr'>sunt;</span> <span class='ocrx_word' id='word_1_468' title='bbox 1660 3027 1726 3062; x_wconf 88' lang='lat' dir='ltr'>hoc</span> <span class='ocrx_word' id='word_1_469' title='bbox 1751 3030 1874 3062; x_wconf 88' lang='lat' dir='ltr'>tamen</span> 
     </span>
     <span class='ocr_line' id='line_1_51' title="bbox 93 3079 1674 3125; baseline 0.002 -13"><span class='ocrx_word' id='word_1_470' title='bbox 93 3081 180 3113; x_wconf 84' lang='lat' dir='ltr'>sunt</span> <span class='ocrx_word' id='word_1_471' title='bbox 206 3079 400 3121; x_wconf 83' lang='lat' dir='ltr'>consecuti,</span> <span class='ocrx_word' id='word_1_472' title='bbox 428 3081 467 3113; x_wconf 86' lang='lat' dir='ltr'>ut</span> <span class='ocrx_word' id='word_1_473' title='bbox 493 3079 690 3114; x_wconf 87' lang='lat' dir='ltr'>Turcarum</span> <span class='ocrx_word' id='word_1_474' title='bbox 719 3079 762 3113; x_wconf 89' lang='lat' dir='ltr'>ab</span> <span class='ocrx_word' id='word_1_475' title='bbox 790 3092 830 3114; x_wconf 88' lang='lat' dir='ltr'>eo</span> <span class='ocrx_word' id='word_1_476' title='bbox 859 3082 1018 3125; x_wconf 82' lang='lat' dir='ltr'>tempore</span> <span class='ocrx_word' id='word_1_477' title='bbox 1046 3080 1115 3114; x_wconf 86' lang='lat' dir='ltr'>iam</span> <span class='ocrx_word' id='word_1_478' title='bbox 1143 3080 1255 3114; x_wconf 90' lang='lat' dir='ltr'>multo</span> <span class='ocrx_word' id='word_1_479' title='bbox 1282 3080 1397 3114; x_wconf 90' lang='lat' dir='ltr'>minor</span> <span class='ocrx_word' id='word_1_480' title='bbox 1424 3083 1522 3115; x_wconf 84' lang='lat' dir='ltr'>esset</span> <span class='ocrx_word' id='word_1_481' title='bbox 1547 3084 1674 3115; x_wconf 83' lang='lat' dir='ltr'>terror.</span> 
     </span>
    </p>
   </div>
  </div>
 </body>
</html>
