2044 3335
187 97 271 138 206
676 95 777 130 1586.
804 95 845 130 Ρ.
872 95 1115 131 Theodoricus
1142 96 1308 131 Oanisius
1335 97 1489 132 Canisio.

306 211 569 265 Optaremus
611 210 743 254 etiam
785 212 964 254 tandem
1006 212 1238 265 aliquando
1281 216 1390 257 certi
1432 214 1595 268 aliquid
1638 215 1753 257 circa
1799 216 1956 269 guber-

184 276 418 327 nationem,
453 276 709 318 cerimonias
743 279 787 319 et
810 277 1148 320 exercitationes
1171 277 1296 320 huius
1318 279 1581 321 Academiae
1604 280 1823 331 constitui,
1857 295 1955 323 nam

184 340 396 383 hactenus
438 340 663 382 confusam
706 342 924 394 quandam
960 344 1005 384 et
1036 342 1212 384 mistam
1245 343 1464 385 variarum
1497 344 1832 387 Academiarum
1864 349 1955 388 tra-

185 405 390 447 ditionem
437 408 482 448 et
527 406 884 448 consuetudinem
930 407 1052 460 sequi
1097 407 1306 451 videmur.
1382 409 1496 451 Nam
1543 423 1683 462 neque
1730 410 1784 452 ab
1832 412 1955 453 ante-

184 470 427 512 cessoribus
459 470 502 512 in
535 471 616 512 hoc
648 472 757 521 loco,
791 485 932 525 neque
965 485 991 513 a
1023 472 1234 514 societate
1266 473 1478 515 hactenus
1511 477 1632 516 certa
1664 474 1775 517 ratio
1799 476 1955 528 guber-

182 535 370 577 nationis
415 535 655 578 constituta
693 539 773 579 est.
838 537 1031 590 Regulas
1063 539 1409 592 praeceptorum,
1444 538 1818 590 scholasticorum,
1863 543 1955 582 tam

183 603 463 642 externorum
497 615 626 653 quam
654 601 891 652 societatiS,
925 601 1138 655 praefecti
1161 602 1402 644 studiorum
1425 607 1508 646 etc.
1532 603 1658 646 auide
1680 603 1767 645 iam
1788 603 1954 658 pridem

183 668 478 719 expectamus.

301 730 620 772 Declarandum
654 733 885 784 praeterea
916 730 1091 774 videtur
1114 731 1168 773 ad
1191 731 1375 775 vitanda
1396 732 1682 784 incommoda,
1717 747 1827 786 quae
1848 747 1956 787 pau—

180 795 303 837 latim
338 795 600 849 experimur,
636 795 730 849 quis
764 797 868 837 ordo
900 796 944 837 in
967 797 1266 850 praecedendo
1289 797 1405 840 inter
1427 798 1697 852 professores
1715 799 1956 840 seruandus

180 860 259 902 sit:
294 860 495 902 nimirum
528 875 583 902 an
618 874 669 902 ea
702 861 745 902 in
777 875 825 902 re
857 861 970 903 ratio
1004 862 1166 904 aetatis
1197 861 1241 904 in
1268 863 1407 915 gradu
1431 863 1671 917 magisterij
1695 877 1772 905 seu
1794 864 1955 906 Docto-

180 928 316 976 ratus,
351 940 407 967 an
440 925 553 968 ratio
583 925 867 979 professionis
890 926 948 968 sit
969 927 1183 977 habenda,
1217 927 1298 969 hoc
1320 931 1401 978 est,
1437 942 1493 970 an
1515 928 1558 969 in
1580 928 1764 982 publicis
1787 928 1955 971 actibus

179 990 394 1044 potiorem
426 992 568 1032 locum
600 990 761 1032 habere
795 991 965 1041 debeat,
1001 991 1073 1045 qui
1106 992 1305 1034 altiorem
1335 993 1606 1047 disciplinam
1628 994 1872 1047 profitetur,
1906 997 1956 1036 vt

182 1056 387 1109 physicus
419 1069 525 1110 prae
556 1055 722 1108 logico:
756 1070 812 1097 an
846 1056 917 1109 qui
950 1057 1084 1110 priori
1116 1058 1212 1099 loco
1245 1060 1290 1100 et
1321 1061 1519 1112 tempore
1542 1059 1725 1112 gradum
1748 1057 1952 1112 suscepit,

182 1121 355 1162 etiamsi
377 1121 626 1163 inferiorem
650 1122 879 1175 praelegat
903 1121 1187 1176 disciplinam.
1220 1123 1338 1165 Jtem
1363 1137 1418 1165 an
1440 1124 1690 1177 praefectus
1713 1122 1954 1165 studiorum

183 1199 331 1227 omnes
364 1186 472 1228 alios
504 1186 756 1240 praecedat,
791 1187 979 1241 exempli
1007 1187 1166 1241 gratia,
1200 1187 1247 1231 P.
1271 1188 1506 1230 Marcellus
1522 1190 1548 1239 1,
1582 1188 1667 1231 iam
1691 1188 1953 1242 praefectus,

185 1251 416 1293 Doctorem
450 1251 669 1301 Pisanum,
704 1251 994 1305 antiquiorem
1028 1252 1189 1306 alioqui
1222 1255 1304 1297 etc.

303 1316 481 1358 Adhaec
522 1316 826 1370 explicandum
869 1317 1092 1360 videretur
1124 1332 1150 1360 a
1182 1318 1315 1361 Patre
1349 1318 1551 1361 Generali
1583 1318 1759 1369 diserte,
1802 1318 1954 1371 quibus

184 1381 226 1422 in
268 1382 399 1422 rebus
440 1382 709 1435 professores
752 1382 996 1424 scholarum
1036 1382 1251 1425 ordinarie
1284 1397 1310 1425 a
1342 1383 1639 1426 communibus
1671 1383 1878 1437 Regulis2
1911 1385 1955 1425 et

184 1446 333 1488 ordine
367 1447 519 1488 domus
551 1447 638 1489 sint
671 1447 901 1490 eximendi.
964 1447 1078 1490 Nam
1114 1448 1395 1491 difficultates
1428 1449 1550 1491 nobis
1583 1450 1782 1499 afferunt,
1816 1448 1955 1502 philo-

183 1512 303 1566 sophi
338 1513 539 1562 maxime,
575 1512 647 1565 qui
680 1527 706 1554 a
737 1512 878 1566 prima
910 1514 1090 1554 mensa3
1122 1527 1232 1567 pene
1264 1527 1435 1567 semper
1467 1514 1622 1555 abesse
1654 1514 1828 1556 volunt:
1862 1515 1953 1554 tum

182 1577 237 1618 ab
270 1577 491 1630 exercitijs
525 1578 824 1631 corporalibus
851 1592 947 1620 sese
970 1579 1231 1621 subtrahunt
1246 1580 1276 1622 4.
1309 1579 1544 1633 scriptores
1567 1593 1622 1620 ex
1643 1579 1854 1621 fratribus
1877 1578 1953 1620 ha—

183 1642 283 1684 bere
315 1643 491 1685 volunt:
524 1643 661 1685 lectos
684 1657 785 1685 suos
808 1646 1019 1694 sternere,
1054 1643 1252 1686 cubicula
1275 1658 1462 1694 verrere,
1496 1647 1752 1697 grauantur,
1785 1643 1952 1686 tardius

180 1707 353 1761 vesperi
394 1707 665 1758 incumbere,
711 1723 838 1750 mane
879 1709 977 1762 plus
1019 1709 1117 1762 alijs
1159 1709 1347 1751 dormire
1380 1713 1463 1752 etc.
1508 1710 1663 1752 solent.
1726 1709 1948 1761 Allegant,

180 1773 345 1815 Romae
392 1773 504 1815 hanc
550 1774 797 1816 libertatem
848 1778 892 1817 et
938 1774 1147 1816 maiorem
1196 1775 1326 1816 etiam
1368 1774 1689 1828 professoribus
1734 1776 1949 1815 constare.

182 1838 286 1879 Mihi
319 1852 422 1880 vero
455 1839 563 1880 haec
594 1852 664 1881 res
696 1839 870 1882 insueta
903 1842 982 1889 est,
1018 1843 1062 1882 et
1094 1840 1325 1893 religiosae
1359 1839 1624 1894 disciplinae,
1658 1852 1752 1880 meo
1779 1838 1949 1888 iudicio,

181 1903 374 1945 nonnihil
406 1904 603 1954 aduersa,
638 1907 818 1958 propter
850 1905 1108 1958 exemplum.
1153 1905 1268 1947 Nam
1300 1904 1481 1958 quisque
1507 1905 1802 1958 professorum
1824 1906 1951 1957 putat

181 1982 228 2010 se
260 1968 304 2009 in
336 1969 425 2010 suis
457 1969 714 2011 lectionibus
747 1984 829 2011 non
863 1970 1004 2012 minus
1037 1970 1176 2012 altero
1210 1970 1388 2019 sudare;
1432 1970 1546 2011 vnde
1585 1970 1720 2012 infert
1755 1968 1947 2022 quisque,

181 2033 261 2074 sibi
295 2033 426 2076 etiam
459 2034 603 2084 licere,
650 2035 787 2087 quoda
828 2035 957 2077 alteri
989 2035 1185 2089 permitti
1217 2035 1349 2078 videt.
1414 2035 1538 2077 Vnde
1569 2035 1746 2077 tandem
1778 2035 1949 2088 pertur-

182 2099 311 2140 batur
343 2099 519 2140 domu&
550 2100 732 2152 reliqua,
768 2100 867 2141 dum
900 2100 1062 2142 fratres
1096 2100 1183 2154 alij,
1217 2103 1425 2153 tanquam
1459 2100 1751 2154 professorum
1784 2098 1947 2148 famuli,

301 2170 328 2199 a)
351 2169 489 2200 Sequitur
509 2167 616 2199 cuiuis,
636 2170 726 2194 omitt.
798 2168 828 2197 b)
850 2170 989 2200 Sequitur
1010 2169 1078 2199 alia,
1098 2170 1187 2194 omitt.

178 2240 379 2285 dispensari
405 2243 536 2285 posset,
573 2240 635 2275 sed
672 2252 752 2274 cum
789 2240 832 2274 iis
858 2243 1011 2282 tantum,
1047 2242 1108 2285 qui
1136 2241 1194 2274 vel
1229 2241 1271 2274 de
1298 2240 1479 2275 Societate
1505 2242 1638 2282 essent,
1674 2239 1734 2274 vel
1767 2239 1834 2273 sub
1871 2238 1947 2272 eius

180 2294 414 2336 „obedienti-a,
451 2293 652 2338 disciplina,
688 2296 724 2327 et
758 2294 978 2328 correctione
1014 2306 1078 2339 pro
1104 2297 1265 2338 tempore
1292 2294 1486 2337 dege1·ent“
1517 2296 1693 2337 (Litterae
1718 2292 1946 2337 Apostolicae

176 2350 243 2381 etc.
270 2348 316 2382 40
342 2346 418 2390 48).
466 2346 566 2388 Quod
593 2349 713 2381 autem
750 2347 792 2381 ad
821 2347 1103 2392 dispensandum
1139 2359 1220 2381 cum
1247 2347 1408 2381 externis
1435 2348 1577 2389 attinet,
1614 2346 1744 2380 dixerit
1771 2346 1851 2389 quis
1877 2345 1945 2378 for-

174 2404 283 2441 tasse,
309 2400 536 2441 Societatem,
563 2412 643 2434 cum
671 2402 742 2434 iam
769 2401 850 2434 inde
877 2401 920 2434 ab
947 2401 1049 2434 initio
1076 2400 1276 2445 privilegiis
1303 2401 1585 2434 mendicantium
1610 2401 1662 2434 uti
1689 2399 1868 2444 potuisset
1894 2398 1944 2441 (id

175 2454 267 2498 quod
295 2453 328 2488 S.
358 2454 444 2488 Pius
462 2454 505 2487 V.
533 2465 562 2488 a.
587 2454 675 2488 1571
704 2454 809 2498 plane
836 2454 1058 2495 enuntiavit;
1088 2454 1133 2488 cf.
1161 2456 1320 2487 Litteras
1345 2453 1562 2498 apostolicas
1589 2456 1656 2488 etc.
1686 2452 1780 2495 120),
1808 2452 1860 2485 uti
1886 2463 1944 2495 po-

175 2507 290 2540 tuisse
316 2507 502 2548 facultate,
540 2519 647 2550 quam
676 2507 790 2541 ordini
816 2507 1044 2541 Minimorum
1073 2507 1198 2541 Sixtus
1227 2507 1285 2541 IV.
1322 2509 1358 2540 et
1384 2507 1496 2540 Iulius
1524 2507 1567 2540 ΙΙ.
1603 2517 1633 2540 a.
1664 2506 1755 2539 1474
1790 2507 1826 2539 et
1853 2505 1943 2539 1506

175 2562 428 2594 concesserant
468 2561 692 2603 (Bullarium
730 2560 970 2594 Romanorum
1010 2560 1224 2594 Pontificum
1253 2561 1295 2600 V,
1338 2561 1526 2603 Augustae
1564 2559 1801 2593 Taurinorum
1843 2557 1943 2599 1860,

175 2613 244 2647 214
270 2613 369 2656 432).
417 2612 515 2654 Quae
542 2625 649 2657 quam
676 2625 762 2647 vere
798 2617 834 2647 et
859 2616 955 2647 certe
983 2614 1150 2648 dicantur
1178 2614 1236 2657 (de
1262 2613 1324 2647 illo
1349 2616 1510 2657 tempore
1536 2612 1672 2656 loquor,
1709 2623 1776 2645 non
1807 2611 1849 2644 de
1875 2610 1944 2644 hac

175 2668 323 2709 aetate),
352 2667 412 2700 alii
432 2667 608 2707 viderint;
636 2669 733 2700 certe
748 2666 989 2700 Theodoricus
1010 2666 1176 2701 Canisius
1202 2667 1351 2710 eiusque
1377 2666 1519 2700 sodales
1546 2677 1587 2699 ea
1612 2677 1681 2699 non
1708 2667 1894 2698 noverant.

299 2720 308 2738 ¹
337 2720 429 2760 Vaz;
459 2720 503 2754 cf.
532 2731 641 2764 supra
668 2732 700 2764 p.
724 2721 804 2754 177.
948 2720 961 2739 2
988 2720 1040 2753 De
1068 2720 1123 2754 his
1150 2732 1184 2754 v.
1209 2721 1293 2753 Can.
1315 2720 1344 2753 V
1366 2719 1562 2753 719—720.

296 2773 308 2791 ³
334 2772 385 2806 De
412 2773 546 2806 mensis
572 2773 688 2817 prima
715 2776 751 2806 et
776 2773 932 2807 secunda
958 2785 992 2807 v.
1025 2774 1110 2808 Can.
1138 2773 1190 2807 III
1217 2773 1312 2807 680³.

295 2827 306 2844 ‘¹
334 2825 385 2858 De
408 2826 612 2867 „exercitiis
639 2826 903 2870 corporalibus⁴⁶
926 2838 961 2860 v.
980 2837 1089 2871 supra
1115 2838 1148 2871 p.
1166 2826 1259 2860 1364.
1294 2826 1335 2860 P.
1354 2827 1598 2868 Hieronymus
1615 2825 1758 2858 Natalis
1776 2823 1942 2857 visitator

175 2888 206 2910 a.
225 2877 314 2911 1563
342 2881 517 2911 rectorem
544 2878 687 2922 collegii
705 2879 984 2913 vindobonensis
1010 2879 1166 2914 monuit:
1196 2878 1406 2913 Cubiculum
1440 2880 1606 2920 „uerrant
1630 2877 1699 2922 ipsi
1725 2876 1940 2915 sacerdotes,

175 2929 241 2964 sibi
269 2933 434 2964 sternant
459 2931 591 2972 lectos;
627 2932 694 2966 hoc
729 2933 837 2965 etiam
872 2932 1090 2975 intelligitur
1117 2933 1159 2966 de
1186 2932 1404 2966 confessario
1431 2932 1566 2973 domus,
1603 2930 1861 2971 concionatore,
1898 2929 1940 2962 de

175 2983 440 3027 professoribus
464 2984 678 3027 theologiae,
717 2996 799 3018 nam
826 2985 869 3018 de
896 2984 977 3019 aliis
1003 2996 1062 3019 res
1088 2984 1323 3019 committitur
1348 2984 1626 3028 superioribus“.
1677 2983 1938 3026 Nonnunquam

174 3038 295 3070 tamen
323 3036 433 3080 aliqui
459 3049 529 3070 non
556 3038 698 3071 omnino
717 3038 871 3081 quidem,
898 3038 960 3072 sed
988 3038 1108 3082 aliqua
1136 3050 1181 3072 ex
1203 3040 1305 3083 parte
1323 3038 1597 3083 excipiebantur
1625 3037 1728 3082 (Epp.
1747 3036 1871 3070 Nadal
1888 3034 1937 3068 IV

175 3088 245 3123 274
271 3090 338 3123 337
365 3090 433 3123 413
461 3090 559 3133 604).
