2044 3335
504 87 688 131 Herbipoli
717 87 862 121 ineunte
888 86 947 120 vel
973 86 1090 119 medio
1116 96 1162 119 m.
1182 84 1298 130 Aprili
1328 83 1429 118 1568.
1774 85 1855 126 185

85 207 173 247 eius
209 209 400 246 auctores
433 204 621 244 creditus
653 218 813 256 rumor,
848 204 1148 245 Reuerendum
1171 203 1220 244 P.
1245 202 1420 243 Petrum
1445 202 1667 243 Canisium
1692 200 1860 241 deserta

80 271 165 326 fide
198 270 400 311 catholica
434 268 494 309 aol
526 267 827 320 confessionem
860 270 1160 323 Auyustanam
1203 266 1416 319 defecisse,
1459 280 1586 321 quemn
1619 279 1706 306 rem
1740 266 1862 305 multi

84 341 120 376 et
151 348 339 376 sermone
372 338 408 375 et
440 334 575 374 literis
609 334 707 374 ausi
740 339 837 374 sunt
869 333 1132 387 confirmare.
1195 332 1462 373 Ferebantur
1495 333 1581 372 iam
1616 331 1775 385 aliquot
1807 330 1860 370 ab

82 401 173 454 ipso
205 399 373 441 habitae
405 399 634 451 conciones,
678 399 831 452 quihus
867 413 990 440 suu-m
1025 398 1263 439 declararet
1296 399 1500 450 animum,
1545 401 1581 438 et
1614 396 1673 436 ad
1707 395 1859 436 Caesa-

84 479 199 506 ream
234 465 530 506 Maiestateml
571 465 864 515 transmissae,
909 478 1016 518 quae
1058 477 1161 504 sane
1202 476 1270 504 res
1312 477 1396 504 non
1439 464 1481 502 in
1525 462 1733 502 mediocre
1775 461 1860 501 clis-

84 531 241 571 crimen
280 528 446 582 famam
490 533 679 569 nostram
715 529 833 581 apud
860 530 1083 583 plerosque
1115 541 1298 569 summos
1331 528 1523 581 alioquin
1554 526 1747 579 fautores
1781 525 1861 566 aol-

85 594 275 636 ducebat.
340 593 615 647 Jncipiebant
657 595 766 634 enim
810 594 876 635 liis
915 594 1094 647 permoti
1124 593 1370 634 rumoribus
1402 605 1486 633 non
1518 605 1671 646 parum
1707 591 1758 631 de
1790 604 1861 631 no-

84 665 266 701 strorum
316 659 554 700 constantia
605 658 816 712 dubitare,
866 660 936 700 cui
983 663 1120 699 tamen
1164 658 1354 712 periculo
1399 657 1712 710 sapientissimo
1756 657 1861 697 inito

85 726 256 767 concilio
299 724 644 766 clementissimus
685 728 826 764 noster
864 724 1093 778 princeps²
1125 723 1320 764 occurrit.
1386 722 1568 776 Scripsit
1600 723 1771 776 ipsemet
1804 722 1862 761 aol

85 790 389 832 Sclzolasticum
430 789 585 830 summi
626 789 809 843 templi3‚
852 793 1133 843 rectoremque
1166 787 1354 842 colleyij4
1386 787 1570 828 scribere
1603 787 1773 828 curauit
1806 787 1863 826 acl

84 856 135 897 R.
172 856 219 897 P.
257 854 502 909 Canysium,
548 855 621 908 Qui
663 859 750 894 tum
783 855 983 908 temporis
1015 868 1097 895 non
1131 855 1278 907 procul
1312 853 1459 894 aberat
1472 852 1500 903 5,
1544 853 1792 906 ro'qauitque
1827 856 1864 892 vt

86 921 144 961 ad
180 933 341 974 paucos
383 920 530 960 saltem
571 919 661 960 (lies
694 919 960 974 Herbipolim
993 920 1165 960 veniret.
1231 918 1351 959 Venit
1384 919 1516 972 iyitur
1549 922 1584 958 et
1616 921 1761 958 octauo
1796 917 1864 957 die

79 990 176 1040 post
210 984 363 1038 festum
398 985 592 1026 Paschae
623 985 818 1026 concione
850 984 997 1025 habita
1033 985 1075 1025 in
1111 998 1271 1024 summo
1306 984 1455 1037 templo
1489 988 1523 1024 et
1556 983 1646 1024 alia
1678 982 1865 1037 sequenti

85 1051 182 1092 olie6
223 1052 269 1091 in
308 1050 491 1104 quodam
528 1049 668 1104 pa907
711 1064 850 1091 coram
895 1050 1148 1104 quibusdam
1191 1049 1415 1090 haereticis
1457 1046 1605 1103 [qui]³
1643 1048 1866 1103 praecipui

85 1117 213 1157 liuius
246 1117 431 1156 rumoris
464 1119 655 1156 auctores
685 1115 967 1168 putabantur,
1005 1115 1055 1155 ole
1087 1114 1305 1155 industria
1333 1128 1412 1168 per
1440 1114 1862 1156 Reuerendissimum

79 1183 322 1236 praesulem
356 1181 608 1233 conuocatiS,
642 1182 831 1222 inustam·
865 1181 947 1222 sibi
976 1179 1089 1234 falso
1122 1179 1354 1233 infamiam
1383 1179 1512 1232 facile
1547 1177 1739 1220 deleuitf‘

205 1273 354 1317 Pagum,
390 1273 426 1307 in
453 1285 522 1317 quo
550 1272 718 1307 Canisius
745 1284 863 1307 coram
892 1272 1086 1306 haereticis
1121 1272 1195 1306 illis
1222 1272 1451 1306 contionatus
1478 1274 1543 1312 est,
1580 1270 1716 1305 conicio
1752 1270 1865 1304 fuisse

87 1327 284 1361 Eifelstadt
324 1326 422 1369 (olim
450 1326 744 1369 Eivelstadium)‚
784 1326 878 1370 quod
918 1329 973 1360 est
1012 1337 1164 1370 parvum
1204 1325 1425 1359 Franconiae
1465 1324 1646 1358 inferioris
1685 1323 1865 1368 oppidum,

86 1381 176 1414 duas
213 1380 321 1414 horas
359 1379 546 1424 Herbipoli
585 1380 741 1420 distans;
785 1391 869 1413 nam
913 1380 948 1413 in
981 1379 1206 1423 *Relatione,
1251 1390 1342 1422 quae
1385 1378 1676 1423 „Hei-bipolensis
1712 1376 1864 1422 Collegij

87 1434 265 1468 Exordia⁴⁴
296 1433 481 1478 inscripta,
514 1433 645 1467 ibidem
673 1434 717 1467 ab
744 1433 865 1477 aliquo
893 1433 995 1467 Socio
1022 1433 1088 1467 sub
1116 1433 1252 1467 exitum
1280 1432 1417 1466 saeculi
1444 1432 1540 1467 XVI.
1569 1431 1773 1475 conscripta
1800 1432 1864 1469 est,

86 1487 122 1521 in
150 1499 180 1522 a.
198 1487 288 1522 1568
315 1489 495 1529 narratur,
522 1487 563 1521 P.
592 1487 837 1521 Christianum
865 1486 1078 1521 Halverium
1106 1486 1140 1521 S.
1157 1487 1190 1521 J.
1221 1486 1299 1530 (qui
1325 1488 1411 1520 tunc
1431 1485 1619 1530 Herbipoli
1646 1484 1866 1519 cathedralis

85 1540 211 1585 templi
247 1541 526 1575 contionatorem
556 1541 703 1584 agebat)
743 1552 852 1586 saepe
888 1541 1134 1574 contionatum
1170 1551 1250 1574 esse
1281 1539 1530 1584 „Eiffelstadij,
1566 1539 1660 1583 quod
1697 1538 1865 1583 oppidum

87 1594 272 1639 Herbipoli
299 1595 458 1628 vicinum
487 1594 693 1629 Haereseon
729 1594 897 1638 contagio
932 1605 1060 1639 parum
1086 1595 1174 1627 tunc
1208 1605 1336 1628 sanum
1363 1593 1584 1627 habebatur“
1619 1592 1717 1636 (Ass.
1746 1591 1866 1625 Germ.

86 1648 198 1682 Fund.
226 1648 240 1681 I
267 1649 291 1683 f.
319 1648 431 1692 339³).

207 1701 393 1736 Ecclesiae
431 1702 652 1736 adversariis
690 1701 786 1735 haud
826 1701 1002 1736 inusitata
1037 1703 1116 1735 erat
1153 1701 1243 1735 haec
1281 1701 1373 1734 ratio
1409 1701 1569 1734 virorum
1609 1698 1866 1733 catholicorum

88 1756 345 1799 doctorumque
371 1756 623 1790 auctoritatem
653 1755 918 1790 labefactandi:
946 1754 1177 1800 spargebant
1204 1766 1264 1789 eos
1283 1753 1484 1788 catholicae
1503 1753 1687 1787 doctrinae
1706 1752 1868 1786 falsitate

88 1812 278 1854 perspecta
314 1809 357 1843 ab
395 1810 516 1843 eadem
553 1809 766 1851 deflexisse;
802 1810 853 1843 ita
889 1808 1034 1843 saeculo
1069 1808 1167 1842 XVI.
1205 1811 1324 1842 actum
1363 1810 1419 1842 est
1454 1808 1497 1841 de
1532 1807 1665 1841 Ioanne
1700 1806 1870 1848 Mensing

88 1862 333 1903 Dominicano,
371 1863 504 1897 Ioanne
540 1864 774 1897 Hoffmeister
809 1863 1089 1906 Augustiniano,
1127 1863 1261 1896 Ioanne
1288 1861 1451 1896 VVinzler
1490 1863 1526 1894 et
1559 1860 1722 1895 Conrado
1758 1859 1869 1901 Kling

88 1916 350 1953 Franciscanis.
391 1917 473 1951 aliis
501 1917 562 1960 (N.
590 1918 739 1961 Paulus,
779 1917 852 1951 Der
887 1916 1242 1960 Augustinermonch
1280 1916 1465 1950 Johannes
1492 1914 1735 1954 Hoffmeister,
1774 1912 1869 1946 Frei-

88 1970 181 2013 burg
199 1970 221 2004 i.
235 1969 295 2004 ΒΓ.
313 1970 414 2011 1891,
434 1971 643 2012 250—2563
669 1972 758 2004 idem
784 1971 818 2004 iu
842 1969 1118 2015 „Hist01-.-p0]it.
1136 1969 1298 2004 Blatter“
1321 1969 1401 2004 CXI
1420 1969 1500 2008 596,
1529 1968 1616 2002 etin
1642 1966 1869 2010 „Katholik“‚

92 2025 147 2058 74.
176 2023 316 2067 Jahrg„
351 2024 471 2058 Mainz
500 2025 601 2067 1894,
631 2025 645 2057 I
680 2024 743 2059 562
770 2025 858 2064 159;
896 2025 998 2068 idem,
1035 2024 1101 2058 Die
1128 2023 1328 2058 deutschen
1355 2022 1615 2056 Dominikaner
1641 2022 1687 2055 im
1716 2020 1870 2064 Kampfe

90 2088 206 2121 gegen
234 2077 380 2119 Luther,
415 2078 592 2121 Freiburg
628 2078 649 2112 i.
678 2078 736 2112 ΒΓ.
767 2078 868 2119 1903,
905 2078 1003 2120 312);
1046 2077 1213 2111 similiter
1247 2080 1374 2122 postea
1410 2078 1531 2110 actum
1568 2077 1624 2109 est
1659 2075 1702 2108 de
1737 2074 1870 2108 Ioanne

90 2130 297 2165 Mabillonio
324 2131 556 2166 Benedictino
584 2131 715 2175 (Suitb.
740 2133 900 2166 Ba'umer
926 2131 967 2166 O.
987 2132 1021 2166 S.
1041 2131 1092 2173 B„
1120 2131 1304 2165 Johannes
1330 2130 1515 2171 Mabillon,
1544 2129 1740 2172 Augsburg
1769 2126 1870 2167 1892,

90 2184 308 2227 225—227).
361 2185 551 2219 Caeterum
579 2185 625 2219 cf.
652 2187 756 2226 infra,
784 2197 876 2219 mon.
904 2185 1003 2220 herb.
1035 2185 1102 2229 (1).

213 2272 240 2303 a)
263 2273 350 2297 Arclz.
371 2273 422 2297 hoc
441 2273 499 2297 loco
519 2273 655 2298 lacunam
675 2274 769 2299 habet.

214 2395 222 2414 ¹
250 2393 541 2427 Maximilianum
568 2393 613 2427 II.

211 2448 224 2468 2
250 2447 455 2481 Fridericus
482 2459 502 2481 a
521 2447 714 2490 VVirsberg
750 2446 940 2491 episcopus
976 2446 1144 2491 princeps
1171 2445 1444 2490 herbipolensis,
1482 2443 1542 2488 qui
1568 2443 1675 2488 paulo
1703 2445 1787 2477 ante
1814 2442 1873 2476 So-

92 2500 235 2535 cietatis
262 2501 454 2544 collegium
481 2500 734 2545 herbipolense
760 2500 980 2534 condiderat.

213 2556 226 2575 ³
251 2555 421 2589 Ioannem
447 2554 651 2599 Egolphum
688 2565 708 2588 a
738 2554 949 2597 Knoringen
978 2553 1072 2597 (Iyn.
1105 2555 1229 2597 Gropp
1256 2552 1296 2587 O.
1325 2552 1358 2586 S.
1387 2552 1438 2593 B„
1477 2551 1649 2586 Collectio
1676 2549 1874 2584 novissima

93 2609 314 2654 Scriptorum
342 2610 378 2642 et
403 2620 523 2642 rerum
550 2607 922 2651 Wirceburgensium,
950 2607 1177 2641 Francofurti
1207 2607 1309 2647 1741,
1337 2606 1436 2649 717).

213 2664 225 2682 4
252 2662 291 2696 P.
320 2660 514 2705 Georgium
542 2662 671 2695 Bader.

212 2717 225 2735 ⁵
250 2715 476 2750 Versabatur
494 2715 682 2758 Elvangae
711 2714 761 2757 (v.
781 2725 892 2759 supra
918 2727 950 2759 p.
974 2713 1069 2757 184).
1108 2714 1307 2748 Saccltinus
1327 2712 1477 2757 (litteris
1497 2711 1648 2747 Guisani
1675 2711 1734 2745 vel
1761 2711 1875 2756 ipsius

95 2769 228 2804 Canisii
255 2770 412 2811 usus?):
453 2769 676 2811 „Canisius“‚
713 2768 842 2812 inquit,
884 2771 985 2812 „post
1021 2767 1272 2801 confirmatum
1309 2766 1492 2812 populum,
1527 2766 1598 2800 iam
1630 2765 1875 2810 Hospitalium

94 2834 249 2868 quoque,
286 2823 510 2866 aliarumque
545 2822 616 2867 pijs
651 2822 852 2856 dicatarum
879 2821 1006 2856 vsibus
1041 2821 1227 2855 domorum
1263 2820 1422 2854 familias
1457 2820 1605 2854 caelesti
1634 2819 1806 2860 doctrina,
1842 2820 1876 2852 et

94 2875 337 2921 poenitentiae
371 2878 599 2911 sacramento
634 2875 830 2917 solabatur,
867 2886 909 2909 ac
944 2874 1152 2909 recreabat:
1189 2885 1270 2909 cum
1303 2873 1527 2919 Herbipolim
1556 2900 1563 2908 .
1584 2900 1590 2907 .
1611 2900 1618 2907 .
1655 2872 1871 2906 aduocatur“

97 2929 209 2973 [Hist.
237 2929 270 2963 S.
291 2929 324 2964 J.
352 2929 414 2970 111,
442 2929 463 2963 l.
491 2930 523 2971 4,
550 2941 584 2963 n.
607 2929 703 2973 192).

216 2983 230 3003 ‘³
256 2982 492 3017 Contionatus
519 2985 576 3017 est
601 2983 714 3026 igitur
739 2993 786 3016 m.
805 2981 942 3027 Aprilis
970 2981 1096 3016 diebus
1122 2981 1179 3016 25.
1199 2983 1235 3016 et
1260 2982 1317 3016 26.
1336 2981 1396 3015 vel
1415 2983 1512 3016 certe
1531 2981 1607 3022 27.;
1635 2991 1718 3014 nam
1741 2981 1770 3014 1.
1790 2978 1877 3012 Maii

96 3037 284 3080 Augustae
312 3038 407 3077 erat3
436 3048 470 3070 v.
499 3037 602 3077 infra,
630 3048 684 3081 ep.
712 3048 746 3071 n.
768 3035 871 3070 1579.

217 3090 229 3110 ⁷
256 3089 348 3123 Vide
374 3101 466 3133 quae
493 3090 559 3123 sub
586 3090 686 3134 ipsas
712 3089 779 3123 has
805 3088 948 3123 litteras
975 3089 1150 3123 dicentur.
