2044 3335
675 95 843 138 Augusta
861 95 966 130 Vind.
986 96 1017 130 8.
1037 94 1172 140 Aprilis
1193 94 1294 128 1569.
1779 95 1863 135 299

97 217 250 268 postea
282 214 490 256 exhibent
521 212 828 267 superioribus,
864 215 909 254 et
941 212 1062 254 uelut
1083 211 1230 254 toxico
1253 210 1441 263 quodam
1463 209 1627 260 infecti,
1662 209 1868 263 simplici—

97 281 232 328 tatem
267 281 312 321 et
344 277 630 320 obedientiam
656 277 860 330 exiguam
892 278 1135 331 praestant.
1179 275 1396 328 Monachij
1431 274 1688 328 cupiuerunt
1721 288 1870 316 omnes

97 344 209 385 hunc
241 344 474 393 discedere,
518 342 631 395 quod
672 342 715 383 in
749 342 874 383 domo
917 348 962 383 et
993 342 1157 395 templo
1190 354 1322 394 saepe
1355 354 1491 382 nouas
1523 340 1676 381 turbas
1710 339 1871 381 nostris

97 409 325 451 excitaret.
391 408 524 462 Spero
565 407 673 449 haec
706 410 927 460 postrema
959 406 1066 457 fore,
1111 419 1222 459 quae
1255 405 1306 447 de
1339 405 1412 446 illo
1446 404 1633 446 scribam
1667 418 1761 457 ego.
1827 403 1871 445 Si

97 474 224 528 plane
255 474 374 515 illum
399 473 445 516 P.
469 472 517 514 T.
542 474 743 514 uotorum
776 471 958 513 uinculis
990 470 1255 516 liberauerit.
1289 472 1338 512 ut
1371 473 1502 512 antea
1536 483 1705 523 quoque
1738 468 1869 519 suasi,

97 552 315 592 magnum,
350 540 398 580 ut
431 537 573 587 credo,
611 536 867 578 beneficium
899 551 983 578 non
1017 536 1156 578 solum
1188 534 1326 583 nobis
1370 534 1446 576 sed
1479 538 1523 577 et
1555 535 1636 576 toti
1670 533 1872 576 societati

97 603 377 657 praestabita.
442 602 688 644 Verendum
733 603 801 643 est
842 601 1056 654 alioquin,
1099 614 1152 642 ne
1196 600 1323 641 homo
1366 599 1555 640 furiosus
1598 601 1751 640 contra
1793 613 1871 640 nos

97 671 227 711 acuat
259 668 485 716 calamum,
529 669 574 708 et
606 669 779 709 nostros
812 667 957 719 palam
991 668 1167 708 accuset
1199 678 1250 706 ac
1281 663 1478 714 infamet,
1519 664 1572 705 ad
1606 678 1653 705 se
1685 663 1873 706 factum-

97 747 179 787 que
202 747 325 775 suurn
353 732 661 775 excusandum.
716 731 853 773 Nouit
886 731 1096 782 dominus,
1132 733 1176 772 et
1208 743 1367 783 magno
1400 731 1520 771 certe
1553 729 1667 770 malo
1702 728 1873 783 experti

96 801 198 840 sunt
220 798 357 849 multi,
383 797 510 851 quidb
533 796 735 839 societati
757 796 907 850 prosit,
940 796 1109 838 tamdiu
1131 794 1328 837 tollerari
1350 794 1431 836 hoo
1455 807 1593 847 genus
1615 793 1870 843 hominum&

97 864 211 917 quod
244 866 402 905 natura
427 862 725 905 turbulentum
759 863 803 903 et
825 861 1079 904 seditiosum
1114 863 1194 903 est.
1249 859 1459 902 Dominus
1492 862 1638 901 autem
1673 858 1716 899 in
1750 872 1873 900 suam

99 928 282 981 gloriam
316 929 462 970 uertet
494 927 653 970 omnia.

217 993 398 1047 Scripsit
429 992 587 1035 iterum
621 992 676 1033 ad
710 1005 778 1032 me
811 991 981 1043 Regina
1003 990 1280 1044 Magdalena,
1314 989 1491 1042 indigne
1524 989 1670 1030 ferens
1693 988 1740 1031 P.
1761 987 1873 1029 Pau—

96 1059 215 1100 lum1
248 1057 480 1112 Oeniponti
513 1071 597 1099 non
631 1056 791 1099 diutius
823 1056 1031 1109 relinqui:
1065 1055 1240 1110 scripsit
1271 1058 1316 1098 et
1344 1054 1599 1096 Archidux2
1630 1053 1871 1108 postulans,

97 1127 146 1167 ut
177 1123 332 1166 saltem
366 1124 420 1165 ad
443 1123 745 1164 Pentecostem
780 1135 914 1175 usque
943 1122 1075 1163 Pater
1105 1121 1193 1163 illic
1225 1123 1415 1171 maneat,
1451 1119 1593 1173 quoad
1627 1119 1872 1161 confectum

96 1190 154 1232 sit
194 1188 416 1242 negotium
450 1188 670 1230 Hallense.
735 1187 862 1229 Nunc
904 1187 1096 1228 eiusdem
1129 1186 1175 1228 P.
1201 1186 1324 1228 Pauli
1366 1185 1629 1228 sententiam
1673 1187 1870 1239 expecto⁷

97 1255 198 1308 quid
239 1256 466 1309 praestare
498 1253 606 1296 uelit
647 1255 691 1294 et
723 1252 874 1306 possit,
917 1251 1177 1306 praesertim
1221 1266 1317 1293 oum
1359 1250 1481 1292 breui
1513 1250 1571 1292 sit
1602 1250 1759 1292 iterum
1794 1264 1872 1302 ag-

95 1333 326 1374 gressurus
352 1319 597 1374 prouintiae
619 1317 1081 1368 administrationem,
1116 1317 1198 1358 nisi
1220 1317 1267 1359 P.
1292 1316 1604 1358 Theodoricum
1620 1316 1635 1342 3
1657 1315 1873 1358 ualetudi-

96 1385 263 1427 narium
305 1385 404 1427 huic
437 1384 575 1427 offitio
615 1384 826 1437 deputare
858 1383 1056 1433 uelimus,
1099 1385 1148 1424 ut
1179 1383 1402 1437 paululum
1436 1395 1483 1423 se
1515 1384 1686 1423 recreet
1719 1394 1774 1422 ex
1806 1384 1873 1423 tot

96 1450 308 1504 molestijs
341 1450 544 1503 Dilingae
576 1449 852 1492 sustinendis.
918 1448 1080 1502 Scripsi
1113 1449 1164 1490 de
1197 1447 1549 1491 P.Wendelino4
1583 1446 1872 1500 Oenipontum

95 1516 359 1570 profectum,
394 1515 469 1557 sed
499 1517 783 1570 expectamus
815 1514 999 1568 primum
1023 1514 1175 1556 literas
1198 1513 1244 1556 P.
1269 1513 1317 1556 T.
1343 1513 1497 1566 quibus
1530 1512 1629 1553 hinc
1652 1514 1873 1562 euocetur,

96 1585 146 1624 vt
178 1581 349 1624 facilius
383 1581 437 1623 ab
470 1580 742 1634 Augustanis
774 1580 902 1622 ualde
934 1579 1053 1621 illurn
1087 1578 1337 1621 amantibus
1371 1578 1510 1633 possit
1543 1577 1753 1620 abstrahi.

216 1647 352 1689 Credo
394 1646 628 1700 diligenter
669 1646 985 1688 obseruandum
1030 1659 1140 1695 esse,
1184 1644 1221 1687 si
1262 1645 1371 1686 bene
1413 1644 1658 1686 consultum
1692 1642 1875 1684 uelimus

95 1712 193 1755 huic
226 1712 484 1767 prouintiae,
528 1725 581 1754 ne
613 1711 742 1754 facile
779 1711 1064 1765 promittatur
1096 1710 1373 1752 contionator
1405 1709 1481 1751 ulli
1513 1708 1695 1763 petenti.
1759 1707 1874 1750 Nam

96 1778 230 1820 semel
263 1792 515 1820 concessum
548 1791 756 1819 reuocare
790 1776 1090 1818 difficillimum
1124 1775 1386 1830 experimur.
1440 1773 1646 1824 Queritur
1668 1773 1875 1827 Princeps

97 1843 343 1898 Oeniponti,
387 1844 494 1885 duos
535 1843 859 1886 contionatores
892 1841 1188 1895 Augustanis⁰
1230 1844 1275 1883 et
1306 1840 1647 1882 Monachiensib.
1683 1838 1874 1889 concedi,

97 1908 178 1950 sibi
212 1923 314 1951 uero
347 1908 511 1962 negari.
566 1908 770 1958 Queritur
803 1910 847 1950 et
873 1907 1056 1960 Regina,
1091 1907 1205 1960 quod
1237 1906 1400 1949 rectius
1434 1908 1561 1960 putet
1593 1919 1639 1947 se
1671 1904 1872 1947 meritam

97 1974 150 2016 de
181 1975 409 2025 societate,
452 1988 580 2028 quam
623 1977 671 2016 ut
711 1974 931 2028 repulsam
973 1973 1182 2027 patiatur,
1227 1986 1322 2014 oum
1365 1971 1477 2026 petit
1508 1971 1651 2013 Halae
1685 1985 1817 2012 unum
1851 1985 1874 2012 e

96 2039 259 2082 nostris
291 2039 650 2082 contionatorem.
705 2039 829 2092 Rogo
862 2039 1008 2089 Pater,
1043 2052 1097 2080 ne
1129 2037 1313 2092 posthac
1346 2038 1481 2078 simus
1512 2036 1664 2078 faciles
1697 2036 1740 2077 in
1774 2050 1875 2077 con-

97 2105 300 2148 cedendis
341 2105 411 2147 uel
451 2104 757 2159 promittendis
799 2103 1187 2154 contionatoribus,
1231 2117 1412 2156 quorum
1454 2116 1568 2144 nunc
1610 2101 1749 2143 maior
1791 2100 1876 2143 erit

96 2171 271 2221 raritas,
306 2185 401 2212 cum
425 2170 472 2214 P.
490 2170 706 2212 Martinus
729 2170 872 2221 abeat,
897 2183 1024 2223 quem
1047 2169 1206 2223 abijsse
1230 2169 1441 2210 uellemus
1454 2169 1483 2218 5,
1519 2171 1563 2210 et
1587 2168 1637 2210 D.
1657 2167 1877 2208 Thomas6

97 2239 188 2279 tam
222 2236 411 2290 turpiter
443 2236 618 2278 deserat
649 2235 937 2278 uocationem.
982 2235 1193 2277 Dominus
1225 2234 1448 2276 nobiscum
1482 2235 1708 2287 perpetuo.
1752 2232 1877 2273 Com-

97 2302 252 2344 mendo
285 2315 353 2343 me
385 2301 616 2356 plurimum
648 2301 871 2355 sacrificijs
904 2304 949 2343 et
981 2300 1141 2355 precib.
1171 2300 1242 2343 P.f
1270 2300 1318 2343 T.
1350 2299 1418 2341 cui
1451 2302 1651 2341 sanctum
1683 2297 1877 2352 pascha?

99 2381 154 2409 ex
187 2367 330 2409 animo
362 2380 529 2421 precor.
593 2365 822 2419 Augustae
857 2368 880 2408 8
905 2366 1069 2421 Aprilis
1105 2367 1232 2409 1569.

1060 2431 1221 2473 Seruus
1253 2430 1297 2472 in
1330 2429 1501 2472 Christo
1535 2429 1581 2471 P.
1607 2427 1818 2470 Canisius.

217 2510 508 2564 Desperatam
553 2510 712 2563 putant
755 2507 909 2549 medici
955 2507 1253 2550 ualetudinem
1300 2507 1346 2549 P.
1379 2505 1554 2560 Georgij
1599 2505 1760 2559 Crispi,
1807 2505 1880 2558 qui

99 2574 145 2617 P.
170 2575 359 2616 Dirsium
402 2574 487 2617 cito
530 2576 759 2616 secuturus
800 2573 987 2616 uidetur.
1052 2573 1170 2615 Petit
1212 2574 1360 2614 autem
1402 2575 1447 2613 et
1485 2573 1615 2625 rogat
1656 2585 1734 2624 pro
1777 2584 1880 2612 con-

100 2640 314 2682 solatione
356 2654 448 2691 sua,
491 2642 540 2682 ut
582 2643 684 2682 ante
717 2642 901 2680 mortem
934 2639 978 2679 in
1011 2638 1205 2680 ordinem
1249 2641 1294 2679 et
1326 2651 1551 2678 numerum
1584 2636 1880 2691 professorum

219 2722 248 2753 a)
278 2722 355 2752 Quae
374 2724 547 2752 sequuntur,
575 2728 664 2752 nsque
690 2720 728 2744 (ιτῖ
756 2717 965 2744 excusandum
984 2719 1061 2749 incl„
1090 2727 1107 2743 α
1128 2719 1156 2743 C.
1180 2719 1209 2742 in.
1236 2718 1370 2749 maraine
1390 2718 1494 2742 addita
1515 2720 1593 2742 sunt.
1685 2715 1715 2747 b)
1743 2717 1882 2748 Sequitur·

100 2761 250 2795 proficiat,
270 2771 288 2787 a
309 2764 337 2787 C.
352 2763 441 2787 oblitt.
510 2762 536 2793 c)
559 2763 583 2787 Α
605 2763 633 2787 C.
655 2770 730 2786 corr.
750 2769 787 2786 ez·
807 2759 948 2785 hominis.
1014 2759 1045 2789 d)
1069 2761 1146 2791 Quae
1165 2762 1338 2791 sequuntur,
1358 2767 1447 2790 usque
1468 2759 1506 2783 (td
1527 2758 1665 2790 Dilingae
1686 2757 1877 2783 sustinendis

100 2805 177 2835 incl„
197 2813 215 2829 α
237 2805 265 2829 C.
285 2806 317 2829 in
337 2805 471 2835 maraine
490 2804 596 2829 addita
618 2807 694 2828 sunt.
752 2803 779 2834 e)
802 2803 866 2827 Duo
887 2810 929 2827 vv.
943 2809 1002 2833 sqq.
1019 2810 1036 2826 α
1052 2803 1081 2826 C.
1101 2802 1133 2825 ‘in
1153 2801 1287 2832 mury'ine
1308 2801 1412 2825 addita
1432 2803 1509 2825 sunt.
1572 2799 1595 2832 f)
1618 2802 1642 2824 A
1658 2801 1686 2825 C.
1702 2808 1777 2825 corr.
1792 2807 1828 2825 ex
1849 2799 1882 2824 R.

224 2890 232 2908 ¹
260 2888 469 2929 Hoffaeum;
496 2900 530 2923 v.
558 2898 667 2932 supra
693 2898 726 2931 p.
747 2887 826 2921 295.
974 2885 987 2905 ²
1013 2884 1262 2919 Ferdinandus
1288 2884 1354 2925 I[.;
1384 2896 1418 2918 v.
1445 2895 1555 2929 supra
1581 2895 1615 2928 p.
1635 2884 1714 2918 295.

222 2944 234 2961 ³
261 2941 443 2975 Canisium
471 2940 721 2975 universitatis
748 2939 963 2983 collegiique
991 2937 1168 2981 dilingani
1194 2940 1384 2972 rectorem.

221 2999 233 3015 ‘³
260 2994 396 3035 Volck3
425 2996 485 3038 qui
512 2994 654 3037 collegii
681 2993 913 3038 oenipontani
939 2994 1058 3026 rector
1085 2993 1162 3025 erat
1189 2991 1424 3034 designatus;
1452 3003 1486 3025 v.
1514 3002 1624 3035 supra
1650 3002 1684 3035 p.
1704 2991 1785 3025 285.

222 3049 234 3067 ⁵
262 3048 300 3082 P.
320 3047 581 3082 Stevordianus
609 3047 792 3082 Coloniam
821 3046 1047 3080 discessurus
1075 3047 1170 3085 erat3
1200 3056 1234 3078 v.
1261 3055 1372 3089 supra
1398 3056 1432 3089 p.
1452 3044 1520 3078 268
1547 3043 1628 3079 288.

222 3102 234 3121 ‘³
261 3100 400 3136 Gallus.
547 3101 559 3121 ⁷
586 3100 664 3134 Hoc
693 3100 746 3134 10.
767 3099 903 3144 Aprilis
930 3098 1092 3132 futurum
1121 3100 1211 3132 erat.
