2044 3335
171 119 252 159 738
426 116 518 149 Mon.
550 116 637 149 1077
665 114 742 148 sive
769 124 844 147 var.
867 112 956 156 (13).
1000 112 1103 146 Circa
1129 112 1271 146 initium
1296 123 1343 146 m.
1362 111 1485 146 Martii
1511 123 1542 146 a.
1565 112 1666 147 1569.

169 231 303 267 107?
330 232 406 266 sive
432 239 546 265 var.
568 227 697 273 (13).
772 226 875 263 Circa
900 225 1047 262 initium
1073 236 1119 261 ni.
1138 225 1263 262 Martii
1289 236 1322 263 a.
1339 226 1434 262 1569.

288 301 340 335 Ex
368 299 572 346 apographo
605 298 657 342 (2Ο
682 300 818 333 formae
845 309 950 338 rom.;
990 298 1005 331 1
1035 310 1087 342 p.;
1124 297 1159 331 in
1186 310 1219 343 p.
1245 299 1268 332 4
1294 298 1418 341 inser.)
1446 297 1553 332 huius
1578 297 1780 332 litterarum
1806 296 1930 342 partis,

169 354 260 398 quod
288 354 423 388 Romae
453 353 488 386 in
515 352 663 386 aedibus
690 351 883 386 cardinalis
909 350 1053 385 Ottonis
1079 350 1279 385 Truchsess
1305 352 1478 396 scriptum
1506 352 1542 384 et
1566 350 1611 384 ab
1645 350 1712 385 hoc
1739 350 1851 385 Sociis
1876 362 1931 384 ro-

168 407 282 441 manis
317 407 490 440 traditum
516 417 595 440 esse
621 405 784 445 videtur;
821 404 1065 449 apographum
1101 404 1313 449 inscriptum
1340 407 1414 438 est:
1454 404 1542 446 „Per
1571 403 1699 438 lettere
1726 403 1760 437 di
1786 403 1931 446 Dilinga

168 460 249 493 delli
279 460 344 493 .16.
372 459 403 492 d'
418 458 540 503 Aprile
569 458 689 492 1569.“
733 456 774 492 Gr.
793 457 858 502 Ep.
877 457 919 498 X,
946 458 970 491 f.
992 457 1055 491 141
1080 457 1156 491 144.
1195 457 1343 491 Litteris
1368 457 1510 502 copiose
1536 468 1622 491 usus
1648 459 1704 491 est
1723 457 1931 501 Sao-chinus,

168 514 261 548 Hist.
289 513 322 547 S.
342 513 374 547 J.
402 512 462 553 ΙΙΙ,
489 511 512 546 l.
539 512 571 552 5,
597 523 631 545 n.
659 512 703 545 96
730 511 785 545 97.

291 577 456 611 Conscius
493 579 529 609 in
564 587 689 618 ayt-um
726 576 972 620 bissinyensem
1005 576 1159 609 sodalem
1194 577 1320 617 maistin
1351 587 1420 618 per
1455 587 1555 619 quem
1590 577 1659 608 400
1693 575 1850 608 homines
1884 575 1931 607 acl

168 632 345 664 ecclesiam
374 631 604 663 reden-nntmz

287 697 439 738 an-stat
473 697 613 737 (ulline
645 697 883 737 litterarum
916 695 1093 749 Dilinffa
1129 696 1196 737 10².
1228 696 1395 749 Aprilis
1428 696 1544 736 1569
1577 695 1791 746 datarum,
1825 709 1933 749 quae

170 763 227 803 <ul
267 762 530 803 cardinalem
565 762 750 802 Ottonem
790 761 1016 802 Truclzsess
1048 760 1207 801 Romae
1238 764 1469 801 morantem·
1501 759 1553 801 ab
1587 761 1728 814 aliquo
1762 774 1810 800 ex
1844 761 1932 801 eius

169 826 423 881 officialibus
458 828 516 868 vel
548 826 835 867 sacerdotibus
868 826 1102 879 cliliuycmis
1135 826 1288 866 missae
1312 839 1395 866 esse
1416 826 1627 878 videntur,
1657 839 1764 879 pars
1786 826 1932 880 aliqua

169 896 241 943 (ex
281 894 520 946 yermunico
564 893 606 932 iu
649 892 834 932 italicum
866 904 1095 932 sermonem
1132 904 1249 931 versa
1263 890 1328 942 1³),
1366 892 1410 931 in
1444 904 1527 944 qua
1559 890 1660 931 haec
1691 895 1933 932 narrantur

171 958 222 998 sle
245 972 346 1013 (syro
380 957 711 1010 holcenburqensi
733 957 816 997 sive
840 955 1096 1011 bissingyauo,
1130 957 1249 996 cuius
1273 960 1397 1010 caput
1421 960 1509 996 erat
1533 969 1672 1010 payns
1693 955 1931 1010 Bissinqcrz,

173 1024 215 1064 ln
248 1023 405 1064 Suebici>
447 1022 566 1062 lmml
606 1022 751 1076 procul
782 1021 962 1075 Dilinya
996 1022 1125 1061 situs:
1166 1019 1377 1061 Hauendo
1418 1019 1449 1061 il
1480 1019 1637 1061 Nobile
1670 1023 1715 1062 et
1745 1019 1932 1061 honora-

169 1087 335 1128 tissimo
387 1085 611 1128 Caualiere
661 1085 856 1127 Conrado
908 1085 960 1126 de
1007 1085 1310 1137 Bemmelberg
1356 1084 1548 1137 figliuolo
1600 1084 1669 1126 del
1713 1085 1931 1126 Colonello

171 1151 410 1194 Conradino
451 1151 504 1193 de
547 1150 705 1192 Hassia
745 1152 899 1200 morto,
943 1152 1164 1203 comprato
1206 1150 1249 1192 la
1282 1149 1481 1203 Signoria
1523 1149 1565 1191 di
1601 1149 1808 1202 Bisignen
1850 1149 1932 1191 due

170 1217 296 1270 leghe
318 1217 497 1259 lontano
522 1216 576 1257 da
598 1215 784 1269 Dilinga,
819 1215 919 1268 qual
948 1217 1107 1257 tenena
1129 1214 1158 1256 il
1181 1215 1429 1257 Colonnello
1453 1214 1649 1257 Schertle
1668 1215 1694 1265 ¹,
1728 1215 1784 1256 ha
1806 1218 1931 1269 posto

169 1282 212 1324 la
245 1296 323 1324 sua
364 1281 602 1336 principale
635 1295 739 1323 cura
771 1282 797 1322 a
828 1280 995 1322 ridurre
1036 1280 1066 1322 li
1099 1279 1258 1322 sudditi
1291 1280 1378 1322 alla
1410 1294 1515 1322 uera
1546 1280 1772 1332 Religione
1804 1280 1932 1323 Cato-

170 1347 253 1389 lica
286 1350 330 1389 et
361 1360 440 1401 per
472 1349 624 1399 questo
658 1360 737 1388 con
770 1345 919 1387 ordine
952 1345 1019 1387 del
1052 1345 1307 1387 Reuerendo
1339 1344 1482 1387 Padre
1504 1344 1651 1388 Pietro
1674 1345 1843 1387 Canisio
1876 1346 1933 1387 ha

171 1412 386 1454 chiamato
433 1411 463 1453 il
508 1411 762 1453 Reuerendo
806 1411 946 1452 Padre
974 1410 1171 1467 Gioanni
1206 1410 1472 1452 Rabenstain
1518 1410 1633 1452 della
1667 1410 1934 1465 Compagnia

172 1477 239 1519 del
262 1478 380 1528 Jesu,
414 1477 611 1530 Regente
644 1477 712 1518 del
744 1476 932 1529 Collegio
967 1475 1007 1516 di
1041 1476 1174 1518 Santo
1198 1475 1450 1517 Hieronimo
1484 1475 1524 1516 di
1553 1475 1742 1528 Dilinga,
1776 1478 1821 1517 et
1853 1490 1930 1518 con

170 1542 372 1597 prediche
400 1545 444 1584 et
476 1556 555 1584 con
588 1542 726 1583 huone
758 1540 1028 1595 persuasioni
1059 1555 1188 1582 senza
1219 1540 1340 1582 forza
1362 1540 1755 1583 uolontariamente
1786 1541 1858 1596 piu
1891 1541 1934 1582 di

172 1609 284 1650 .400.
320 1607 421 1650 delli
453 1607 612 1649 sudditi
645 1606 886 1660 sopradetti
917 1620 1022 1647 sono
1056 1605 1162 1648 stati
1194 1605 1439 1655 conuertiti,
1475 1608 1519 1648 et
1549 1605 1814 1660 incorporati
1845 1607 1933 1648 alla

171 1686 275 1715 uera
315 1672 413 1714 fede
446 1672 638 1714 Catolica
679 1674 724 1714 et
764 1671 868 1714 tutti
910 1673 1214 1725 prontaniente
1254 1671 1397 1712 hanno
1439 1670 1553 1712 fatto
1591 1670 1633 1712 la
1665 1671 1933 1725 professione

173 1738 286 1779 della
327 1737 424 1779 fede
466 1751 570 1779 uera
603 1737 828 1779 Catholica
869 1739 913 1778 et
954 1735 1125 1789 giurato
1169 1736 1210 1777 di
1252 1738 1419 1778 restare
1461 1735 1588 1777 fermi
1629 1739 1673 1778 et
1714 1736 1932 1779 constanti

172 1803 286 1844 nella
319 1802 552 1844 obedienza
584 1801 698 1843 della
727 1802 863 1844 Santa
894 1801 1047 1842 Chiesa
1080 1801 1288 1843 Romana.
1352 1800 1396 1842 si
1428 1814 1556 1854 spera
1588 1815 1760 1851 ancora,
1795 1801 1873 1843 che
1904 1801 1933 1842 il

172 1870 302 1917 resto⁷
337 1882 416 1909 con
448 1870 563 1910 tutto
597 1868 674 1908 che
702 1866 822 1908 siano
846 1880 1007 1908 ancora
1040 1866 1145 1916 duri,
1180 1865 1216 1907 si
1248 1865 1587 1907 mollificaranno
1611 1880 1689 1907 con
1721 1866 1751 1907 il
1773 1868 1932 1920 tempo,

173 1936 218 1975 et
249 1933 291 1974 in
324 1933 454 1974 breue
487 1947 565 1974 con
598 1932 640 1974 la
673 1932 816 1985 gratia
848 1931 890 1972 di
912 1931 966 1973 N.
992 1931 1173 1984 Signore
1197 1931 1301 1973 Jesu
1323 1930 1505 1981 Christo,
1540 1932 1584 1972 et
1615 1930 1651 1972 si
1677 1931 1933 1973 ridurranno

172 1998 286 2040 nello
327 2012 404 2039 suo
438 1998 572 2039 Santo
606 1997 728 2038 Ouile
769 1996 947 2038 contriti
988 1996 1039 2037 de
1080 1996 1171 2038 loro
1213 1995 1361 2046 errori,
1403 2010 1481 2050 per
1511 1996 1554 2037 la
1586 1996 1686 2049 qual
1716 2010 1817 2038 cosa
1849 2011 1933 2038 non

173 2064 211 2106 si
241 2077 396 2106 manca
437 2063 478 2104 di
511 2062 749 2116 adoperare
791 2061 1140 2103 continuamente
1182 2061 1413 2115 opportuni
1453 2061 1631 2114 remedij
1671 2075 1749 2102 con
1782 2061 1933 2104 saluti-

173 2130 269 2172 fera
301 2128 492 2171 dottrina
525 2131 568 2170 et
600 2127 918 2170 informatione.
971 2126 1052 2168 Dio
1087 2126 1382 2180 omnipotente
1414 2140 1467 2167 ne
1489 2126 1555 2168 sia
1576 2128 1935 2180 perpetuamente

173 2194 364 2237 laudato.

293 2270 392 2304 Haec
426 2269 584 2303 narratio
621 2267 852 2302 confirmatur
887 2268 994 2311 atque
1030 2267 1137 2300 etiam
1173 2266 1411 2311 amplificatur
1437 2266 1612 2301 *Litteris
1641 2268 1769 2302 annuis
1795 2267 1935 2311 collegii

175 2323 346 2367 dilingani
374 2322 518 2365 Dilinga
548 2322 576 2355 1.
597 2320 762 2354 Octobris
791 2321 881 2354 1569
908 2320 952 2353 ab
980 2321 1137 2353 Hem-ico
1158 2321 1333 2353 ll’insem'o
1363 2319 1508 2363 (Hordt)
1530 2319 1564 2354 S.
1584 2320 1616 2355 J.
1644 2320 1748 2354 datis.
1787 2321 1822 2355 [s
1841 2322 1934 2355 enim

174 2377 317 2411 scribit:
348 2375 409 2409 Vir
435 2375 578 2419 quidam
614 2373 813 2408 catholicus
845 2375 881 2407 et
915 2373 1027 2413 dives,
1063 2373 1123 2417 qui
1155 2373 1341 2415 „ditionem
1379 2374 1557 2417 quandam
1585 2373 1730 2408 minime
1755 2374 1934 2418 exiguam,

175 2431 236 2465 sed
272 2431 316 2464 ab
350 2429 542 2463 haereticis
577 2428 679 2462 annis
714 2427 796 2472 plus
829 2426 948 2460 minus
983 2427 1038 2461 25.
1067 2429 1287 2471 occupatam,
1323 2430 1511 2460 numerata
1545 2427 1696 2472 pecunia
1723 2428 1936 2468 coemeraffl,

175 2485 357 2529 superiore
382 2486 543 2527 tempore
569 2480 870 2525 quadragesimali
899 2482 1042 2514 nostros
1069 2491 1107 2513 eo
1135 2480 1346 2520 accessivit;
1382 2480 1505 2523 itaque
1532 2480 1599 2514 duo
1626 2479 1725 2514 missi
1751 2483 1853 2521 sunt;
1890 2493 1935 2514 ex

176 2537 304 2582 quibus
331 2548 422 2570 unus
448 2535 584 2579 aliquot
613 2534 816 2576 „contiones
843 2533 1113 2567 catechisticas“
1145 2533 1288 2573 habuit;
1324 2544 1403 2566 cum
1431 2533 1538 2567 etiam
1569 2533 1604 2566 in
1640 2533 1841 2568 hominibus
1866 2535 1936 2578 pri-

177 2590 288 2624 vatim
323 2588 552 2623 instituendis
579 2590 614 2621 et
649 2586 881 2621 exhortandis
908 2586 1059 2620 multum
1089 2586 1288 2620 laboratum
1315 2588 1422 2624 esset,
1456 2586 1526 2620 400
1561 2586 1643 2619 fidei
1678 2587 1934 2630 professionem

176 2643 405 2676 tridentinam
442 2642 604 2675 fecerunt
638 2644 674 2674 et
708 2641 855 2685 peccata
891 2639 1044 2673 confessi
1081 2641 1174 2673 sunt.
1232 2641 1349 2682 Atque
1385 2638 1523 2682 aliquot
1557 2639 1699 2682 quidem
1734 2640 1936 2683 pertinaces

177 2697 340 2736 fuerunt;
377 2695 500 2740 paucis
535 2697 653 2728 tamen
688 2693 880 2733 mensibus,
917 2692 1045 2736 quibus
1080 2691 1193 2725 nostri
1228 2693 1263 2725 in
1298 2703 1339 2725 ea
1369 2692 1515 2734 regione
1540 2692 1788 2733 versabantur,
1823 2704 1936 2737 paene

179 2761 300 2783 omnes
326 2749 370 2782 ad
397 2748 585 2782 ecclesiam
612 2747 794 2780 redierunt
822 2745 882 2789 (ex
909 2745 1124 2790 archetypo;
1157 2745 1199 2779 Gr.
1227 2745 1290 2789 Ep.
1318 2745 1361 2785 X,
1388 2745 1412 2778 f.
1441 2745 1686 2788 13612—1372).

300 2890 309 2909 ¹
337 2889 568 2923 Sebastianus
592 2887 769 2922 Schertlin
788 2899 808 2920 a
829 2885 1064 2926 Burtenbach,
1091 2886 1300 2919 notissimus
1326 2885 1386 2918 ille
1412 2884 1562 2918 militiae
1589 2887 1811 2928 augustanae
1837 2896 1934 2929 prae-

180 2941 306 2980 fectus,
333 2953 411 2975 cum
439 2953 469 2975 a.
499 2942 587 2975 1557
615 2953 740 2983 agrum
766 2940 1100 2982 hohenburgensem
1128 2939 1171 2972 52
1184 2938 1252 2972 ΟΟΟ
1277 2938 1450 2971 florenum
1478 2949 1499 2971 a
1524 2937 1754 2971 Waldeniaro
1780 2938 1823 2971 de
1849 2937 1936 2971 Lob-

179 2993 293 3027 kowiz
328 2994 484 3033 emisset,
522 2995 709 3036 Bissingae
735 3005 915 3028 sacrorum
941 2992 1144 3026 ministrum
1180 2991 1408 3025 lutheranum
1435 2990 1672 3025 constituerat
1706 2994 1743 3024 et
1775 2990 1936 3024 homines

180 3047 327 3090 imperio
362 3058 425 3080 suo
460 3047 621 3081 subditos
647 3048 690 3080 ad
716 3046 1013 3080 lutheranismum
1039 3044 1303 3089 suscipiendum
1331 3047 1499 3088 coegerat
1526 3043 1625 3087 (Ant.
1653 3044 1829 3087 Steichele,
1863 3044 1937 3077 Das

180 3099 345 3133 Bisthum
373 3099 565 3142 Augsburg
592 3100 652 3140 ΙΙΙ,
679 3100 874 3142 Augsburg
903 3099 1004 3139 1872,
1031 3099 1098 3133 586
1125 3098 1223 3139 600).
