2044 3335
138 127 188 167 1‘)
320 123 419 158 1478.
449 123 532 157 Can.
562 122 781 167 Hieronymo
808 121 939 156 Natali.
991 121 1192 166 Oeniponte
1218 121 1281 156 int.
1304 122 1358 156 12.
1378 124 1414 156 et
1443 122 1496 157 16.
1517 123 1609 165 Aug.
1634 122 1735 157 1567.

165 153 188 167 -J

131 258 213 296 que
246 241 474 297 frat[rum]
508 242 688 285 utilitati
721 241 908 283 facerem
943 240 1063 283 satis.
1104 241 1182 282 Jta
1214 240 1379 283 factum
1412 243 1492 292 est,
1527 243 1575 284 ut
1600 241 1716 284 intra
1743 243 1807 284 10.
1833 242 1902 284 uel

133 312 200 351 11.
235 322 406 349 menses
442 309 508 349 16.
553 321 607 348 ex
649 307 730 348 1100
772 307 865 348 1000
898 306 1061 348 fratres
1093 319 1170 359 per
1201 320 1242 359 p.
1277 305 1482 348 Natalem
1517 310 1561 349 et
1592 320 1660 348 me
1694 306 1779 348 alio
1811 309 1903 349 tra-

130 373 248 415 ducti
280 372 456 419 fuerint.
498 374 631 425 utque
664 372 746 413 huc
780 371 852 423 alij
894 374 938 413 et
971 370 1042 423 alij
1077 370 1258 412 subinde
1290 371 1537 414 mittantur.
1601 372 1764 413 Verum
1795 371 1904 414 haec

130 441 256 480 tanta
289 437 473 479 mutatio
507 451 592 478 non
626 439 771 490 potest
804 436 995 489 Collegio
1030 449 1114 477 non
1148 435 1396 478 detrimenti
1429 436 1591 490 aliquid
1629 436 1815 487 adferre,
1858 440 1903 480 et

131 503 291 544 morbis
332 502 634 556 praesentibus
678 501 913 543 remedium
957 500 1099 542 minus
1139 500 1324 542 solidum
1367 502 1563 555 praebet.
1628 502 1721 551 Qua
1762 501 1815 543 de
1855 516 1903 544 re

131 568 234 610 alibi
267 567 418 609 fusius.

249 633 442 675 Joannes
466 632 646 684 Anglus‚
682 645 807 684 quem
842 631 940 672 hinc
973 636 1202 672 amouere⁸
1234 633 1279 673 et
1301 631 1520 684 Dilingam
1553 631 1796 674 transferre
1828 645 1903 673 ne-

131 711 252 739 cesse
289 697 411 747 fuit¹,
456 711 509 738 ne
542 697 744 749 Dilingae
778 696 951 749 quidem
984 695 1214 737 Rectoris2
1247 696 1504 750 patientiam
1538 710 1744 738 exercere
1776 710 1902 751 prae-

129 762 350 805 termittit.
414 762 554 804 Huius
586 761 806 814 ingenium
842 761 951 804 satis
984 761 1159 802 difficile
1191 762 1445 815 reperimus,
1489 765 1533 804 et
1565 761 1637 815 qui
1671 761 1902 815 aliquando

130 827 361 881 deliquium
400 827 577 881 patitur.
643 826 763 876 Quod
806 826 841 867 si
884 826 1072 868 monitus
1107 828 1150 868 et
1183 830 1404 869 correctus
1435 827 1548 869 idem
1581 841 1678 869 esse
1709 825 1900 881 pergetb,

129 893 279 935 dubito
321 906 439 942 sane,
487 906 542 933 an
587 891 743 944 dignus
787 891 926 933 uideri
971 891 1141 941 debeat,
1188 891 1261 945 qui
1304 892 1348 933 in
1391 892 1472 934 hoc
1518 906 1698 946 corpore
1743 891 1903 935 diutius

128 958 369 1000 tolleretur.
415 958 590 999 Judicet
622 959 766 999 autem
802 957 846 999 P.
872 956 977 1007 Tua,
1013 957 1047 998 si
1081 956 1335 998 retinendus
1362 957 1466 1000 erit:
1501 960 1750 1011 optaremus
1780 957 1901 999 illum

130 1023 333 1076 Dilingae
355 1022 634 1065 Rhetoricam
658 1021 866 1076 profiteri,
901 1036 996 1063 cum
1020 1021 1129 1064 alius
1153 1022 1275 1064 nobis
1296 1036 1382 1064 non
1404 1025 1624 1077 suppetat,
1659 1025 1703 1065 et
1725 1022 1902 1076 dignum

129 1088 417 1130 indicaremus
450 1087 652 1140 Magistri
684 1087 846 1136 laurea,
881 1086 916 1128 si
950 1087 996 1131 P.
1030 1087 1124 1129 Tua
1156 1087 1276 1128 illum
1310 1102 1336 1129 a
1367 1087 1530 1130 nostris
1553 1088 1755 1141 Dilingae
1786 1087 1903 1130 sinat

130 1153 387 1207 promoueri.
452 1153 756 1195 Matthaeum3
789 1152 998 1193 Polonum
1042 1152 1127 1195 cito
1159 1152 1202 1194 in
1236 1153 1397 1195 Vrbem
1429 1152 1545 1195 mitti
1577 1153 1695 1208 cupit
1727 1153 1901 1204 Rector,

131 1221 179 1260 ut
220 1218 379 1260 nostris
422 1232 517 1260 esse
559 1218 769 1259 molestus
812 1217 996 1259 desinat.
1060 1218 1312 1272 Expectant
1343 1218 1517 1260 interim
1549 1218 1814 1273 Jngolstadij
1858 1221 1902 1261 et

132 1283 332 1337 Dilingae
365 1284 640 1325 Professores
673 1282 975 1336 Philosophiae
1008 1283 1061 1324 ob
1094 1286 1299 1336 aegrotos
1331 1283 1451 1325 alios.
1496 1284 1705 1325 Dominus
1730 1284 1902 1326 JESVS

132 1349 366 1398 nobiscum,
402 1348 466 1390 cui
502 1348 817 1390 commendaric
850 1348 1043 1402 cupimus
1077 1363 1102 1390 a
1134 1349 1180 1391 P.
1212 1349 1305 1391 Tua
1338 1352 1382 1391 et
1413 1349 1610 1403 patribus
1642 1349 1739 1403 alijs
1772 1349 1903 1391 uehe-

133 1416 315 1456 menter.

252 1479 485 1533 Oeniponti
520 1478 599 1520 12d
633 1478 819 1532 Augusti
857 1480 984 1522 1567.

1020 1544 1181 1587 Seruus
1212 1544 1256 1586 in
1288 1544 1458 1587 Christo
1492 1545 1537 1588 P.
1572 1544 1780 1587 Canisius.

248 1646 275 1696 †
309 1644 551 1685 Admodum
579 1644 835 1686 Reuerendo
868 1643 911 1685 in
935 1644 1105 1687 Christo
1129 1644 1250 1686 Patri
1273 1643 1503 1686 Francisco
1537 1659 1563 1686 a
1585 1643 1746 1696 Borgia
1769 1643 1901 1685 Prae-

128 1709 269 1763 posito
304 1708 505 1751 Generali
538 1708 770 1752 Societatis
802 1709 955 1753 JESV.
1596 1710 1774 1752 Romae.

248 1820 284 1853 Si
318 1812 713 1865 litteras⁷archetypas
748 1820 961 1865 inspexeris,
997 1820 1065 1854 hoc
1100 1820 1259 1854 videbis:
1299 1820 1466 1854 canisius
1500 1820 1544 1854 iis
1579 1822 1642 1854 aut
1680 1820 1712 1853 d.
1742 1818 1796 1852 12.
1833 1820 1894 1852 aut

131 1874 184 1908 16.
212 1873 369 1916 Augusti
395 1872 526 1907 ascribi
552 1873 716 1914 volebat;
744 1885 827 1907 nam
854 1874 946 1908 alter
971 1885 1142 1908 numerus
1168 1885 1213 1908 ex
1239 1873 1352 1908 altero
1379 1875 1562 1908 correctus
1587 1875 1652 1915 est,
1678 1873 1730 1907 ita
1763 1874 1894 1913 tamen,

129 1930 177 1967 ut,
204 1932 285 1960 uter
312 1926 411 1971 prius
436 1926 594 1971 scriptus
622 1927 679 1968 sit,
716 1939 785 1961 non
813 1930 997 1972 appareat.
1040 1927 1150 1961 Manu
1177 1929 1295 1961 autem
1322 1938 1479 1969 romana,
1516 1938 1607 1971 quae
1633 1926 1792 1960 eiusdem
1819 1925 1894 1959 fere

128 1980 300 2024 temporis
327 1991 406 2013 esse
433 1980 589 2018 videtur,
626 1980 851 2025 inscriptioni
887 1981 1097 2014 adnotatum
1133 1983 1207 2015 est:
1247 1981 1359 2023 „1567
1388 1980 1546 2024 Jspruch
1574 1980 1612 2014 P.
1642 1978 1784 2014 Canisio
1810 1978 1894 2012 Pro-

129 2033 282 2067 uinciale
311 2033 353 2067 12
380 2033 604 2076 d'Agosto“;
641 2045 699 2067 res
726 2045 866 2078 quoque
902 2034 1013 2078 ipsae,
1049 2045 1142 2077 quae
1176 2033 1392 2074 scribuntur,
1429 2036 1465 2067 et
1499 2033 1655 2067 maxime
1691 2033 1893 2066 litterarum

129 2087 313 2121 exordium
339 2086 456 2129 magis
483 2086 702 2121 conveniunt
728 2098 808 2121 cum
836 2087 992 2132 epistula
1018 2087 1211 2132 superiore,
1247 2098 1354 2131 quam
1384 2087 1439 2121 12.
1465 2087 1623 2130 Augusti
1659 2087 1779 2120 datam
1815 2097 1895 2120 esse

129 2141 280 2181 constat,
307 2150 412 2183 quam
440 2151 521 2173 cum
548 2140 722 2184 proxima,
750 2152 842 2185 quae
869 2142 965 2174 certo
992 2140 1078 2174 data
1104 2143 1159 2174 est
1188 2141 1242 2175 16.
1269 2140 1436 2184 Augusti.

246 2210 398 2253 Borgias
426 2210 569 2244 Canisio
597 2211 782 2255 respondit
809 2211 864 2246 23.
892 2211 1114 2256 Septembris
1142 2212 1243 2245 1567.

124 2357 274 2395 1478.
350 2359 569 2394 CANISIUS
596 2359 658 2395 P.
679 2358 1097 2396 HIERONYMO
1125 2359 1388 2395 NATALI
1415 2360 1606 2395 societatis
1631 2360 1824 2395 visitatori.

982 2414 1181 2459 Oeniponte
1209 2414 1301 2448 inter
1329 2414 1383 2448 12.
1411 2416 1448 2448 et
1476 2414 1528 2448 16.
1557 2414 1713 2456 Augusti
1742 2414 1844 2448 1567.

242 2494 295 2528 Ex
323 2495 479 2539 epistula
505 2495 548 2529 ad
576 2496 755 2540 Borgiam,
783 2497 825 2530 de
852 2507 923 2541 qua
949 2495 1043 2530 infra
1070 2508 1103 2541 p.
1125 2496 1179 2531 13.

249 2582 417 2616 Canis-ius
448 2584 638 2626 Oem'ponte
664 2586 719 2617 16.
749 2586 904 2628 Aesyusti
932 2587 1025 2618 1567
1058 2587 1109 2618 sie
1142 2585 1286 2627 scripsit
1314 2585 1349 2618 S.
1378 2585 1575 2618 Francisco
1601 2584 1756 2626 Boryiae
1786 2594 1890 2626 prae-

119 2636 235 2676 posito
268 2637 438 2678 yenerali‚
475 2648 517 2669 ese
552 2648 621 2680 quo
655 2642 849 2680 acceperat,
889 2638 1070 2681 colleyium
1105 2638 1346 2681 herbipolense
1381 2649 1403 2671 a
1441 2638 1610 2671 Societate
1644 2638 1716 2669 iam
1752 2638 1892 2669 admitti

125 2689 300 2731 eidemque
325 2689 468 2731 collegsio
494 2694 662 2723 rectorem
696 2692 989 2734 praeponendum
1025 2692 1140 2725 videri
1174 2691 1212 2725 P.
1246 2692 1436 2735 Georyium
1464 2691 1607 2723 Bader:
1643 2691 1718 2733 „De
1752 2690 1891 2733 colleyio

125 2741 263 2783 quidem
289 2741 539 2784 Hei-bipolensi
574 2744 622 2775 ad
649 2744 686 2777 P.
715 2744 941 2778 Visitatorem
970 2746 1078 2778 uaria
1103 2745 1244 2788 scripsi,
1285 2749 1321 2777 ut
1346 2746 1378 2777 is·
1403 2755 1525 2777 coram
1551 2744 1592 2776 de
1617 2743 1672 2776 his
1698 2754 1776 2776 cum
1802 2744 1890 2776 Pro-

128 2794 275 2826 ztintiali
299 2794 478 2827 Rhenensi
503 2794 714 2838 conferret.“

243 2891 272 2922 a)
293 2898 468 2917 ammonere
489 2894 567 2918 arch.
643 2893 671 2922 b)
695 2896 729 2919 In
749 2896 829 2920 arch.
850 2904 924 2920 corr.
946 2904 982 2920 cnr
1002 2895 1085 2921 esset
1103 2896 1254 2928 pergeret.
1329 2895 1355 2922 ei
1378 2894 1595 2920 Commendare
1615 2895 1694 2919 arch.
1770 2894 1800 2925 d)
1821 2895 1890 2919 Vide

124 2940 196 2963 quae
216 2933 268 2956 snb
290 2933 370 2965 ipsas
389 2935 444 2958 has
464 2935 580 2959 litteras
600 2935 742 2960 (licentur.

248 3061 255 3079 ¹
284 3061 435 3095 Ioannes
454 3062 567 3096 Vicus
592 3063 671 3097 sive
689 3063 817 3103 Wick;
845 3076 878 3098 V.
910 3067 995 3100 Can.
1016 3065 1048 3099 V
1068 3066 1149 3100 469.
1297 3065 1310 3085 2
1335 3065 1374 3098 P.
1402 3065 1612 3099 Theoderici
1640 3064 1784 3099 Canisii.

245 3114 257 3132 3
285 3113 470 3155 Michonis,
498 3115 663 3159 Dilingae
691 3117 892 3160 degentem.
