2044 3335
652 79 696 115 ΙΙ.
724 79 948 114 Prooemium
976 77 1167 113 voluminis
1193 77 1298 112 sexti.
1769 87 1865 110 xxm

213 197 395 241 Insignem
422 198 612 241 patronum
632 195 803 230 Societati
822 207 861 230 se
879 195 1075 240 praebebat
1100 193 1188 227 San
1202 195 1308 227 ctus
1335 193 1449 227 Pius
1474 192 1518 226 V.
1545 191 1719 236 pontifex.
1762 190 1865 225 Fere-

94 251 181 285 bant
207 250 360 294 quidem,
388 261 469 283 eum
488 249 632 282 lesuitis
656 249 834 283 cucullam
863 247 1099 282 monasticam
1130 247 1277 280 induere
1295 246 1487 286 statuisse;
1514 245 1575 278 sed
1596 245 1671 289 ipse
1690 244 1865 278 sodalium

95 303 268 338 vestitum
302 302 421 348 planis
455 303 575 336 verbis
610 302 783 346 probabat
828 301 959 346 (5712).
1019 299 1311 334 Incommodabat
1349 301 1445 332 certe
1484 298 1596 332 Sociis
1634 300 1865 342 praeceptum

94 356 181 390 illud
208 356 396 400 pontificis,
424 367 493 399 quo
520 355 564 389 ad
582 355 842 399 professionem
861 354 1070 388 sollemnem
1090 352 1319 386 scholasticis
1338 352 1513 393 omnibus,
1541 353 1734 395 antequam
1752 350 1868 384 sacris

93 409 275 444 ordinibus
309 409 547 449 initiarentur,
580 408 843 442 concedendam
870 407 1082 451 adigebatur
1111 405 1171 449 (93
1202 405 1267 439 122
1295 406 1363 439 213
1391 405 1495 448 571);
1533 404 1732 438 obsistebat
1758 404 1865 438 etiam

93 462 179 496 Pius
205 462 421 506 imperatori,
448 461 669 506 principibus
688 462 822 496 bavaro
849 463 885 494 et
907 460 1079 500 tirolensi‚
1107 458 1279 493 cardinali
1307 458 1540 503 patriciisque
1569 457 1794 500 augustanis,
1822 457 1867 491 ab

95 515 172 560 ipso
202 515 418 559 petentibus,
453 516 494 548 ut
528 514 842 548 Dominicanorum
877 525 1023 548 suorum
1059 513 1316 546 monasterium
1348 513 1590 554 augustanum
1617 511 1731 545 Sociis
1767 511 1868 544 daret

100 569 184 609 (172
206 568 325 611 191⁴);
360 571 397 601 at
415 567 521 601 simul
540 567 702 612 pontifex
721 567 844 601 multis
863 566 1063 600 rationibus
1083 565 1301 604 declarabat,
1328 576 1367 598 se
1386 564 1603 599 Societatem
1623 575 1744 598 amare
1764 564 1868 607 eique

95 622 222 662 fidere;
259 621 309 654 ita
335 621 468 654 Romae
495 621 806 665 poenitentiariam
842 620 1012 654 basilicae
1039 619 1072 654 S.
1099 618 1199 652 Petri
1234 618 1278 652 iis
1313 618 1462 652 tradidit
1492 618 1593 660 (440)
1623 623 1659 651 et
1684 617 1870 651 contiones

96 675 130 708 in
158 674 305 708 aedibus
331 673 406 707 suis
432 674 610 707 vaticanis
637 685 701 718 per
728 685 789 707 eos
824 673 949 707 haberi
984 673 1090 706 iussit
1128 672 1251 715 (282);
1289 682 1410 705 eorum
1444 671 1646 715 complures
1681 670 1866 711 exercitui,

96 727 215 766 classi,
242 727 484 761 cardinalibus
510 727 553 760 ad
582 727 762 771 principes
787 726 921 769 legatis
947 725 1113 760 adiunxit
1151 725 1278 768 (282s3
1304 724 1426 768 445¹);
1464 725 1585 758 varias
1612 723 1783 758 Societati
1809 723 1868 757 vel

94 780 221 814 tribuit
246 781 303 814 vel
340 780 567 814 confirmavit
601 780 796 814 facultates
831 780 873 813 ad
901 779 1042 813 Bullam
1080 779 1218 813 Coenae
1254 778 1339 821 (188
1367 779 1435 812 194
1461 778 1559 821 597),
1595 778 1639 811 ad
1675 777 1868 811 communi-

96 834 274 868 cationem
309 833 578 878 privilegiorum
616 845 695 868 cum
732 833 915 867 ordinibus
951 831 1232 866 Mendicantium
1274 831 1358 873 (228
1385 832 1484 874 596),
1522 831 1564 865 ad
1605 831 1797 865 transitum
1825 830 1868 864 ad

96 887 255 921 ordinem
283 887 528 921 cartusianum
564 889 600 921 et
636 887 706 920 alia.
742 887 965 931 pertinentes
993 885 1078 929 (167
1107 886 1175 920 269
1203 885 1309 928 609);
1342 887 1376 919 et
1404 897 1484 919 cum
1512 885 1592 928 lege
1619 884 1797 919 communi
1824 896 1869 918 ex

96 940 157 975 illa
184 941 504 974 communicatione
530 940 777 983 indulgentiae
804 940 1068 984 exciperentur,
1096 939 1182 973 Pius
1208 939 1274 972 has
1300 950 1442 983 quoque
1469 950 1549 972 cum
1570 938 1749 972 Societate
1776 949 1871 972 com-

95 995 295 1028 municavit
332 995 453 1037 (596);
490 997 687 1038 praeterea,
727 993 820 1037 quod
856 993 900 1027 ad
928 992 1156 1027 Germaniam
1193 992 1334 1033 attinet,
1371 992 1525 1035 Borgiae
1561 992 1722 1035 generali
1758 991 1868 1025 dixit:

98 1046 134 1081 Si
161 1059 252 1092 quae
278 1047 326 1081 ibi
353 1050 474 1081 essent
500 1047 642 1080 deserta
669 1047 888 1080 monasteria
914 1046 1065 1080 aliorum
1091 1046 1266 1087 ordinum,
1301 1057 1339 1079 se
1365 1045 1518 1079 libenter
1545 1045 1717 1079 Societati
1742 1056 1784 1078 ea
1811 1045 1869 1078 da-

95 1103 215 1134 turum
245 1100 382 1144 (1914);
417 1103 452 1134 et
478 1100 670 1143 collegium
697 1100 899 1134 coloniense
927 1098 1113 1133 Salentino
1140 1099 1410 1144 archiepiscopo
1437 1099 1706 1132 commendavit
1738 1098 1872 1132 litteris

98 1153 268 1188 Societati
304 1153 676 1188 honorificentissimis
704 1154 828 1196 (199);
865 1157 900 1186 et
936 1164 1016 1187 cum
1052 1153 1320 1187 Catechismum
1357 1153 1556 1186 Romanum
1593 1164 1656 1196 per
1683 1151 1870 1185 Hoffaeum

97 1209 132 1241 et
159 1207 341 1241 Canisium
369 1207 574 1251 germanice
609 1207 788 1241 redditum
824 1207 956 1240 Doctor
992 1218 1133 1251 quoque
1159 1206 1317 1246 Ederus,
1352 1205 1467 1240 laicus
1501 1205 1656 1249 quidem,
1691 1206 1754 1239 sed
1790 1205 1873 1250 pius

97 1271 287 1304 rerumque
312 1260 595 1303 theologicarum
631 1259 886 1304 peritissimus,
923 1262 1064 1293 vertere
1091 1259 1270 1304 coepisset
1301 1259 1452 1303 ideoque
1488 1259 1555 1304 ipsi
1584 1258 1676 1292 Socii
1712 1259 1871 1303 pontifici

96 1314 377 1358 proposuissent,
404 1316 443 1347 ut
469 1315 753 1358 exspectaretur,
793 1313 909 1357 quoad
947 1313 1038 1346 duae
1076 1312 1159 1346 illae
1187 1313 1374 1347 versiones
1413 1313 1506 1346 inter
1532 1324 1571 1346 se
1598 1312 1798 1357 comparari
1825 1315 1873 1352 et,

98 1378 189 1411 quae
215 1367 341 1401 melior
366 1367 446 1401 visa
473 1370 579 1408 esset,
615 1367 715 1412 typis
743 1367 898 1400 exscribi
934 1369 1067 1411 posset,
1102 1366 1189 1400 Pius
1217 1366 1401 1400 Sociorum
1429 1366 1633 1400 versionem
1668 1366 1745 1400 sine
1772 1377 1872 1400 mora

97 1421 226 1455 excudi
252 1421 375 1461 iussit;
403 1432 442 1455 se
469 1420 562 1455 enim
589 1420 646 1454 his
672 1421 789 1463 magis
815 1420 993 1454 confidere
1021 1432 1127 1464 quam
1155 1420 1270 1454 Edero
1299 1420 1361 1462 (58
1391 1420 1486 1463 109).

217 1475 345 1515 Multa,
373 1477 516 1519 praeter
542 1486 597 1515 ea,
625 1486 716 1517 quae
744 1474 829 1513 dixi,
856 1486 920 1519 per
946 1474 1013 1508 hoc
1040 1473 1205 1508 volumen
1234 1475 1319 1507 sunt
1344 1485 1481 1518 sparsa,
1509 1485 1601 1517 quae
1637 1473 1693 1506 vc]
1730 1473 1872 1507 omnino

96 1527 154 1562 vel
190 1540 235 1561 ex
269 1530 370 1573 parte
405 1539 499 1562 nova
534 1530 570 1561 et
604 1527 648 1561 ad
675 1527 861 1561 historiam
897 1527 1038 1561 illorum
1073 1530 1274 1572 temporum
1310 1527 1596 1570 cognoscendam
1630 1526 1734 1560 utilia
1768 1529 1873 1561 sunt:

97 1581 178 1615 Alia
213 1581 257 1615 ad
291 1593 366 1615 rem
404 1581 617 1615 litterariam
656 1583 692 1614 et
728 1580 984 1615 scholasticam
1020 1580 1248 1621 referuntur;
1284 1580 1386 1614 velut
1421 1592 1501 1614 cum
1539 1580 1738 1614 doctissimi
1774 1579 1873 1613 illius

98 1635 281 1669 Francisci
295 1634 460 1668 Turriani
479 1634 512 1668 S.
526 1635 557 1668 J.
573 1634 663 1668 liber
682 1635 724 1668 de
743 1634 976 1668 hierarchicis
995 1634 1289 1675 ordinationibus,
1309 1645 1526 1678 quamquam
1544 1634 1678 1668 Romae
1697 1645 1717 1667 a
1736 1633 1874 1667 duobus

100 1688 278 1731 theologis
314 1688 533 1733 approbatus
568 1691 633 1727 est,
670 1688 704 1721 in
733 1687 859 1730 Belgio
893 1689 1014 1722 tamen
1050 1687 1149 1733 typis
1176 1688 1328 1722 describi
1354 1687 1489 1732 nequit,
1525 1687 1610 1731 quia
1636 1688 1874 1730 magistratus

99 1742 218 1777 civilis
254 1742 329 1776 eius
361 1742 519 1785 regionis
552 1741 690 1775 nullum
726 1741 856 1775 librum
891 1741 1134 1784 theologicum
1170 1741 1299 1775 excudi
1326 1741 1472 1786 patitur,
1509 1742 1578 1775 nisi
1611 1741 1656 1775 ab
1683 1740 1802 1784 aliquo
1829 1752 1875 1773 ex

100 1795 278 1839 theologis
312 1795 580 1829 lovaniensibus
614 1795 787 1840 probatus
816 1795 880 1835 sit,
914 1794 1080 1829 Turriani
1116 1807 1201 1829 vero
1236 1794 1366 1829 librum
1401 1795 1510 1828 etiam
1548 1795 1590 1836 ii,
1628 1796 1689 1838 qui
1723 1794 1874 1828 Lovanii

99 1849 269 1883 Societati
297 1848 453 1882 maxime
479 1848 585 1882 amici
611 1851 705 1888 sunt,
732 1851 773 1883 ut
798 1849 952 1883 lodocus
970 1848 1180 1893 Ravesteyn
1207 1850 1244 1882 et
1271 1848 1457 1882 Cornelius
1484 1848 1672 1882 lansenius
1702 1848 1874 1891 „se11i0r“,

100 1903 250 1948 probare
285 1905 484 1946 gravantur
521 1903 642 1945 (199);
680 1902 892 1946 Ingolstadii
928 1903 1111 1936 auditores
1146 1902 1394 1946 philosophiae
1427 1903 1615 1947 pauciores
1652 1904 1738 1936 sunt
1764 1913 1871 1946 quam

101 1956 260 1991 eiusdem
291 1956 518 1999 „magist1·i“;
546 1956 629 2000 quia
656 1956 749 1990 enim
777 1968 818 1990 ea
842 1955 1062 1990 universitas
1080 1956 1116 1989 in
1134 1967 1264 1998 magno
1284 1957 1339 1989 est
1356 1956 1497 1989 nomine
1517 1958 1552 1989 et
1571 1955 1696 1998 gloria,
1722 1955 1875 1989 aliarum

101 2022 242 2054 quoque
267 2009 470 2044 scholarum
497 2009 661 2054 discipuli
689 2021 729 2043 eo
755 2009 915 2051 veniunt,
943 2012 983 2044 ut
1009 2010 1052 2043 ad
1079 2009 1246 2052 magistri
1265 2009 1415 2052 gradum
1444 2011 1724 2054 promoveantur
1751 2008 1877 2052 (558);

103 2064 302 2109 Oeniponte
326 2063 535 2097 inferiorum
570 2063 774 2098 scholarum
811 2065 911 2108 pueri
952 2063 1086 2107 „virgis
1113 2074 1222 2108 super
1248 2063 1402 2097 nudum‘
1445 2063 1646 2097 caeduntur
1673 2062 1770 2106 (90);
1806 2074 1875 2106 quo

102 2118 209 2152 citius
243 2117 450 2162 provinciae
486 2117 699 2151 Germaniae
738 2117 934 2162 superioris
973 2117 1236 2151 contionatores
1263 2120 1300 2150 et
1337 2116 1549 2150 confessarii
1588 2118 1791 2161 suppetant,
1831 2117 1877 2150 ab

103 2172 251 2206 Hoffaeo
278 2170 491 2216 provinciali
516 2170 724 2204 scholastici
752 2171 816 2213 illi,
849 2171 909 2215 qui
946 2171 1005 2204 vel
1033 2170 1240 2204 valetudine
1278 2169 1337 2203 vel
1363 2170 1507 2213 ingenio
1534 2171 1652 2204 minus
1680 2171 1876 2214 praestant,

103 2225 234 2260 Halam
253 2225 444 2259 mittuntur
469 2224 514 2258 ad
528 2224 674 2258 brevem
691 2225 871 2268 quandam
886 2224 1106 2267 theologiam
1126 2224 1360 2263 audiendam
1389 2224 1424 2258 id
1444 2224 1537 2268 quod
1558 2224 1689 2257 Petrus
1709 2223 1877 2257 Canisius

103 2282 139 2314 et
173 2279 414 2313 Theodoricus
453 2278 529 2311 eius
566 2279 680 2312 frater
719 2278 934 2323 collegiique
973 2278 1147 2321 dilingani
1184 2280 1302 2312 rector
1340 2277 1418 2311 fieri
1463 2278 1607 2321 quidem
1653 2277 1696 2311 ad
1732 2280 1877 2322 tempus

104 2335 269 2373 censent3
298 2335 458 2367 attamen
485 2332 650 2366 breviora
668 2332 730 2366 illa
748 2333 868 2366 studia
893 2332 930 2365 in
948 2332 1221 2366 universitatem
1242 2332 1461 2374 dilinganam
1482 2331 1540 2364 vel
1557 2330 1877 2374 ingolstadiensem

104 2387 354 2421 transferenda
381 2397 460 2419 esse
486 2385 648 2419 scribunt
679 2386 795 2429 (432),
822 2397 877 2427 ne,
906 2386 1032 2430 paucis
1051 2385 1122 2419 illis
1140 2385 1368 2419 scholasticis
1395 2396 1414 2418 a
1441 2384 1616 2429 plurimis,
1655 2385 1714 2428 qui
1742 2384 1877 2418 diutius

103 2441 281 2482 studeant,
308 2439 490 2481 seiunctis,
522 2440 790 2484 „compendium
818 2440 861 2473 iis
889 2439 1030 2473 adferat
1056 2439 1302 2483 dispendium⁴⁴
1334 2439 1448 2481 (460).
1487 2438 1569 2472 Alia
1588 2438 1632 2472 ad
1651 2437 1876 2482 disciplinam

105 2494 310 2537 religiosam
337 2493 536 2538 pertinent;
572 2493 623 2527 ita
655 2495 773 2527 rector
799 2493 1025 2527 monacensis
1051 2492 1230 2533 laudatur,
1264 2492 1348 2536 quia
1384 2492 1419 2525 in
1445 2491 1619 2525 sodalium
1649 2494 1877 2534 aegrotorum

106 2549 258 2591 gratiam
286 2547 487 2581 aedificium
515 2547 700 2581 exstruxit
729 2546 826 2590 (92);
866 2547 960 2580 Socii
994 2545 1127 2580 mortui
1157 2545 1202 2588 (si
1229 2545 1349 2579 clerici
1376 2557 1445 2579 non
1472 2547 1573 2588 sunt)
1611 2545 1688 2579 sine
1714 2545 1878 2579 vestibus

106 2602 326 2647 sepeliantur
364 2600 545 2644 (139s40);
586 2600 760 2634 Hoffaeus
795 2600 1029 2645 provincialis
1065 2599 1215 2644 pedibus
1251 2601 1418 2642 Augusta
1453 2598 1690 2643 Oenipontem
1726 2601 1761 2633 et
1796 2599 1881 2632 inde

105 2655 332 2689 Monachium
360 2655 600 2700 proficiscitur
629 2654 744 2697 (459).
798 2654 895 2687 Idem
922 2653 958 2687 in
986 2653 1169 2687 Sociorum
1196 2652 1329 2687 litteris
1355 2664 1414 2687 res
1440 2653 1615 2696 quasdam
1644 2655 1679 2687 et
1705 2664 1878 2698 personas

107 2709 309 2743 nominibus
345 2708 598 2742 secretioribus
625 2707 810 2751 designari
845 2707 973 2741 debere
1009 2706 1208 2740 arbitratur
1246 2706 1371 2750 (21ssss
1398 2706 1506 2749 222);
1543 2706 1665 2750 itaque
1699 2707 1776 2751 ipse
1815 2718 1880 2751 pro

106 2762 273 2807 pontifice
300 2762 399 2806 ponit
429 2761 760 2804 „unive1·sitatem“,
787 2773 851 2805 pro
870 2760 1018 2794 Alberto
1037 2759 1080 2795 V.
1108 2759 1286 2793 Bavariae
1305 2760 1394 2794 duce
1424 2760 1637 2802 „secundam
1664 2760 1880 2799 secundae“,

107 2828 170 2861 pro
188 2815 413 2849 Ferdinando
432 2815 475 2849 ΙΙ.
502 2815 695 2848 archiduce
727 2814 1008 2857 „dialecticam“,
1036 2825 1100 2858 pro
1119 2813 1335 2857 Magdalena
1361 2816 1398 2847 et
1417 2813 1554 2847 Helena
1581 2814 1715 2857 reginis
1746 2825 1879 2858 „parva

106 2869 306 2904 naturalia“
348 2869 470 2912 (213);
506 2868 721 2902 Franciscus
753 2870 872 2902 autem
904 2868 1051 2910 ssorgias
1087 2867 1313 2912 praepositus
1340 2867 1520 2910 generalis
1554 2867 1741 2912 praecipit,
1776 2866 1879 2900 utin

107 2923 261 2967 singulis
291 2922 481 2957 Societatis
517 2922 681 2956 domibus
717 2924 860 2966 praeter
896 2921 1074 2963 „Litteras
1109 2922 1266 2954 annuas“
1306 2921 1354 2954 sit
1394 2920 1576 2963 „Historia
1613 2921 1772 2962 domus“‚
1808 2931 1879 2964 qua

108 2978 382 3011 domesticorum
401 2979 477 3010 tum
495 2976 698 3020 aequalium
718 2978 794 3008 tum
814 2976 1038 3019 posterorum
1061 2974 1358 3009 consolandorum
1386 2977 1422 3008 et
1447 2974 1491 3008 ad
1519 2974 1693 3019 pietatem
1720 2973 1879 3008 excitan-

109 3031 232 3065 dorum
260 3031 398 3074 gratia,
434 3030 610 3074 quomodo
646 3029 772 3063 domus
798 3028 967 3063 incohata
1003 3029 1061 3071 sit,
1098 3031 1133 3063 et
1169 3028 1253 3072 quid
1281 3028 1312 3062 ei
1339 3028 1382 3062 de
1410 3028 1516 3062 rebus
1552 3029 1631 3062 sive
1658 3028 1771 3062 sacris
1800 3027 1881 3062 sive

109 3084 268 3129 profanis
287 3083 467 3124 acciderit,
495 3085 662 3117 narretur
691 3082 805 3126 (168).
