2044 3335
895 665 976 707 VII

129 755 501 812 EPISTULAE
539 755 585 811 A
625 754 889 811 CANISIO
926 755 1013 811 ΕΤ
1045 754 1137 811 ΑΒ
1173 755 1497 812 GANISIUM
1531 756 1759 813 DATAE

811 858 1078 906 1567-1571.

61 1045 212 1083 1420.
305 1046 524 1081 CANISIUS
552 1044 820 1082 SANGTO
848 1045 1240 1082 FRANGISGO
1269 1045 1589 1082 BORGIAE
1626 1047 1830 1091 praeposito

247 1100 407 1144 generali
434 1099 626 1134 societatis
652 1099 746 1134 Iesu.
1209 1100 1411 1145 Oeniponte
1439 1102 1471 1135 5.
1492 1100 1648 1143 Augusti
1679 1101 1779 1135 1567.

178 1187 232 1221 Ex
258 1186 454 1232 archetypo
492 1186 569 1230 (2⁰;
601 1187 691 1231 lp.;
720 1187 756 1220 in
784 1199 816 1231 p.
843 1189 865 1221 4
893 1187 999 1221 inser.
1036 1189 1073 1221 et
1098 1187 1271 1232 reliquiae
1297 1186 1396 1231 sig),
1434 1186 1553 1221 Germ.
1585 1187 1661 1228 183,
1697 1199 1730 1221 n.
1759 1187 1828 1222 202

63 1241 101 1283 (f.
129 1241 196 1275 323
223 1243 259 1274 et
284 1252 337 1284 sq.
364 1252 434 1274 non
460 1240 583 1283 sign).
621 1239 786 1274 Canisius
813 1252 879 1275 sua
905 1252 1013 1274 manu
1039 1253 1167 1275 nomen
1199 1241 1391 1284 („Seruus“
1423 1242 1507 1284 etc.)
1537 1241 1763 1286 subscripsit.

177 1324 327 1357 Nomine
356 1324 503 1367 Georyie'
537 1328 566 1356 et
593 1325 742 1357 Ursulae
768 1324 912 1367 Fls-wer
947 1335 1024 1357 eum
1049 1328 1165 1367 royat,
1202 1328 1240 1357 ut
1275 1325 1481 1367 Philippum
1518 1325 1679 1366 ipsorum
1714 1324 1829 1366 filium

61 1379 256 1421 Auyustam
291 1388 368 1410 cum
405 1378 526 1420 aliquo
563 1388 606 1409 ex
643 1378 759 1410 Sociis
793 1379 961 1421 remittat,
1001 1381 1031 1410 et
1069 1382 1104 1410 zct
1140 1379 1249 1411 eidem
1280 1383 1545 1421 praeceptorem.
1579 1379 1765 1420 provideat
1800 1383 1831 1411 et

58 1442 226 1475 equorum
252 1431 437 1465 custodem.
477 1430 515 1464 P.
540 1431 721 1464 Mendoza.

270 1531 443 1573 Jhesus.
508 1531 601 1573 Pax
635 1530 794 1573 Christi
827 1531 1057 1573 admodum
1091 1531 1347 1573 Reuerende
1383 1531 1526 1574 Pater.

176 1613 384 1655 Dominus
418 1613 630 1667 Georgius
662 1613 890 1667 Fuggerus
934 1628 1020 1656 una
1065 1628 1161 1655 eum
1194 1628 1332 1656 uxore
1365 1614 1562 1668 grauiter
1595 1617 1829 1668 aegrotare

58 1679 212 1733 pergit,
247 1681 290 1720 et
322 1693 435 1720 nune
466 1679 618 1721 literas
652 1679 707 1721 ad
739 1679 899 1720 filium²³
932 1678 1178 1733 Philippum
1206 1679 1355 1730 mittit,
1391 1680 1545 1733 quibus
1567 1679 1687 1722 iubet
1709 1680 1829 1722 illum

61 1757 187 1797 quam
220 1743 405 1798 primum
437 1744 685 1797 Augustam
719 1744 934 1798 proficisci
951 1745 976 1787 1.
1027 1744 1119 1794 Qua
1153 1746 1205 1786 de
1238 1759 1284 1787 re
1316 1745 1529 1788 tractauit
1561 1759 1729 1787 meeum
1763 1759 1831 1787 se-

59 1809 169 1860 dulo,
192 1809 383 1862 illudque
405 1809 448 1850 in
471 1809 619 1863 primis
643 1810 897 1863 postulauit,
921 1812 970 1852 ut
992 1810 1040 1853 P.
1065 1810 1229 1852 Tuamb
1251 1824 1328 1852 suo
1352 1810 1524 1852 nomine
1551 1825 1753 1864 rogarem
1777 1811 1830 1852 de

59 1874 143 1916 filio
170 1875 251 1916 huc
274 1875 496 1917 commode
518 1875 794 1918 remittendo.
840 1875 1101 1929 Pergratum
1124 1875 1188 1917 illi
1210 1876 1338 1927 foret,
1373 1876 1408 1917 si
1432 1876 1656 1930 Philippus
1679 1877 1829 1918 ducem

59 1953 82 1981 e
112 1939 271 1982 nostris
303 1954 434 1981 unum
467 1940 700 1994 acciperet,
746 1940 1000 1994 praesertim
1037 1955 1092 1983 ex
1127 1941 1329 1983 Patribus
1362 1941 1404 1982 in
1439 1942 1716 1984 Germaniam
1750 1942 1830 1983 hoc

60 2019 168 2047 anno
201 2005 436 2048 mittendis,
491 2006 655 2047 Deinde
688 2006 894 2048 maiorem
919 2006 962 2047 in
987 2007 1158 2048 modun]
1183 2010 1322 2061 rogat,
1357 2010 1405 2049 ut
1435 2008 1673 2060 quaeratur
1703 2007 1830 2049 isthic

60 2072 104 2112 et
142 2071 389 2113 inueniatur
431 2071 587 2124 aliquis
626 2071 693 2112 uir
725 2072 898 2125 probus
941 2072 1102 2125 grauis,
1145 2072 1384 2115 industrius
1417 2076 1460 2115 et
1493 2075 1714 2126 expertus,
1759 2073 1832 2126 qui

61 2150 143 2177 non
175 2136 311 2178 solum
345 2137 591 2189 Augustam
625 2151 774 2190 usque,
814 2137 891 2179 sed
923 2137 1053 2179 etiam
1087 2138 1258 2191 longius
1291 2137 1428 2180 eidem
1464 2138 1660 2192 Philippo
1694 2138 1831 2193 possit

61 2201 247 2255 adiungi,
291 2202 411 2243 uelut
452 2202 561 2243 fidus
594 2202 749 2244 Custos
789 2217 839 2244 ae
881 2205 1014 2246 tutor.
1080 2204 1275 2245 Haberet
1314 2203 1425 2245 idem
1459 2203 1689 2245 honestum
1722 2205 1831 2246 satis

61 2266 275 2318 salarium,
310 2267 483 2309 futurus
515 2269 664 2309 tamen
697 2268 877 2321 gratior,
913 2269 947 2310 si
973 2268 1258 2311 Germanicae
1284 2269 1459 2322 linguae
1492 2269 1658 2323 peritus
1691 2272 1829 2311 esset:

61 2331 125 2373 sin
157 2332 309 2383 minus,
343 2332 509 2374 Jtalum
544 2347 713 2386 quoque
746 2333 922 2383 ferent&
960 2335 1115 2376 saltem
1151 2335 1397 2388 Augustam
1431 2348 1580 2387 usque.
1634 2334 1829 2383 Tertium

63 2396 235 2451 adiungi
277 2397 466 2452 cupiunt,
514 2398 549 2439 si
592 2412 699 2452 opus
742 2413 837 2441 esse
870 2399 1085 2451 uideatur,
1130 2401 1201 2453 qui
1234 2414 1379 2441 curam
1415 2414 1623 2453 equorum
1656 2400 1830 2451 habeat,

62 2461 150 2504 siue
181 2463 217 2504 is
249 2463 428 2516 pedibus
462 2463 662 2506 conficiat
694 2463 778 2506 iter
807 2465 948 2518 (come
980 2479 1037 2506 un
1070 2466 1285 2518 staffiero)
1319 2465 1411 2507 siue
1443 2465 1662 2519 proprium
1698 2465 1829 2508 etiam

61 2540 213 2581 equum
244 2528 337 2582 ipse
370 2528 542 2570 habeat.
586 2528 699 2570 Nam
735 2529 787 2571 de
820 2530 1076 2584 sumptibus,
1111 2544 1219 2583 quos
1252 2530 1562 2572 conuenientes
1585 2544 1680 2573 esse
1701 2534 1831 2586 puta-

63 2591 197 2634 bimus
228 2593 295 2635 his
326 2593 700 2647 proficiscentibus
734 2596 898 2637 duobus
932 2596 1000 2637 uel
1027 2596 1179 2646 tribus,
1214 2596 1366 2638 nolunt
1389 2610 1466 2638 nos
1489 2596 1699 2639 sollicitos
1721 2610 1830 2639 esse.

61 2657 175 2699 Jllud
207 2659 486 2713 praecipuum
529 2661 609 2710 est,
654 2662 701 2701 ut
742 2662 839 2703 tota
870 2660 1057 2715 Philippi
1097 2661 1308 2715 profectio
1343 2675 1397 2703 ex
1429 2661 1656 2704 uoluntate
1689 2665 1733 2704 et
1761 2662 1830 2716 ju-

63 2722 169 2765 dicio
210 2725 455 2766 nostrorum
497 2727 670 2778 patrum
713 2726 914 2779 pendeat,
950 2726 1061 2768 sieut
1093 2726 1292 2781 Philippo
1325 2727 1541 2777 scribitur,
1585 2730 1630 2770 et
1661 2742 1742 2781 ego
1776 2729 1830 2769 ad

63 2787 108 2830 P.
140 2788 367 2842 Aloysium
408 2790 601 2832 scribens
643 2794 808 2845 repeto,
871 2791 985 2833 Nam
1029 2794 1175 2846 potest
1213 2792 1286 2834 ille
1318 2792 1508 2835 fortasse
1540 2807 1625 2834 non
1657 2793 1830 2847 ineptus

179 2887 206 2918 a)
226 2887 365 2918 Sequitur
384 2886 471 2920 Filip,
492 2888 700 2913 oblitteratam.
786 2888 817 2919 b)
839 2890 979 2921 Sequitur
997 2888 1038 2922 ip,
1064 2890 1155 2915 oblitt.
1242 2889 1268 2921 c)
1291 2891 1319 2915 C.
1340 2890 1402 2922 ipse
1422 2892 1439 2915 3
1459 2891 1546 2915 verba
1566 2899 1624 2923 sqq.
1646 2891 1677 2916 in
1697 2892 1831 2923 margine

62 2927 193 2959 adelida,-
213 2931 297 2959 atque
316 2935 413 2961 usque
429 2930 530 2961 posuit
546 2938 605 2962 pro
626 2937 757 2963 quoque,
777 2932 852 2963 qnod
869 2932 1002 2963 primum
1022 2932 1194 2963 scripserat.

181 3047 191 3066 ¹
218 3045 405 3092 Philippus
430 3048 619 3082 Eduardus
646 3048 791 3092 Georgii
817 3048 861 3082 ΙΙ.
881 3049 1037 3092 Fuggeri
1064 3051 1100 3084 et
1118 3049 1273 3084 Ursulae
1300 3061 1320 3084 a
1347 3049 1594 3084 Lichtenstein
1621 3050 1717 3085 filius
1743 3053 1830 3084 natu

63 3098 239 3133 maximus
264 3099 398 3134 Romae
423 3101 460 3135 in
486 3101 637 3145 collegio
664 3102 870 3145 germanico
896 3101 990 3136 inter
1016 3103 1242 3137 convictores
1269 3103 1494 3138 versabatur.

133 3162 446 3197 Braunsberger,
467 3165 579 3192 Canisii
600 3166 755 3200 Epistulae
776 3165 808 3191 et
827 3166 912 3192 Acta.
934 3165 984 3192 VI.
1526 3163 1542 3196 l
