2044 3335
147 106 225 130 XLII

197 210 286 244 1569
329 208 332 258 Ι

196 316 286 351 1569

197 475 286 510 1569
329 480 331 491 ’

196 581 286 616 1569
329 591 331 623 p

195 694 286 728 1569

195 800 285 835 1569
329 809 330 819 1

195 860 285 894 1569
329 872 331 909 Ξ

196 966 286 1000 1569
329 1022 330 1026 ¹

180 1033 290 1074 1569
329 1035 331 1066 ff

196 1492 285 1526 1569

195 1551 286 1585 1569

196 1710 286 1745 1569
329 1711 331 1719 ⁴

197 1769 286 1805 1569

196 1882 286 1917 1569

195 1995 286 2030 1569

195 2154 284 2189 1569
328 2179 329 2187 ,

195 2320 284 2355 1569
327 2287 328 2294 ¹

193 2426 283 2461 1569
326 2435 328 2478 ᾗ

195 2538 283 2572 1569
326 2495 328 2502 ¹

195 2649 282 2684 1569

193 2762 283 2796 1569

193 2927 282 2961 1569

618 94 680 128 ΠῘ.
707 94 865 129 Tabulae
891 93 1163 138 chronologicae
1189 94 1288 129 vitae
1314 94 1459 131 Canisii.

456 209 542 254 Apr.
563 210 595 244 8.

445 315 531 360 Apr.
555 315 608 350 10.

444 475 531 519 Apr.
553 474 606 508 11.

444 582 530 625 Apr.
551 580 605 615 12.

408 692 502 726 inter
530 693 582 727 11.
611 696 647 727 et

446 747 499 780 14.
521 746 606 790 Apr.

445 800 529 844 Apr.
554 800 607 834 16.

443 859 529 903 Apr.
553 859 606 893 17.

329 975 331 986 >
350 964 454 1009 paulo
466 966 546 1010 post
556 964 702 1010 16.Apr.

428 1035 617 1074 exeunte

429 1112 483 1139 m.
507 1096 611 1151 Apr.

452 1492 539 1526 Maii
565 1494 598 1528 4.

411 1552 478 1586 sub
505 1552 538 1586 6.
556 1552 644 1586 Maii

453 1711 539 1746 Maii
567 1712 598 1747 7.

361 1770 466 1815 paulo
491 1773 575 1805 ante
596 1771 689 1806 med.

455 1824 590 1858 Maium

347 1882 442 1917 inter
455 1883 488 1918 8.
501 1885 535 1917 et
549 1883 602 1918 14.
615 1883 702 1917 Maii
719 1857 722 1889 i

328 2007 393 2044 gm.
406 1995 500 2029 Maio
517 1995 615 2040 (post
628 1996 699 2038 14.)

328 2047 329 2107 J
348 2049 407 2083 vel
421 2049 498 2083 Iun.
513 2050 611 2092 (ante
626 2050 698 2093 23.)

451 2156 528 2191 Iun.
550 2156 604 2190 16.

450 2321 527 2355 Iun.
549 2321 604 2357 18.

378 2426 454 2461 Iun.
475 2428 528 2462 19.
549 2427 622 2472 (26.
635 2429 669 2472 Ῥ)

346 2537 439 2573 inter
460 2540 552 2574 med.
567 2540 643 2575 Iun.
663 2543 700 2575 et

474 2592 570 2638 Sept.

326 2653 327 2690 ἒ
361 2661 381 2683 a
400 2650 494 2685 Maio
520 2652 564 2685 ad
583 2651 680 2698 Sept.

345 2761 438 2796 inter
455 2763 539 2798 Mai.
553 2766 588 2798 et
600 2764 696 2809 Sept.

380 2926 480 2961 Iunio
506 2930 542 2962 et
567 2929 657 2963 Iulio

742 208 780 244 F.
806 209 868 244 VI.
896 209 930 242 in
957 210 1161 244 Parasceve
1195 209 1325 243 ibidem
1361 210 1405 244 de
1435 209 1570 244 Christi
1605 221 1711 245 cruce
1747 212 1783 245 et
1817 211 1860 245 de
1895 212 1916 246 7

802 262 926 296 verbis
952 263 986 296 in
1014 274 1119 296 cruce
1145 261 1296 307 prolatis
1323 262 1410 297 dicit
1436 263 1552 307 (527).

742 314 844 350 Dom.
865 315 1055 349 Paschatis
1082 315 1213 349 ibidem
1240 315 1283 349 de
1308 316 1403 350 sacri
1429 316 1497 350 diei
1524 316 1746 361 praestantia
1769 316 1917 362 eiusque

801 371 899 402 recte
935 369 1065 412 agendi
1096 369 1235 402 ratione
1269 369 1332 412 (ex
1363 369 1552 413 evangelio
1579 370 1663 414 diei)
1692 370 1918 405 contionatur

741 475 780 510 F.
803 422 1006 509 (I5I.2713asch.
1034 474 1165 509 ibidem
1199 475 1242 509 de
1276 475 1537 510 resurrectione
1572 478 1793 511 mortuorum
1828 476 1917 511 dicit

741 581 778 616 F.
798 528 1008 616 i1513713asch.
1027 581 1158 616 ibidem
1183 581 1313 616 iterum
1340 582 1383 617 de
1407 583 1672 617 resurrectione
1697 584 1917 617 mortuorum

801 635 888 669 dicit
916 635 1032 679 (527).

740 692 928 740 Dilingam
955 694 1115 728 excurrit
1145 693 1258 738 (304).

740 799 930 846 Augustae
956 802 1124 834 versatur
1152 800 1265 844 (302).

741 860 843 895 Dom.
870 860 904 893 in
932 859 1035 894 Albis
1071 861 1107 893 in
1141 859 1275 905 templo
1302 859 1337 894 S.
1355 860 1517 894 Mauritii
1552 861 1595 895 de
1627 860 1815 905 evangelio
1847 860 1917 895 diei

801 913 1029 948 contionatur
1057 912 1174 956 (527).

742 967 830 1002 Cum
856 966 896 1001 P.
924 966 1144 1000 Theoderico
1172 965 1314 1000 Ganisio
1341 965 1568 1001 Monachium
1594 967 1685 1012 petit
1714 967 1829 1011 (310).

742 1034 970 1076 Albertum
1004 1033 1056 1076 V.
1091 1033 1308 1075 Bavariae
1340 1033 1490 1075 ducem
1527 1033 1630 1076 adit.
1693 1033 1841 1088 Ipsum
1874 1035 1917 1077 et

800 1099 1034 1141 inonachos
1082 1098 1282 1140 confflone
1331 1098 1376 1141 [Q
1411 1098 1688 1141 Stevonfiani
1729 1099 1916 1141 offensos

799 1164 959 1218 placat.
1006 1164 1070 1205 De
1102 1164 1231 1205 rebus
1254 1163 1534 1216 collegiorum
1567 1164 1839 1206 monacensis
1872 1167 1917 1207 et

798 1228 1155 1282 ingolstadiensis
1187 1243 1282 1270 cum
1317 1229 1423 1270 duce
1455 1229 1633 1282 eiusque
1659 1229 1917 1271 consiliariis

800 1295 914 1348 agit;
949 1293 1103 1336 deinde
1135 1307 1229 1335 cum
1265 1294 1346 1337 ΡΡ.
1371 1294 1638 1336 Theodorico
1671 1294 1840 1336 Canisio
1873 1296 1918 1337 et

799 1359 989 1402 Martino
1033 1358 1320 1401 Stevordiano
1361 1358 1682 1414 lugolstadium
1723 1359 1916 1414 proficis-

800 1425 913 1467 citur
945 1422 1134 1479 (310f5).

740 1494 956 1538 Ingolstadii
982 1506 1041 1528 res
1068 1493 1209 1537 collegii
1236 1496 1303 1529 etc.
1331 1496 1434 1528 curat
1460 1494 1615 1538 (312s5).

739 1553 929 1599 Augustae
946 1553 1088 1588 litteras
1106 1553 1300 1598 praepositi
1318 1553 1507 1597 generalis,
1534 1554 1664 1598 quibus
1682 1553 1915 1599 provincialis

800 1607 958 1642 officium
984 1607 1020 1641 in
1038 1607 1077 1641 P.
1098 1607 1286 1641 Hoffaeum
1312 1607 1541 1648 transfertur,
1568 1609 1697 1642 nactus
1723 1607 1847 1641 statim
1874 1618 1914 1641 eo

720 1697 722 1706 Α
799 1673 946 1695 munere
973 1672 1011 1695 se
1029 1660 1174 1695 abdicat
1192 1663 1228 1694 et
1244 1672 1283 1694 se
1301 1663 1417 1695 totum
1435 1660 1583 1695 Hoffaeo
1601 1660 1780 1706 permittit
1799 1660 1912 1705 (309).

741 1717 929 1758 Augustae
955 1716 1123 1748 versatur
1150 1714 1265 1757 (314).

740 1773 910 1807 Ursulam
937 1773 1143 1816 Fuggeram
1167 1773 1380 1807 monendam
1407 1775 1525 1814 curat,
1559 1775 1599 1807 ut
1629 1772 1908 1816 „revelationes“

800 1826 988 1860 mulierum
1016 1826 1244 1860 obsessarum
1276 1826 1442 1868 „minoris
1468 1827 1599 1861 faciat“
1632 1826 1748 1870 (334).

720 1894 721 1899 ¹
739 1884 927 1931 Dilingalu
952 1885 1199 1929 transmigrat,
1225 1888 1266 1920 ut
1288 1886 1496 1920 refutationi
1515 1886 1765 1920 Centuriarum
1784 1896 1914 1920 vacare

799 1939 916 1985 possit
945 1939 1060 1982 (322).

739 2000 779 2033 P.
806 2001 857 2033 Io.
878 2000 1058 2033 Rastellus
1082 1999 1210 2042 anolus·
1239 1999 1276 2033 G.
1303 2011 1325 2032 a
1352 2000 1388 2033 S.
1411 2000 1606 2033 Francisco
1633 2001 1787 2042 Boryiae
1806 2011 1915 2043 prae-

794 2055 914 2097 posito
946 2053 1107 2095 yenerali
1131 2054 1248 2086 socius
1272 2054 1382 2086 datm·
1407 2054 1455 2086 ad
1484 2053 1673 2087 Centurlas
1699 2054 1912 2096 refutandas

801 2106 886 2148 (323
913 2105 1012 2149 334).

720 2159 777 2193 Ὀ.
804 2158 972 2202 Dilingae
999 2159 1055 2192 die
1082 2160 1211 2192 octavo
1236 2159 1322 2193 festi
1342 2158 1508 2203 Corporis
1527 2158 1660 2194 Christi
1681 2159 1742 2203 (ad
1767 2159 1910 2193 univer-

798 2213 954 2253 sitatem,
981 2214 1021 2246 ut
1046 2212 1204 2255 videtur)
1230 2212 1555 2254 „exhortationem“
1579 2213 1622 2247 de
1647 2213 1779 2247 missae
1805 2212 1913 2247 sacri-

797 2266 877 2300 ficio
903 2265 1012 2300 habet
1040 2265 1155 2309 (540).

742 2324 921 2359 Coloniam
959 2325 1219 2368 praefationem
1257 2326 1382 2367 mittit,
1421 2336 1510 2369 quae
1548 2325 1656 2368 Operi
1693 2325 1910 2359 catechistico

796 2379 837 2412 P.
855 2379 989 2411 Busaei
1008 2380 1190 2421 praeponi
1208 2379 1322 2421 possit
1350 2378 1463 2421 (329).

737 2431 838 2465 Dom.
865 2431 927 2465 ΠΙ.
956 2431 1033 2474 (IV.
1047 2430 1080 2474 5³)
1122 2433 1204 2475 post
1238 2431 1340 2465 Pent.
1375 2431 1502 2476 incipit
1536 2431 1735 2465 doctrinam
1770 2431 1909 2466 christi-

784 2496 890 2518 anam
909 2484 1029 2529 pueris
1048 2484 1268 2528 rudibusque
1295 2484 1420 2519 diebus
1446 2484 1560 2518 sacris
1586 2483 1767 2529 explicare
1795 2484 1909 2528 (540).

741 2545 895 2577 Gervino
926 2543 1070 2577 Calenio
1096 2544 1289 2577 coloniensi
1313 2545 1539 2588 privileqe'zcm
1566 2544 1860 2587 typoqraplzicum
1885 2555 1907 2578 a

797 2598 834 2631 S.
853 2598 919 2630 Pe'o
946 2598 983 2630 V.
1010 2599 1202 2640 impetrare
1227 2599 1340 2630 studet
1368 2597 1452 2640 (330
1480 2597 1577 2640 685).

737 2655 825 2690 Cum
852 2655 1047 2700 scriptione
1074 2658 1191 2696 vacat,
1223 2656 1330 2690 rudes
1355 2667 1556 2701 puerosque
1582 2655 1685 2689 docet
1711 2657 1747 2689 et
1773 2655 1909 2690 confes-

795 2709 915 2742 siones
941 2708 1078 2752 excipit
1104 2709 1283 2752 (538l41).

736 2768 763 2801 A
793 2769 958 2800 matrona
983 2766 1090 2801 valde
1119 2767 1230 2801 nobili
1256 2770 1292 2801 et
1318 2767 1395 2801 eius
1420 2767 1505 2801 filiis
1532 2767 1666 2801 arbiter
1691 2767 1910 2802 constitutus

794 2820 902 2853 tridui
921 2820 1050 2854 itinere
1068 2820 1112 2854 ad
1131 2829 1192 2855 eos
1212 2820 1460 2865 proficiscitur,
1486 2831 1611 2865 pacem
1630 2820 1806 2861 conciliat,
1832 2832 1908 2855 rem

795 2872 1009 2906 catholicam
1035 2873 1139 2907 iuvat
1167 2872 1283 2917 (739).

715 2932 956 2975 1Βίθὶηραε
995 2933 1042 2965 ad
1081 2933 1120 2966 P.
1161 2933 1340 2966 Tum-iani
1376 2933 1509 2966 librum
1547 2933 1624 2976 „De
1661 2933 1908 2968 Hierarchicis

798 2984 1117 3019 Ordinationihus“
1144 2987 1236 3029 typis
1259 2987 1388 3019 ibidem
1413 2987 1629 3029 vulqandum
1656 2997 1801 3029 operam
1825 2997 1907 3020 con-

792 3038 874 3079 fert,
910 3039 1003 3071 locos
1037 3039 1176 3081 aliquos
1200 3039 1409 3083 mitiqando,
1439 3044 1655 3082 postremum
1690 3040 1820 3073 librum
1854 3051 1908 3074 re-

795 3091 946 3123 secando
971 3095 1030 3124 etc.
1060 3091 1142 3133 (331
1172 3091 1240 3125 337
1268 3091 1365 3135 345).
