2044 3335
412 102 508 137 Mon.
537 103 602 137 931
632 103 710 137 sive
737 102 797 137 dil.
822 102 886 145 (4).
930 102 960 135 A
988 101 1042 135 die
1070 101 1102 135 3.
1121 101 1166 134 ad
1197 100 1250 134 12.
1270 99 1477 133 Decembris
1507 98 1607 133 1567.
1808 99 1891 140 537

127 230 172 253 ne
198 219 346 253 verbum
373 218 515 262 quidem
543 218 669 259 dicere,
696 217 753 252 uel
781 216 935 262 Rectorj,
962 217 1021 250 uel
1047 216 1147 261 Patrj
1171 215 1338 250 Canisio¹
1363 214 1489 255 ausim,
1515 212 1639 248 statim
1666 214 1761 248 enim
1787 224 1895 257 quam

128 272 339 316 saepissime
375 271 419 305 ad
455 271 628 305 eiusmodi
662 271 934 315 responderunt,
968 281 1053 303 num
1080 269 1329 314 Superioribus
1364 267 1452 301 meis
1487 266 1695 312 prudentior
1720 277 1895 311 apparere

128 324 265 359 uelim‘?
291 336 335 358 an
354 336 438 358 uero
457 324 672 363 existimem,
699 335 760 357 eos
779 324 838 367 qui
857 325 932 357 tam
951 323 1011 356 diu
1038 324 1209 356 rexerunt
1236 322 1271 355 in
1290 321 1479 362 Societate,
1506 332 1575 354 non
1594 319 1698 365 plura
1716 331 1761 353 ex
1788 319 1895 362 longa

128 377 350 422 experientia
375 377 563 421 prouidere
589 388 704 422 posse,
732 388 838 420 quam
858 388 934 419 egO,
960 375 1094 409 nullius
1114 386 1203 408 vsus
1229 376 1265 408 et
1289 374 1420 418 iudicij,
1448 384 1577 418 queam
1601 373 1807 416 excogitare
1833 375 1896 406 aut

128 430 406 475 apprehendere.
456 430 559 464 Vnde
595 441 674 464 cum
710 430 895 464 traderent
924 428 1024 473 Patrj
1053 427 1229 471 Georgio2
1255 427 1421 461 Ministro
1447 427 1767 468 Vicerectoratum,
1802 425 1896 460 serio

128 483 159 528 ej
186 483 429 524 iniunxerunt,
457 485 498 517 vt
523 483 622 517 nulla
646 484 795 524 ratione,
821 488 879 516 me'
904 493 983 516 cum
1003 492 1182 526 quoquam
1209 480 1266 514 uel
1293 480 1478 525 discipulo,
1505 480 1563 514 uel
1589 480 1658 514 alio
1684 491 1792 523 agere
1817 491 1895 524 per-

126 536 297 577 mitteret,
331 548 397 570 nec
432 536 499 581 sibj
536 536 693 570 ordinem
714 535 936 580 gubernandj
964 547 984 569 a
1010 546 1066 568 me
1084 533 1279 579 praescribj
1308 535 1501 578 pateretur,
1527 533 1589 567 sed
1616 533 1731 567 solum
1750 533 1896 567 Patrem

126 589 298 624 Pisanum
326 591 362 623 et
387 588 599 634 Gasparum,
635 600 726 633 quos
760 587 967 632 consulendj
1004 587 1122 631 gratia
1157 587 1354 627 accederet,
1389 586 1547 627 haberet,
1583 598 1629 620 ex
1664 597 1733 630 quo
1760 586 1896 620 factum

128 645 184 677 est
208 645 250 677 vt
275 653 295 676 a
321 644 481 687 tempore
508 642 707 683 Paschatis,
734 641 820 676 licet
846 641 1096 675 Consult-orum
1132 639 1278 683 regulas
1309 639 1545 673 tradidissent
1579 639 1676 680 mihi,
1712 650 1895 683 nunquam

126 697 247 730 tamen
274 696 317 730 ad
345 695 541 731 Consilium
566 695 625 729 uel
651 694 825 734 vocarint,
852 694 911 728 uel
938 692 1160 728 admiserint.

246 749 286 782 In
319 749 447 784 iisdem
482 748 614 783 litteris
645 749 771 782 Gallus
796 748 955 781 *refert:
998 745 1194 791 „Discipulj
1231 745 1447 788 Theologiae
1483 744 1671 789 ordinarij,
1711 756 1895 789 nunquam

126 803 272 836 fuerunt
297 802 392 837 vltra
421 803 474 843 16,
501 802 713 846 quandoque
740 813 825 835 uero
851 800 964 834 multo
1000 799 1198 845 pauciores.
1227 826 1234 833 .
1264 825 1271 832 .
1302 825 1308 832 .
1360 798 1496 832 Nouem
1524 798 1683 832 externis
1710 797 1777 832 hoc
1803 810 1897 832 anno

127 855 262 890 Cursus
288 855 468 900 incipitur,
495 854 625 899 quibus
658 857 733 888 tres
760 866 805 888 ex
840 853 1012 888 fratribus
1047 855 1133 887 sunt
1167 851 1324 896 adiunctj
1338 852 1360 885 ³.
1382 878 1388 885 .
1409 878 1415 885 .
1433 878 1440 886 .
1490 851 1560 885 Per
1591 851 1772 885 biennium
1799 851 1899 886 nulla

125 909 381 952 Magistrorum
408 908 504 942 facta
530 910 586 942 est
610 908 815 952 promotio.“

246 962 445 1002 Caeterum,
473 961 566 1004 quod
590 960 718 995 Gallus
744 961 787 994 de
813 959 1095 1005 promotionibus
1121 958 1257 996 scribit,
1285 958 1516 992 confirmatur
1542 956 1713 998 *litteris,
1740 968 1831 1001 quas
1857 957 1897 992 P.

131 1017 300 1059 „Gaspar
325 1016 528 1058 Hoywodus
553 1013 727 1057 Anglus“,
755 1014 798 1048 ab
825 1014 902 1058 ipso
920 1013 960 1047 P.
980 1012 1199 1047 Theodorico
1227 1011 1368 1046 Canisio
1395 1013 1532 1046 rectore
1558 1010 1725 1052 monitus,
1753 1010 1900 1054 Dilinga

126 1069 158 1103 8.
184 1068 399 1102 Novembris
428 1068 528 1109 1567,
562 1068 603 1101 ut
632 1067 888 1110 „consultoris“
919 1066 1037 1100 officio
1063 1066 1304 1105 satisfaceret,
1337 1065 1381 1099 ad
1408 1064 1442 1099 S.
1469 1064 1700 1099 Franciscum
1728 1063 1898 1107 Bor-giam

125 1121 241 1162 dedit;
267 1121 319 1155 ita
345 1121 439 1155 enim
466 1120 674 1154 Haivodus:
715 1119 893 1162 „Studiosi
920 1119 1064 1165 plurimi
1090 1119 1183 1153 hanc
1209 1118 1371 1152 scholam
1407 1118 1578 1152 deserunt
1611 1119 1647 1151 et
1673 1117 1716 1151 ad
1743 1117 1834 1151 alias
1859 1128 1899 1151 se

125 1175 333 1209 conferunt:
370 1175 471 1208 cuius
497 1174 548 1207 rei
584 1176 727 1218 praeter
763 1175 914 1218 peccata
947 1175 1071 1207 nostra
1105 1172 1241 1206 nullam
1274 1171 1381 1206 aliam
1417 1183 1563 1206 causam
1595 1170 1753 1215 jnvenio,
1789 1182 1897 1215 quam

126 1227 219 1271 quod
242 1227 316 1273 jam
344 1227 404 1262 diu
430 1226 531 1261 nulla
557 1226 615 1261 hic
641 1227 816 1272 promotio
841 1227 1098 1270 magistrorum
1124 1226 1236 1260 fuerit
1262 1252 1269 1259 .
1296 1225 1483 1260 titulorum
1513 1224 1612 1259 avidi
1647 1226 1741 1258 sunt.
1792 1224 1900 1258 Multi

124 1283 210 1315 sunt
236 1281 296 1325 qui
323 1281 472 1325 gradum
500 1280 699 1325 magister-ij
723 1280 798 1325 jam
826 1281 885 1314 diu
912 1280 1137 1325 expectant.“
1191 1279 1231 1313 In
1258 1279 1384 1313 iisdem
1419 1278 1550 1312 litteris
1578 1279 1788 1312 Haivodus:
1826 1277 1899 1320 „De

125 1334 186 1368 illo
213 1346 298 1368 sene
325 1334 508 1375 externo“,
536 1334 663 1378 inquit,
695 1333 776 1378 „qui
799 1333 898 1379 jnter
916 1345 980 1367 nos
1002 1333 1042 1378 jn
1068 1332 1135 1367 hoc
1159 1332 1310 1375 collegio
1336 1332 1410 1366 suis
1437 1331 1639 1376 sumptibus
1666 1331 1769 1371 vivit,
1795 1331 1901 1376 plura

125 1387 318 1422 scriberem
344 1388 414 1421 nisi
436 1387 511 1433 jam
538 1389 635 1421 certo
661 1387 791 1421 scirem
818 1386 1067 1421 Reuerendum
1088 1386 1233 1420 Patrem
1251 1385 1513 1420 Prouincialem
1541 1385 1583 1418 de
1610 1384 1671 1418 illo
1697 1384 1898 1429 scripsisse.

125 1442 182 1475 vir
207 1441 321 1475 bonus
347 1443 403 1475 est
429 1443 465 1475 et
490 1440 596 1475 valde
632 1441 787 1484 quietus,
823 1440 885 1474 sed
921 1440 1144 1474 consultores
1169 1439 1334 1474 Rectoris
1368 1439 1412 1473 de
1446 1439 1669 1473 admittendo
1704 1437 1765 1472 illo
1787 1437 1900 1483 juter-

126 1494 255 1538 rogati,
281 1506 404 1529 omnes
426 1494 635 1540 judicarunt
659 1506 729 1528 non
755 1505 861 1539 posse
887 1493 965 1527 fieri
992 1505 1055 1538 per
1076 1495 1221 1528 nostras
1247 1492 1531 1533 constitutiones,
1559 1492 1635 1526 sine
1662 1503 1839 1525 consensu
1865 1493 1901 1526 et

127 1548 394 1593 dispensatione
420 1547 653 1582 Reuerendae
680 1547 917 1582 Paternitatis
951 1548 1055 1581 tuae‘
1089 1546 1150 1591 (ex
1185 1545 1427 1591 autograph03
1460 1545 1502 1580 Gr.
1529 1545 1594 1590 Ep.
1622 1544 1706 1579 VIII
1733 1545 1758 1579 f.
1787 1544 1898 1588 141³).

126 1601 328 1645 Significari
354 1603 475 1635 autem
502 1603 587 1646 puto
615 1601 818 1636 Cornelium
845 1600 980 1634 Herlen
1007 1612 1026 1634 a
1053 1599 1252 1634 Rosenthal
1277 1599 1527 1634 universitatis
1558 1598 1875 1641 „gubernatorem“
1890 1611 1898 1639 ;

126 1656 187 1699 qui
214 1666 245 1689 a.
267 1655 357 1689 1568
375 1656 565 1698 Augustae
583 1654 849 1688 Vindelicornm
879 1654 1072 1688 canonicus
1099 1653 1296 1697 collegialis
1322 1653 1497 1688 ecclesiae
1516 1652 1549 1686 S.
1569 1651 1730 1685 Mauritii
1756 1653 1900 1685 creatus

127 1711 183 1743 est
211 1708 317 1751 (Can.
337 1708 387 1742 III
414 1707 511 1752 283).
563 1708 712 1742 Petrum
740 1707 922 1742 Canisium
958 1719 999 1741 ea
1035 1707 1077 1741 de
1111 1719 1149 1742 re
1185 1707 1229 1741 ad
1256 1706 1425 1750 Borgiam
1460 1706 1650 1751 scripsisse
1676 1707 1900 1750 compertum

126 1761 214 1796 mihi
241 1761 384 1806 quidem
410 1773 480 1796 non
508 1765 572 1796 est.

129 1883 228 1920 931
254 1884 332 1918 sive
360 1882 455 1919 (ΠΙ.
476 1881 576 1928 (4).
619 1882 648 1918 Α
675 1881 732 1918 (lie
759 1882 791 1918 3.
811 1881 856 1918 ad
883 1881 931 1918 12.
951 1881 1161 1918 Decembris
1187 1881 1279 1917 1567.

246 1943 303 1978 Ex
329 1943 564 1988 autographo.
602 1942 644 1977 G.
663 1942 727 1988 Ep.
747 1943 833 1977 VIII
859 1943 884 1977 f.
906 1943 984 1977 154.

252 2005 418 2039 Canisius
452 2004 619 2046 Dilinyae
649 2004 714 2037 Fr.
741 2004 864 2036 Vicum
900 2004 948 2036 ad
981 2003 1129 2036 meliora
1168 2003 1316 2035 consilia
1351 2003 1520 2035 reducere
1552 2003 1695 2044 frustra
1730 2005 1903 2043 conatur,-

128 2059 329 2101 Auyustam
353 2068 469 2090 secum
494 2068 570 2090 eum
597 2057 751 2100 abducit,
787 2057 974 2090 comitante
1004 2060 1160 2097 ναίω-ι’,-
1193 2056 1256 2088 ubi
1279 2056 1384 2089 Vicus
1418 2056 1694 2089 emendationem
1724 2055 1903 2098 promittit

130 2113 275 2155 ideoque
300 2111 420 2144 redire
442 2111 678 2153 permittitur.
722 2111 762 2144 P.
786 2111 924 2154 Gallus,
953 2111 1029 2143 Vici·
1049 2115 1239 2154 patronus,
1266 2111 1425 2142 animum
1444 2120 1538 2152 prae
1563 2120 1598 2142 se
1622 2110 1693 2151 fert
1712 2119 1733 2141 a
1756 2108 1904 2142 Ccciiisio

129 2170 270 2208 totaque
291 2166 479 2207 provincia
507 2164 673 2198 alienum.

249 2224 289 2257 P.
321 2223 560 2257 Theodericus
588 2223 756 2256 Canis-ius
783 2223 819 2257 S.
847 2224 883 2256 J.
911 2223 1047 2265 colleyii
1082 2222 1264 2266 dilinyamt
1297 2226 1413 2255 rector
1443 2222 1594 2264 Dilinya
1621 2223 1676 2254 13.
1703 2219 1905 2254 Decembris

130 2280 224 2311 1567
250 2278 298 2310 ad
324 2277 362 2310 S.
389 2277 625 2310 France'scum
651 2277 822 2320 Boryiam
842 2277 1090 2320 praepositum
1119 2276 1318 2318 yeneralem
1344 2276 1385 2309 de
1419 2276 1554 2318 colleyii
1585 2275 1644 2308 ειιί
1676 2275 1780 2308 rebus
1805 2274 1903 2316 haec,

128 2336 273 2375 praeter
299 2331 387 2373 alia,
414 2330 570 2363 rettulit.-
594 2329 748 2363 Videtur
773 2329 939 2363 haeresi4
965 2329 1133 2369 schisma,
1160 2340 1226 2362 nec
1252 2328 1286 2361 id
1314 2328 1506 2369 occultum,
1542 2328 1773 2369 successisse,
1801 2326 1903 2360 cuius

131 2384 200 2418 duo
227 2385 419 2417 censentur
444 2385 630 2417 auctores:
662 2383 856 2428 primarius
883 2382 1013 2417 dicitur
1038 2382 1080 2416 D.
1109 2381 1196 2416 Tho:
1224 2380 1316 2415 Gall:
1352 2381 1537 2416 Secundus
1564 2392 1648 2415 vero
1674 2381 1795 2415 Ioann.
1814 2379 1905 2413 Vico

130 2437 272 2481 Anglus
285 2438 308 2472 ⁵.
343 2436 408 2471 Vsi
434 2438 519 2471 sunt
544 2438 664 2470 autem
684 2435 858 2470 hactenus
884 2436 921 2470 hi
948 2436 1016 2470 duo
1044 2435 1168 2469 eodem
1186 2435 1421 2480 hypocausto,
1449 2436 1485 2468 et
1510 2446 1576 2469 sua
1601 2446 1671 2468 non
1697 2445 1786 2467 sana
1811 2433 1905 2467 inter

131 2502 170 2525 se
205 2490 515 2524 communicarunt
550 2489 709 2524 consilia.
760 2489 890 2534 Erupit
923 2489 1068 2524 tandem
1103 2500 1161 2523 res
1199 2489 1236 2522 in
1275 2490 1436 2533 apertam
1472 2487 1760 2522 inobedientiam.
1812 2485 1907 2520 Nam

131 2543 272 2587 Anglus
306 2544 412 2589 plane
446 2543 562 2577 noluit
597 2543 820 2588 praefectum
859 2543 1085 2576 studiorum⁶
1111 2542 1225 2584 ferre,
1263 2553 1329 2576 nec
1367 2542 1402 2575 in
1440 2541 1645 2586 plaerisque
1680 2540 1762 2586 alijs
1797 2540 1904 2574 rebus

130 2598 373 2641 acquiescere.
423 2597 561 2631 Habuit
586 2599 707 2630 autem
732 2597 924 2631 Doctorem
950 2596 1062 2638 illum,
1098 2598 1140 2630 vt
1165 2607 1211 2629 ex
1246 2595 1398 2629 diuersis
1425 2594 1624 2637 didicimus,
1661 2605 1791 2629 causae
1817 2605 1905 2628 suae

131 2653 332 2697 patronum,
359 2651 421 2696 qui
447 2651 557 2685 etiam
583 2650 672 2684 alios
698 2652 952 2695 praeceptores
977 2649 1022 2684 ad
1040 2648 1335 2683 murmurandum
1361 2651 1486 2683 contra
1504 2648 1655 2682 eundem
1681 2647 1906 2693 praefectum

256 2774 264 2794 ¹
293 2775 401 2808 Petro
428 2774 572 2809 Canisio
599 2773 820 2819 provinciali.
968 2773 982 2793 ²
1009 2772 1135 2807 Bader.

253 2828 265 2847 3
292 2827 444 2862 Cursum
470 2827 717 2872 philosophiae
744 2829 780 2861 et
805 2827 938 2861 fratres
963 2825 1199 2860 scholasticos
1226 2824 1417 2860 Societatis
1444 2824 1636 2869 significat.

253 2883 265 2901 4
290 2881 359 2916 FF.
378 2881 569 2915 Eduardus
587 2881 718 2922 Thorn,
745 2880 939 2915 Balthasar
957 2879 1082 2923 Zuger,
1110 2878 1232 2913 Simon
1250 2878 1439 2913 Damerius
1466 2890 1508 2913 ac
1526 2878 1567 2913 P.
1586 2877 1765 2912 Antonius
1783 2876 1906 2911 Klesel

133 2934 192 2968 vel
211 2945 289 2968 eam
315 2936 507 2968 tenuerant
525 2934 584 2968 vel
603 2934 646 2968 ad
666 2945 744 2968 eam
771 2933 1054 2973 inclinaverant3
1081 2945 1102 2967 a
1121 2932 1252 2977 quibus
1270 2932 1433 2967 omnibus
1452 2931 1644 2976 collegium
1662 2931 1909 2977 superioribus

131 2987 315 3022 mensibus
340 2988 531 3022 liberatum
558 2990 653 3028 erat;
681 2999 715 3022 v.
747 2988 834 3022 Can.
853 2987 886 3021 V
911 2987 1001 3028 455;
1028 2997 1138 3031 supra
1163 2998 1197 3031 p.
1217 2986 1357 3021 60—62
1384 2986 1440 3021 99.

255 3042 268 3062 ⁵
294 3041 347 3076 De
373 3041 413 3076 P.
440 3041 576 3076 Thoma
603 3041 707 3076 Gallo
734 3043 771 3075 et
795 3041 852 3075 Fr.
879 3041 1011 3075 Ioanne
1036 3040 1126 3074 Vico
1152 3039 1236 3074 vide
1261 3050 1371 3085 supra
1397 3051 1429 3084 p.
1453 3039 1650 3074 136—144.

254 3096 267 3115 ⁶
293 3095 332 3130 P.
362 3094 543 3130 Gerardus
569 3094 751 3129 Pastelius
777 3094 812 3128 id
839 3094 997 3129 officium
1024 3093 1312 3128 administrabat.
