2044 3335
143 61 227 102 226
297 59 399 94 1595.
420 58 503 92 Can.
524 58 562 92 P.
583 56 694 91 Paulo
714 56 873 91 Hoffaeo.
916 55 1029 90 Roma
1054 56 1148 90 inter
1165 56 1298 90 ineunt.
1318 68 1364 90 ni.
1385 56 1463 91 Oct.
1483 57 1519 90 et
1536 55 1627 90 med.
1645 54 1736 90 Nov.
1757 55 1860 90 1568.

143 178 256 220 della
298 176 389 218 vita
430 177 646 228 presente,
693 173 771 215 che
812 173 899 215 alla
938 174 1024 215 fine
1065 187 1149 215 non
1183 187 1288 215 sono
1322 174 1434 215 altro
1469 173 1546 214 che
1578 172 1764 224 miserie,
1807 175 1852 214 et
1883 186 1909 214 a

142 242 326 285 lasciare
367 255 454 282 una
495 239 617 281 volta
659 238 713 280 da
753 242 879 292 parte
920 237 1061 291 questi
1096 238 1295 281 diabolici
1328 237 1458 280 officii
1491 237 1570 278 che
1603 237 1691 279 cosi
1724 251 1909 291 possono

143 306 387 355 chiamarsi,
430 318 514 346 non
555 303 745 357 potendo
789 317 908 345 esser
947 302 1051 345 fatti
1093 317 1140 344 se
1181 317 1266 345 non
1297 317 1375 357 per
1407 301 1688 355 suggestione
1722 302 1791 344 del
1822 302 1909 343 De-

144 372 299 413 monio.
363 371 503 423 Prego
537 371 700 422 quanto
734 382 861 422 posso
895 368 938 410 la
970 368 1199 411 Paternita
1225 368 1278 411 V.
1313 382 1338 409 a
1370 367 1603 409 ricordarsi
1636 367 1677 408 di
1710 381 1778 408 me
1809 367 1907 409 nell’

145 436 330 479 orationi
373 438 417 477 et
457 433 657 476 sacrificii
699 433 805 483 suoi,
851 436 895 475 et
937 447 963 475 a
1003 446 1163 487 pregar
1203 433 1590 487 particularmente
1623 432 1702 474 Dio
1737 432 1815 473 che
1846 432 1911 473 in-

144 501 247 556 spiri
271 515 296 542 a
319 501 360 542 S.
386 501 524 549 Beat„
559 504 609 540 aa
633 497 693 553 [P]
729 499 830 551 qual
862 500 963 540 sara
995 498 1153 551 meglio
1187 498 1296 540 delle
1329 499 1411 539 due
1434 496 1747 547 deliberationi,
1781 510 1911 538 overo

145 566 221 608 che
265 566 306 607 io
348 565 462 607 vada
501 564 588 606 alla
621 565 762 611 Corte,
809 577 832 604 0
876 563 953 605 0116
995 563 1321 616 m'i'ntertenga
1362 563 1406 604 in
1438 562 1619 616 Ispruch
1660 561 1791 603 affine
1833 561 1911 603 0116

146 632 187 675 S.
212 630 385 673 Santita
416 633 591 684 potesse
620 630 792 679 vedere,
828 628 969 682 prima
991 629 1056 670 ch'
1075 627 1115 670 io
1139 628 1291 670 uscissi
1314 628 1356 669 di
1379 627 1624 678 Germania,
1658 627 1688 668 il
1711 640 1911 668 successo

146 697 256 738 delle
289 709 387 738 cose
421 696 458 736 d'
478 694 670 737 Austria.
724 693 902 743 Quando
935 694 1062 735 alcun
1096 693 1137 734 di
1170 693 1312 746 questi
1345 692 1529 745 consigli
1560 705 1738 746 paresse
1769 692 1911 733 buono

147 762 234 803 alla
256 760 485 803 Paternita
507 759 574 810 V.,
598 759 642 801 13
663 759 704 800 10
728 758 871 812 potria
894 758 1213 800 communicare
1237 772 1317 799 con
1339 758 1593 810 Monsignor
1614 756 1912 799 Illustrissimo

147 827 185 868 d'
206 826 434 880 Augusta1
476 827 521 867 et
554 838 661 866 31100
695 837 775 865 0011
807 823 862 865 N.
898 823 953 874 S„
998 823 1062 865 ch'
1082 823 1122 864 io
1156 837 1262 864 sono
1295 825 1340 865 et
1372 825 1472 864 saro
1505 825 1661 876 pronto
1696 821 1750 863 ad
1783 821 1913 863 obbe-

147 892 238 934 dire
271 906 297 934 a
329 893 491 944 quanto
525 889 830 931 commandera
863 889 903 931 S.
938 888 1230 932 Beatitudine.
1275 887 1356 929 Dio
1391 887 1588 930 conservi
1621 888 1664 928 la
1688 885 1914 929 Paternita

150 958 200 1001 V.
233 957 350 998 nella
382 970 460 998 sua
494 955 629 997 Santa
661 954 818 1007 gratia.

268 1021 322 1063 Di
354 1022 525 1063 Rovere
558 1019 600 1061 di
632 1019 796 1061 Trento
830 1019 887 1060 ali
921 1019 994 1061 VI.
1030 1019 1068 1060 d’
1090 1018 1273 1061 Ottobre
1309 1019 1435 1060 1568.

270 1103 487 1137 Roboretum
509 1100 722 1145 (Rom-edo,
742 1100 948 1143 Rovereto),
976 1099 1144 1144 oppidum
1163 1099 1334 1133 tirolense
1352 1099 1445 1133 inter
1458 1098 1636 1132 Veronam
1657 1099 1693 1131 et
1706 1097 1916 1131 Tridentum

150 1157 193 1191 ad
214 1156 365 1190 Athesin
387 1155 531 1199 (Etsch)
560 1154 680 1195 situm,
708 1154 752 1188 ab
779 1154 881 1187 Italis
908 1153 990 1187 olim
1014 1153 1195 1196 „Rovere“
1217 1153 1416 1187 vocabatur
1436 1152 1502 1196 (M.
1523 1154 1566 1186 Α.
1586 1152 1801 1195 Baudrand,
1826 1150 1917 1185 Geo-

149 1210 301 1255 graphia
326 1209 370 1250 11,
396 1207 548 1242 Parisiis
577 1207 678 1247 1681,
707 1208 802 1249 175).

268 1261 485 1307 Apographo
512 1262 658 1305 antiquo
684 1260 897 1305 inscriptum
924 1262 998 1293 est:
1029 1259 1237 1302 „Canisio“;
1264 1270 1284 1293 a
1304 1258 1566 1293 Commendono
1585 1261 1705 1292 autem
1725 1256 1915 1302 epistulam

151 1317 270 1351 datam
298 1327 377 1350 esse
413 1318 449 1349 et
480 1326 524 1348 ex
555 1315 645 1359 ipsis
671 1314 778 1348 rebus
804 1312 1039 1356 intellegitur,
1077 1324 1168 1356 quae
1202 1312 1238 1346 in
1265 1323 1307 1346 ea
1333 1312 1575 1357 proferuntur,
1611 1313 1647 1345 et
1682 1323 1726 1344 ex
1761 1309 1916 1344 indiculo

154 1371 202 1415 (p.
231 1370 281 1413 5),
308 1369 369 1413 qui
395 1370 430 1402 in
458 1368 590 1402 codicis
616 1367 838 1401 londinensis
864 1370 966 1411 parte
993 1368 1174 1410 postrema
1201 1367 1394 1410 comparet.

269 1424 474 1466 Antequam
508 1421 577 1455 hae
612 1421 756 1454 litterae
784 1420 927 1454 Canisio
952 1419 1109 1453 traditae
1136 1421 1266 1460 essent,
1304 1418 1337 1452 S.
1365 1418 1452 1452 Pius
1471 1418 1512 1452 V.
1542 1417 1713 1458 decrevit,
1749 1419 1790 1450 ut
1816 1415 1918 1450 Com-

151 1476 347 1510 inendonus
373 1475 621 1509 vindobonam
648 1476 799 1519 peteret,
835 1485 947 1517 eaque
983 1473 1026 1507 de
1052 1485 1089 1506 re
1118 1472 1406 1507 Maximilianum
1433 1472 1488 1512 11.,
1524 1471 1657 1505 litteris
1692 1472 1725 1505 9.
1752 1469 1918 1504 Octobris

156 1531 246 1565 1568
274 1529 368 1564 datis
397 1529 582 1571 (Selius-are.
607 1527 630 1562 1.
657 1539 687 1563 c.
715 1526 845 1571 1123),
874 1527 1061 1561 certiorem
1089 1526 1187 1560 fecit.
1216 1525 1502 1560 Commendonus
1528 1524 1595 1558 sub
1623 1523 1759 1558 exitum
1786 1535 1832 1557 m.
1852 1522 1917 1557 Oc-

151 1583 264 1618 tobris
290 1582 539 1617 Vindobonam
566 1581 714 1615 advenit
744 1582 928 1624 (lVimmer
953 1580 975 1614 l.
1004 1591 1032 1614 0.
1060 1579 1158 1624 524).
1198 1579 1283 1612 Inde
1309 1578 1451 1612 litteras
1477 1577 1626 1612 Romam
1653 1578 1762 1619 misit,
1790 1576 1920 1620 quibus

154 1637 287 1672 Canisii
313 1647 457 1681 operam
484 1636 598 1670 denuo
624 1634 848 1678 requirebatg
876 1645 910 1667 v.
938 1633 1042 1674 infra,
1069 1644 1161 1666 mon.
1190 1632 1228 1667 it.
1251 1632 1348 1675 (21);
1378 1632 1422 1665 cf.
1450 1631 1558 1665 etiam
1586 1642 1677 1664 mon.
1705 1630 1744 1664 it.
1767 1630 1856 1673 (15).

155 1758 304 1796 1595.
389 1758 603 1793 CANISIUS
630 1757 691 1792 P.
719 1755 948 1793 PAULO
976 1753 1302 1791 HOFFAEO
1331 1753 1385 1789 S.
1405 1753 1458 1789 J.
1488 1753 1700 1788 Germaniae
1726 1751 1922 1797 superioris

344 1811 648 1857 viceprovinoiali.
918 1811 1031 1844 Roma
1056 1810 1151 1843 inter
1176 1809 1311 1842 ineunt.
1331 1820 1376 1842 m.
1397 1807 1474 1842 Oct.
1495 1810 1530 1841 et
1549 1807 1639 1841 med.
1659 1807 1750 1840 Nov.
1772 1806 1874 1840 1568.

276 1877 327 1910 Ex
355 1877 492 1910 Hoffaei
521 1874 755 1920 autographo.
793 1874 834 1909 G.
863 1874 927 1919 Ep.
954 1874 1003 1908 IX
1031 1874 1054 1908 f.
1077 1874 1154 1907 139.

277 1949 329 1982 De
355 1947 577 1980 contionibus
603 1948 815 1989 auqustanis
841 1950 870 1978 et
897 1942 1175 1990 „instructioncss
1204 1945 1455 1987 oenipontana.

1868 1978 1888 1992 h

274 2008 447 2050 Hoffaeics
474 2008 638 2048 Augsusta
665 2008 720 2038 17.
748 2005 950 2038 Decembris
976 2006 1071 2045 1568
1096 2005 1132 2037 S.
1162 2004 1358 2037 Francis-co
1384 2003 1539 2045 Boryiae
1564 2002 1728 2044 scripsit:
1764 2001 1850 2044 „Bis
1875 2000 1922 2032 ad

155 2073 206 2095 *me
231 2062 373 2104 scripsit
398 2060 438 2092 P.
468 2060 636 2092 Cccnisins
663 2062 693 2090 rt
720 2060 901 2100 Azcyustcce
926 2059 965 2090 in
992 2059 1028 2091 S.
1051 2057 1228 2090 Mam-itio
1255 2057 1509 2089 concionarer:
1535 2055 1630 2097 coepi·
1653 2055 1773 2097 prima
1800 2054 1920 2086 Domi-

157 2116 237 2148 nica
264 2112 484 2146 adnentuffl:
508 2123 604 2145 minc
629 2111 786 2154 intelligo
811 2112 1042 2154 Oenipontum
1070 2111 1157 2143 milii
1183 2110 1383 2142 abeundum
1409 2112 1441 2140 st
1466 2109 1516 2141 ibi
1542 2108 1728 2141 concioner
1754 2106 1923 2150 quicquid

156 2169 275 2201 (licant
301 2167 532 2200 Mauritiani.
561 2193 566 2198 .
592 2192 598 2198 .
622 2191 628 2197 .
667 2165 837 2197 Promisit
865 2191 871 2197 .
895 2192 900 2196 .
926 2191 933 2197 .
960 2164 999 2196 P.
1027 2164 1065 2197 V.
1093 2164 1371 2204 instructionem,
1404 2172 1511 2205 quam
1537 2162 1634 2204 apud
1661 2160 1920 2193 Archidzwenffl

155 2232 330 2265 sequerer,
355 2220 415 2253 sed
440 2230 480 2252 ea
506 2220 694 2252 instructio
712 2219 881 2251 remansit
900 2218 1043 2260 Romae,
1071 2222 1101 2249 et
1127 2217 1175 2249 ad
1192 2227 1286 2249 meas
1304 2226 1432 2248 *nulllus
1459 2225 1526 2247 non
1554 2215 1656 2247 venit.
1770 2213 1818 2245 Et
1843 2223 1921 2245 cum

157 2276 260 2308 etiam
286 2274 324 2307 P.
356 2273 523 2306 Canlsius
547 2273 731 2314 scripserit
765 2271 808 2303 ab
835 2282 874 2303 ea
901 2272 1135 2304 instructione
1160 2270 1250 2302 rmilti
1272 2269 1499 2312 pendendum
1526 2278 1605 2310 esse,
1640 2267 1716 2299 sirie
1750 2277 1789 2299 ea
1821 2266 1922 2298 Oeni-

154 2332 299 2371 pontmn
329 2329 381 2360 ire
406 2326 494 2358 mihi
519 2330 631 2359 tntum
661 2335 730 2357 non
757 2329 814 2357 est.
932 2325 999 2357 Dei
1021 2324 1143 2366 qratia
1171 2323 1290 2356 Padre
1315 2333 1387 2354 ozon
1413 2322 1612 2364 rompiamo
1638 2321 1758 2353 adesso
1784 2330 1846 2352 con
1870 2319 1923 2362 yle?

157 2381 324 2423 Fuyyerj,
350 2381 471 2413 saltem
489 2380 597 2412 donec
615 2379 653 2410 P.
674 2379 711 2410 V.
730 2378 885 2420 accipiat
911 2378 954 2409 ab
973 2378 1117 2419 *ipsomet
1135 2377 1173 2409 P.
1194 2376 1340 2409 Canisio
1358 2376 1482 2408 literas
1507 2375 1548 2406 (Ze
1565 2374 1671 2406 totius
1688 2374 1742 2406 rei
1759 2376 1851 2405 statu
1873 2398 1879 2405 .
1895 2399 1899 2404 .
1915 2398 1922 2405 .

160 2435 278 2467 Audio
307 2434 344 2467 P.
375 2434 561 2466 Canisiztm
586 2430 739 2464 redire.“

276 2502 440 2537 Ecclesia
467 2502 500 2536 S.
527 2501 699 2542 Mauritii‚
735 2512 828 2545 quae
864 2499 1062 2542 collegialis
1096 2498 1204 2532 simul
1239 2499 1276 2531 et
1300 2496 1516 2542 parochialis
1542 2498 1629 2535 erat,
1663 2506 1771 2540 prope
1798 2495 1923 2528 domus

159 2557 240 2590 illas
266 2556 474 2598 suggericas
500 2555 571 2589 sita
598 2557 684 2595 erat,
713 2554 748 2588 in
768 2554 897 2597 quibus
916 2553 1062 2586 Marcus
1089 2555 1125 2585 et
1145 2552 1294 2585 Ioannes
1313 2550 1469 2594 Fuggeri
1488 2549 1699 2584 habitabant
1720 2548 1923 2591 (Christian

160 2611 290 2653 Meyer,
327 2608 484 2642 Chronik
520 2609 582 2642 der
617 2607 767 2642 Familie
802 2607 946 2650 Fugger
980 2617 1061 2639 vom
1089 2605 1200 2639 Jahre
1229 2604 1331 2646 1599,
1367 2603 1548 2637 Miinchen
1577 2603 1676 2640 1902,
1708 2601 1752 2635 68
1780 2600 1852 2643 78),
1889 2602 1924 2634 et

161 2663 204 2696 ad
235 2662 502 2707 „patronatum“
532 2662 779 2704 Fuggerorum
807 2659 1028 2705 pertinebat3
1070 2659 1131 2702 qui
1158 2660 1192 2691 et
1218 2657 1365 2702 parochi
1391 2658 1428 2690 et
1454 2655 1708 2690 contionatoris
1737 2665 1922 2699 „praesen-

159 2716 367 2750 tandorum“
399 2715 454 2748 ius
480 2714 661 2748 habebant
690 2714 876 2758 (Agricola
902 2713 924 2746 l.
954 2724 982 2746 c.
1010 2713 1035 2754 Ι,
1063 2711 1147 2745 Dec.
1176 2711 1206 2750 3,
1233 2722 1267 2744 n.
1297 2711 1374 2745 184.
1419 2710 1570 2743 Stauber
1594 2708 1616 2742 l.
1644 2720 1674 2742 0.
1703 2708 1775 2751 16).

279 2770 432 2801 loannes
465 2768 576 2810 igitur
611 2769 754 2811 Fuyyer
788 2768 868 2809 (suo
904 2768 941 2800 et
966 2765 1080 2799 Marci
1114 2764 1240 2798 fratris
1270 2763 1428 2806 nomine)
1464 2764 1630 2805 Augusta
1657 2761 1923 2795 Vindelicorum

165 2822 217 2856 17.
237 2820 317 2855 Iulii
338 2821 427 2854 1568
446 2820 613 2854 Μ10113611
632 2821 725 2854 Mair
750 2819 973 2865 procuratori
1000 2830 1064 2852 suo
1090 2829 1235 2851 romano
1261 2817 1306 2850 de
1332 2816 1484 2850 Doctore
1504 2814 1645 2849 Simone
1664 2813 1923 2849 Scheibenhart

281 2890 308 2919 a)
331 2891 377 2915 Sic
396 2898 462 2921 ap.;
482 2890 707 2914 omittendnmne
727 2891 777 2914 hoc
796 2890 835 2914 a?
853 2897 890 2913 an
908 2889 999 2920 prius
1019 2888 1115 2912 illud?

287 2997 294 3016 ¹
321 2995 520 3030 Cardinalis
547 2994 746 3029 Truchsess
773 2995 906 3029 Romae
931 2995 1156 3034 inorabatur3
1184 3006 1218 3027 v.
1245 3004 1354 3037 supra
1380 3004 1414 3036 p.
1434 2991 1512 3025 201.

283 3050 296 3070 2
321 3049 377 3083 28.
403 3048 628 3082 Novembris.
774 3049 786 3068 ³
812 3048 1074 3082 Ferdinandum
1102 3047 1147 3080 Il.
