<?xml version="1.0" encoding="UTF-8"?>
<!DOCTYPE html PUBLIC "-//W3C//DTD XHTML 1.0 Transitional//EN"
    "http://www.w3.org/TR/xhtml1/DTD/xhtml1-transitional.dtd">
<html xmlns="http://www.w3.org/1999/xhtml" xml:lang="en" lang="en">
 <head>
  <title>
</title>
<meta http-equiv="Content-Type" content="text/html;charset=utf-8" />
  <meta name='ocr-system' content='tesseract 3.04.00' />
  <meta name='ocr-capabilities' content='ocr_page ocr_carea ocr_par ocr_line ocrx_word'/>
</head>
<body>
  <div class='ocr_page' id='page_1' title='image "beatipetricanisi06cani_0783.png"; bbox 0 0 2044 3335; ppageno 0'>
   <div class='ocr_carea' id='block_1_1' title="bbox 147 80 1863 128">
    <p class='ocr_par' dir='ltr' id='par_1_1' title="bbox 147 80 1863 128">
     <span class='ocr_line' id='line_1_1' title="bbox 147 80 1863 128; baseline -0.003 -10"><span class='ocrx_word' id='word_1_1' title='bbox 147 85 242 118; x_wconf 79' lang='lat' dir='ltr'>Mon.</span> <span class='ocrx_word' id='word_1_2' title='bbox 273 84 503 119; x_wconf 78' lang='lat'>1058—1059</span> <span class='ocrx_word' id='word_1_3' title='bbox 531 84 608 118; x_wconf 88' lang='lat' dir='ltr'>sive</span> <span class='ocrx_word' id='word_1_4' title='bbox 633 83 702 119; x_wconf 85' lang='lat' dir='ltr'>litt.</span> <span class='ocrx_word' id='word_1_5' title='bbox 725 83 947 128; x_wconf 82' lang='lat'>(53)—(54).</span> <span class='ocrx_word' id='word_1_6' title='bbox 990 83 1020 117; x_wconf 94' lang='lat' dir='ltr'><strong>A</strong></span> <span class='ocrx_word' id='word_1_7' title='bbox 1047 94 1091 116; x_wconf 92' lang='lat' dir='ltr'>m.</span> <span class='ocrx_word' id='word_1_8' title='bbox 1112 82 1226 127; x_wconf 82' lang='lat' dir='ltr'>Aprili</span> <span class='ocrx_word' id='word_1_9' title='bbox 1248 82 1339 117; x_wconf 83' lang='lat'>1570</span> <span class='ocrx_word' id='word_1_10' title='bbox 1359 101 1401 106; x_wconf 67' lang='lat'>-</span> <span class='ocrx_word' id='word_1_11' title='bbox 1424 82 1476 117; x_wconf 89' lang='lat'>10.</span> <span class='ocrx_word' id='word_1_12' title='bbox 1496 81 1582 115; x_wconf 88' lang='lat' dir='ltr'>Maii</span> <span class='ocrx_word' id='word_1_13' title='bbox 1611 80 1712 114; x_wconf 85' lang='lat'>1571.</span> <span class='ocrx_word' id='word_1_14' title='bbox 1781 82 1863 123; x_wconf 85' lang='lat'>709</span> 
     </span>
    </p>
   </div>
   <div class='ocr_carea' id='block_1_2' title="bbox 99 197 1866 457">
    <p class='ocr_par' dir='ltr' id='par_1_2' title="bbox 99 197 1866 457">
     <span class='ocr_line' id='line_1_2' title="bbox 101 197 1865 242; baseline -0.002 -8"><span class='ocrx_word' id='word_1_15' title='bbox 101 200 234 235; x_wconf 87' lang='lat' dir='ltr'>Canisii</span> <span class='ocrx_word' id='word_1_16' title='bbox 260 200 401 234; x_wconf 73' lang='lat' dir='ltr'>litterae</span> <span class='ocrx_word' id='word_1_17' title='bbox 428 200 677 240; x_wconf 86' lang='lat' dir='ltr'>dedicatoriae‚</span> <span class='ocrx_word' id='word_1_18' title='bbox 704 199 849 242; x_wconf 86' lang='lat' dir='ltr'>Dilinga</span> <span class='ocrx_word' id='word_1_19' title='bbox 885 200 940 234; x_wconf 80' lang='lat'>27.</span> <span class='ocrx_word' id='word_1_20' title='bbox 961 198 1118 233; x_wconf 84' lang='lat' dir='ltr'>Ianuarii</span> <span class='ocrx_word' id='word_1_21' title='bbox 1139 199 1226 233; x_wconf 81' lang='grc'>1571</span> <span class='ocrx_word' id='word_1_22' title='bbox 1256 198 1300 232; x_wconf 87' lang='lat' dir='ltr'>ad</span> <span class='ocrx_word' id='word_1_23' title='bbox 1320 197 1548 232; x_wconf 84' lang='lat' dir='ltr'>Guilielmum</span> <span class='ocrx_word' id='word_1_24' title='bbox 1568 197 1745 231; x_wconf 86' lang='lat' dir='ltr'>Bavariae</span> <span class='ocrx_word' id='word_1_25' title='bbox 1771 197 1865 240; x_wconf 89' lang='lat' dir='ltr'>prin-</span> 
     </span>
     <span class='ocr_line' id='line_1_3' title="bbox 100 249 1866 298; baseline -0.003 -10"><span class='ocrx_word' id='word_1_26' title='bbox 100 254 214 298; x_wconf 85' lang='lat' dir='ltr'>cipem</span> <span class='ocrx_word' id='word_1_27' title='bbox 241 254 356 295; x_wconf 79' lang='lat' dir='ltr'>datae,</span> <span class='ocrx_word' id='word_1_28' title='bbox 384 255 601 298; x_wconf 78' lang='lat' dir='ltr'>comparent,</span> <span class='ocrx_word' id='word_1_29' title='bbox 638 255 673 287; x_wconf 91' lang='lat' dir='ltr'>et</span> <span class='ocrx_word' id='word_1_30' title='bbox 698 254 733 286; x_wconf 91' lang='lat' dir='ltr'>in</span> <span class='ocrx_word' id='word_1_31' title='bbox 769 253 838 287; x_wconf 88' lang='lat' dir='ltr'>fine</span> <span class='ocrx_word' id='word_1_32' title='bbox 864 252 946 287; x_wconf 93' lang='lat' dir='ltr'>libri</span> <span class='ocrx_word' id='word_1_33' title='bbox 972 253 991 285; x_wconf 84' lang='lat'>5</span> <span class='ocrx_word' id='word_1_34' title='bbox 1018 252 1053 286; x_wconf 84' lang='lat' dir='ltr'>ff.</span> <span class='ocrx_word' id='word_1_35' title='bbox 1080 263 1159 286; x_wconf 88' lang='lat' dir='ltr'>non</span> <span class='ocrx_word' id='word_1_36' title='bbox 1176 252 1280 294; x_wconf 62' lang='lat' dir='ltr'>sign„</span> <span class='ocrx_word' id='word_1_37' title='bbox 1314 263 1332 285; x_wconf 91' lang='lat' dir='ltr'>e</span> <span class='ocrx_word' id='word_1_38' title='bbox 1359 251 1488 295; x_wconf 90' lang='lat' dir='ltr'>quibus</span> <span class='ocrx_word' id='word_1_39' title='bbox 1513 250 1628 295; x_wconf 84' lang='lat' dir='ltr'>prima</span> <span class='ocrx_word' id='word_1_40' title='bbox 1655 250 1675 284; x_wconf 86' lang='lat'><strong>3</strong></span> <span class='ocrx_word' id='word_1_41' title='bbox 1702 249 1866 290; x_wconf 87' lang='lat' dir='ltr'>indicem,</span> 
     </span>
     <span class='ocr_line' id='line_1_4' title="bbox 99 302 1865 351; baseline -0.003 -10"><span class='ocrx_word' id='word_1_42' title='bbox 99 307 237 351; x_wconf 87' lang='lat' dir='ltr'>reliqua</span> <span class='ocrx_word' id='word_1_43' title='bbox 266 308 433 348; x_wconf 77' lang='lat' dir='ltr'>„Avtoris</span> <span class='ocrx_word' id='word_1_44' title='bbox 462 307 748 341; x_wconf 78' lang='lat' dir='ltr'>Confessionen1“</span> <span class='ocrx_word' id='word_1_45' title='bbox 780 305 924 340; x_wconf 87' lang='lat' dir='ltr'>habent.</span> <span class='ocrx_word' id='word_1_46' title='bbox 976 304 1110 339; x_wconf 83' lang='lat' dir='ltr'>Canisii</span> <span class='ocrx_word' id='word_1_47' title='bbox 1144 305 1285 339; x_wconf 73' lang='lat' dir='ltr'>litteras</span> <span class='ocrx_word' id='word_1_48' title='bbox 1323 305 1402 338; x_wconf 89' lang='lat' dir='ltr'>vide</span> <span class='ocrx_word' id='word_1_49' title='bbox 1437 315 1546 348; x_wconf 89' lang='lat' dir='ltr'>supra</span> <span class='ocrx_word' id='word_1_50' title='bbox 1576 315 1610 348; x_wconf 90' lang='lat' dir='ltr'>p.</span> <span class='ocrx_word' id='word_1_51' title='bbox 1636 303 1717 344; x_wconf 78' lang='lat'>426,</span> <span class='ocrx_word' id='word_1_52' title='bbox 1757 302 1865 345; x_wconf 82' lang='lat' dir='ltr'>„Con-</span> 
     </span>
     <span class='ocr_line' id='line_1_5' title="bbox 99 356 1865 404; baseline -0.002 -10"><span class='ocrx_word' id='word_1_53' title='bbox 99 360 310 394; x_wconf 80' lang='lat' dir='ltr'>fessionem“</span> <span class='ocrx_word' id='word_1_54' title='bbox 345 360 450 404; x_wconf 85' lang='lat' dir='ltr'>(quae</span> <span class='ocrx_word' id='word_1_55' title='bbox 477 361 512 393; x_wconf 89' lang='lat' dir='ltr'>in</span> <span class='ocrx_word' id='word_1_56' title='bbox 539 360 606 393; x_wconf 83' lang='lat' dir='ltr'>hac</span> <span class='ocrx_word' id='word_1_57' title='bbox 633 359 787 393; x_wconf 79' lang='lat' dir='ltr'>editione</span> <span class='ocrx_word' id='word_1_58' title='bbox 813 359 967 403; x_wconf 87' lang='lat' dir='ltr'>primum</span> <span class='ocrx_word' id='word_1_59' title='bbox 994 358 1143 401; x_wconf 84' lang='lat' dir='ltr'>vulgata</span> <span class='ocrx_word' id='word_1_60' title='bbox 1170 359 1241 401; x_wconf 91' lang='lat' dir='ltr'>est)</span> <span class='ocrx_word' id='word_1_61' title='bbox 1270 358 1373 398; x_wconf 85' lang='lat' dir='ltr'>infra,</span> <span class='ocrx_word' id='word_1_62' title='bbox 1402 369 1493 391; x_wconf 91' lang='lat' dir='ltr'>mon.</span> <span class='ocrx_word' id='word_1_63' title='bbox 1520 368 1596 391; x_wconf 90' lang='lat' dir='ltr'>var.</span> <span class='ocrx_word' id='word_1_64' title='bbox 1625 356 1715 400; x_wconf 82' lang='lat'>(20).</span> <span class='ocrx_word' id='word_1_65' title='bbox 1767 356 1865 390; x_wconf 86' lang='lat' dir='ltr'>Man-</span> 
     </span>
     <span class='ocr_line' id='line_1_6' title="bbox 100 409 1865 457; baseline -0.002 -10"><span class='ocrx_word' id='word_1_66' title='bbox 100 414 233 455; x_wconf 77' lang='lat' dir='ltr'>datum,</span> <span class='ocrx_word' id='word_1_67' title='bbox 260 425 329 457; x_wconf 88' lang='lat' dir='ltr'>quo</span> <span class='ocrx_word' id='word_1_68' title='bbox 355 413 527 447; x_wconf 87' lang='lat' dir='ltr'>Albertus</span> <span class='ocrx_word' id='word_1_69' title='bbox 553 412 596 446; x_wconf 93' lang='lat' dir='ltr'>V.</span> <span class='ocrx_word' id='word_1_70' title='bbox 625 413 800 446; x_wconf 87' lang='lat' dir='ltr'>Bavariae</span> <span class='ocrx_word' id='word_1_71' title='bbox 827 412 900 446; x_wconf 79' lang='lat' dir='ltr'>dux</span> <span class='ocrx_word' id='word_1_72' title='bbox 927 411 1059 445; x_wconf 89' lang='lat' dir='ltr'>Canisii</span> <span class='ocrx_word' id='word_1_73' title='bbox 1097 411 1354 445; x_wconf 81' lang='lat' dir='ltr'>catechismum</span> <span class='ocrx_word' id='word_1_74' title='bbox 1388 410 1424 444; x_wconf 88' lang='lat' dir='ltr'>in</span> <span class='ocrx_word' id='word_1_75' title='bbox 1450 409 1613 443; x_wconf 90' lang='lat' dir='ltr'>omnibus</span> <span class='ocrx_word' id='word_1_76' title='bbox 1647 409 1780 444; x_wconf 89' lang='lat' dir='ltr'>scholis</span> <span class='ocrx_word' id='word_1_77' title='bbox 1806 421 1865 443; x_wconf 88' lang='lat' dir='ltr'>ex-</span> 
     </span>
    </p>
   </div>
   <div class='ocr_carea' id='block_1_3' title="bbox 98 465 1867 723">
    <p class='ocr_par' dir='ltr' id='par_1_3' title="bbox 100 465 764 511">
     <span class='ocr_line' id='line_1_7' title="bbox 100 465 764 511; baseline 0 -11"><span class='ocrx_word' id='word_1_78' title='bbox 100 466 224 511; x_wconf 87' lang='lat' dir='ltr'>plicari</span> <span class='ocrx_word' id='word_1_79' title='bbox 252 467 407 506; x_wconf 87' lang='lat' dir='ltr'>iubebat,</span> <span class='ocrx_word' id='word_1_80' title='bbox 435 479 468 500; x_wconf 86' lang='lat' dir='ltr'>v.</span> <span class='ocrx_word' id='word_1_81' title='bbox 496 478 605 511; x_wconf 84' lang='lat' dir='ltr'>supra</span> <span class='ocrx_word' id='word_1_82' title='bbox 632 478 664 511; x_wconf 90' lang='lat' dir='ltr'>p.</span> <span class='ocrx_word' id='word_1_83' title='bbox 685 465 764 500; x_wconf 81' lang='lat'>683.</span> 
     </span>
    </p>

    <p class='ocr_par' dir='ltr' id='par_1_4' title="bbox 98 516 1867 723">
     <span class='ocr_line' id='line_1_8' title="bbox 218 516 1867 560; baseline -0.003 -6"><span class='ocrx_word' id='word_1_84' title='bbox 218 520 463 554; x_wconf 81' lang='lat' dir='ltr'>Pulcherrima</span> <span class='ocrx_word' id='word_1_85' title='bbox 489 519 577 553; x_wconf 88' lang='lat' dir='ltr'>haec</span> <span class='ocrx_word' id='word_1_86' title='bbox 604 519 711 553; x_wconf 89' lang='lat' dir='ltr'>editio</span> <span class='ocrx_word' id='word_1_87' title='bbox 737 518 861 552; x_wconf 89' lang='lat' dir='ltr'>multis</span> <span class='ocrx_word' id='word_1_88' title='bbox 887 518 1002 552; x_wconf 88' lang='lat' dir='ltr'>adhuc</span> <span class='ocrx_word' id='word_1_89' title='bbox 1037 517 1124 551; x_wconf 89' lang='lat' dir='ltr'>locis</span> <span class='ocrx_word' id='word_1_90' title='bbox 1160 519 1298 556; x_wconf 86' lang='lat' dir='ltr'>exstat;</span> <span class='ocrx_word' id='word_1_91' title='bbox 1335 517 1437 550; x_wconf 87' lang='lat' dir='ltr'>velut</span> <span class='ocrx_word' id='word_1_92' title='bbox 1462 516 1628 560; x_wconf 84' lang='lat' dir='ltr'>Friburgi</span> <span class='ocrx_word' id='word_1_93' title='bbox 1655 516 1867 560; x_wconf 83' lang='lat' dir='ltr'>Brisgoviae</span> 
     </span>
     <span class='ocr_line' id='line_1_9' title="bbox 99 569 1866 616; baseline -0.002 -9"><span class='ocrx_word' id='word_1_94' title='bbox 99 573 135 607; x_wconf 89' lang='lat' dir='ltr'>in</span> <span class='ocrx_word' id='word_1_95' title='bbox 169 573 385 607; x_wconf 82' lang='lat' dir='ltr'>bibliotheca</span> <span class='ocrx_word' id='word_1_96' title='bbox 421 573 680 612; x_wconf 85' lang='lat' dir='ltr'>universitatis,</span> <span class='ocrx_word' id='word_1_97' title='bbox 716 571 900 616; x_wconf 88' lang='lat' dir='ltr'>Herbipoli</span> <span class='ocrx_word' id='word_1_98' title='bbox 936 572 971 605; x_wconf 91' lang='lat' dir='ltr'>in</span> <span class='ocrx_word' id='word_1_99' title='bbox 1006 569 1221 604; x_wconf 80' lang='lat' dir='ltr'>bibliotheca</span> <span class='ocrx_word' id='word_1_100' title='bbox 1257 570 1325 604; x_wconf 77' lang='lat' dir='ltr'>FF.</span> <span class='ocrx_word' id='word_1_101' title='bbox 1351 570 1527 603; x_wconf 88' lang='lat' dir='ltr'>Minorum</span> <span class='ocrx_word' id='word_1_102' title='bbox 1555 569 1866 610; x_wconf 86' lang='lat' dir='ltr'>Conventualium‚</span> 
     </span>
     <span class='ocr_line' id='line_1_10' title="bbox 98 622 1866 663; baseline -0.002 -3"><span class='ocrx_word' id='word_1_103' title='bbox 98 626 278 660; x_wconf 87' lang='lat' dir='ltr'>Monachii</span> <span class='ocrx_word' id='word_1_104' title='bbox 304 626 337 659; x_wconf 93' lang='lat' dir='ltr'>in</span> <span class='ocrx_word' id='word_1_105' title='bbox 365 626 591 660; x_wconf 78' lang='lat' dir='ltr'>bibliothecis</span> <span class='ocrx_word' id='word_1_106' title='bbox 617 625 825 660; x_wconf 88' lang='lat' dir='ltr'>monasterii</span> <span class='ocrx_word' id='word_1_107' title='bbox 853 625 886 658; x_wconf 84' lang='lat' dir='ltr'>S.</span> <span class='ocrx_word' id='word_1_108' title='bbox 912 624 1082 658; x_wconf 83' lang='lat' dir='ltr'>Bonifatii</span> <span class='ocrx_word' id='word_1_109' title='bbox 1109 623 1150 657; x_wconf 90' lang='lat' dir='ltr'>O.</span> <span class='ocrx_word' id='word_1_110' title='bbox 1170 623 1203 658; x_wconf 83' lang='lat' dir='ltr'>S.</span> <span class='ocrx_word' id='word_1_111' title='bbox 1224 624 1263 657; x_wconf 90' lang='grc' dir='ltr'>Β.</span> <span class='ocrx_word' id='word_1_112' title='bbox 1292 625 1327 656; x_wconf 93' lang='lat' dir='ltr'>et</span> <span class='ocrx_word' id='word_1_113' title='bbox 1353 623 1419 657; x_wconf 81' lang='lat' dir='ltr'>FF.</span> <span class='ocrx_word' id='word_1_114' title='bbox 1446 623 1625 656; x_wconf 87' lang='lat' dir='ltr'>Minorum</span> <span class='ocrx_word' id='word_1_115' title='bbox 1652 622 1721 656; x_wconf 86' lang='lat' dir='ltr'>Un.</span> <span class='ocrx_word' id='word_1_116' title='bbox 1747 623 1866 663; x_wconf 72' lang='lat' dir='ltr'>Leon,</span> 
     </span>
     <span class='ocr_line' id='line_1_11' title="bbox 99 675 1866 723; baseline -0.003 -10"><span class='ocrx_word' id='word_1_117' title='bbox 99 678 316 713; x_wconf 88' lang='lat' dir='ltr'>Ratisbonae</span> <span class='ocrx_word' id='word_1_118' title='bbox 350 679 386 712; x_wconf 88' lang='lat' dir='ltr'>in</span> <span class='ocrx_word' id='word_1_119' title='bbox 420 679 637 713; x_wconf 85' lang='lat' dir='ltr'>bibliotheca</span> <span class='ocrx_word' id='word_1_120' title='bbox 671 678 882 723; x_wconf 86' lang='lat' dir='ltr'>provinciali</span> <span class='ocrx_word' id='word_1_121' title='bbox 918 676 1269 719; x_wconf 84' lang='lat' dir='ltr'>(Kreisbibliothek),</span> <span class='ocrx_word' id='word_1_122' title='bbox 1304 676 1492 718; x_wconf 83' lang='lat' dir='ltr'>Augustae</span> <span class='ocrx_word' id='word_1_123' title='bbox 1528 675 1795 709; x_wconf 88' lang='lat' dir='ltr'>Vindelicorum</span> <span class='ocrx_word' id='word_1_124' title='bbox 1831 675 1866 709; x_wconf 91' lang='lat' dir='ltr'>in</span> 
     </span>
    </p>
   </div>
   <div class='ocr_carea' id='block_1_4' title="bbox 98 730 989 776">
    <p class='ocr_par' dir='ltr' id='par_1_5' title="bbox 98 730 989 776">
     <span class='ocr_line' id='line_1_12' title="bbox 98 730 989 776; baseline -0.002 -10"><span class='ocrx_word' id='word_1_125' title='bbox 98 732 314 766; x_wconf 84' lang='lat' dir='ltr'>bibliotheca</span> <span class='ocrx_word' id='word_1_126' title='bbox 340 732 547 766; x_wconf 90' lang='lat' dir='ltr'>monasterii</span> <span class='ocrx_word' id='word_1_127' title='bbox 575 732 609 767; x_wconf 75' lang='lat' dir='ltr'>S.</span> <span class='ocrx_word' id='word_1_128' title='bbox 637 731 809 776; x_wconf 83' lang='lat' dir='ltr'>Stephani</span> <span class='ocrx_word' id='word_1_129' title='bbox 837 731 877 765; x_wconf 91' lang='lat' dir='ltr'>O.</span> <span class='ocrx_word' id='word_1_130' title='bbox 897 730 930 764; x_wconf 79' lang='lat' dir='ltr'>S.</span> <span class='ocrx_word' id='word_1_131' title='bbox 951 731 989 764; x_wconf 86' lang='grc' dir='ltr'>Β.</span> 
     </span>
    </p>
   </div>
   <div class='ocr_carea' id='block_1_5' title="bbox 97 855 1869 1996">
    <p class='ocr_par' dir='ltr' id='par_1_6' title="bbox 100 855 1412 904">
     <span class='ocr_line' id='line_1_13' title="bbox 100 855 1412 904; baseline -0.002 -10"><span class='ocrx_word' id='word_1_132' title='bbox 100 857 238 894; x_wconf 84' lang='grc'>1058</span> <span class='ocrx_word' id='word_1_133' title='bbox 266 859 343 893; x_wconf 86' lang='lat' dir='ltr'>sive</span> <span class='ocrx_word' id='word_1_134' title='bbox 368 857 479 893; x_wconf 78' lang='lat' dir='ltr'>litt.</span> <span class='ocrx_word' id='word_1_135' title='bbox 500 857 636 903; x_wconf 82' lang='lat'>(53).</span> <span class='ocrx_word' id='word_1_136' title='bbox 687 857 715 892; x_wconf 90' lang='lat' dir='ltr'><strong>A</strong></span> <span class='ocrx_word' id='word_1_137' title='bbox 741 867 788 893; x_wconf 89' lang='grc'>111.</span> <span class='ocrx_word' id='word_1_138' title='bbox 809 856 929 904; x_wconf 85' lang='lat' dir='ltr'>Aprili</span> <span class='ocrx_word' id='word_1_139' title='bbox 955 856 1037 892; x_wconf 86' lang='lat'>1570</span> <span class='ocrx_word' id='word_1_140' title='bbox 1065 855 1109 892; x_wconf 82' lang='lat' dir='ltr'>ad</span> <span class='ocrx_word' id='word_1_141' title='bbox 1136 855 1301 902; x_wconf 81' lang='lat' dir='ltr'>Aprilem</span> <span class='ocrx_word' id='word_1_142' title='bbox 1327 855 1412 892; x_wconf 81' lang='lat'>1571.</span> 
     </span>
    </p>

    <p class='ocr_par' dir='ltr' id='par_1_7' title="bbox 218 918 1004 963">
     <span class='ocr_line' id='line_1_14' title="bbox 218 918 1004 963; baseline -0.001 -11"><span class='ocrx_word' id='word_1_143' title='bbox 218 918 273 952; x_wconf 78' lang='lat' dir='ltr'>Ex</span> <span class='ocrx_word' id='word_1_144' title='bbox 300 918 535 962; x_wconf 81' lang='lat' dir='ltr'>autographo.</span> <span class='ocrx_word' id='word_1_145' title='bbox 580 918 622 952; x_wconf 73' lang='lat' dir='ltr'>G.</span> <span class='ocrx_word' id='word_1_146' title='bbox 641 918 705 963; x_wconf 89' lang='lat' dir='ltr'>Ep.</span> <span class='ocrx_word' id='word_1_147' title='bbox 725 918 804 952; x_wconf 86' lang='grc'>0011.</span> <span class='ocrx_word' id='word_1_148' title='bbox 825 918 839 951; x_wconf 91' lang='grc' dir='ltr'>Ι</span> <span class='ocrx_word' id='word_1_149' title='bbox 865 918 889 952; x_wconf 87' lang='lat' dir='ltr'>f.</span> <span class='ocrx_word' id='word_1_150' title='bbox 909 918 1004 951; x_wconf 66' lang='lat'>2642.</span> 
     </span>
    </p>

    <p class='ocr_par' dir='ltr' id='par_1_8' title="bbox 220 976 1709 1017">
     <span class='ocr_line' id='line_1_15' title="bbox 220 976 1709 1017; baseline -0.001 -6"><span class='ocrx_word' id='word_1_151' title='bbox 220 979 388 1011; x_wconf 70' lang='lat' dir='ltr'>Canisius</span> <span class='ocrx_word' id='word_1_152' title='bbox 413 979 451 1010; x_wconf 68' lang='lat' dir='ltr'>in</span> <span class='ocrx_word' id='word_1_153' title='bbox 478 978 569 1011; x_wconf 75' lang='lat' dir='ltr'>libro</span> <span class='ocrx_word' id='word_1_154' title='bbox 597 979 763 1011; x_wconf 75' lang='lat' dir='ltr'>adversus</span> <span class='ocrx_word' id='word_1_155' title='bbox 792 977 1057 1012; x_wconf 72' lang='lat' dir='ltr'>Centuriatores</span> <span class='ocrx_word' id='word_1_156' title='bbox 1082 978 1212 1010; x_wconf 75' lang='lat' dir='ltr'>edendo</span> <span class='ocrx_word' id='word_1_157' title='bbox 1238 981 1377 1010; x_wconf 67' lang='lat' dir='ltr'>tantum</span> <span class='ocrx_word' id='word_1_158' title='bbox 1405 988 1474 1010; x_wconf 75' lang='lat' dir='ltr'>non</span> <span class='ocrx_word' id='word_1_159' title='bbox 1500 987 1535 1010; x_wconf 80' lang='lat' dir='ltr'>sc</span> <span class='ocrx_word' id='word_1_160' title='bbox 1560 976 1709 1017; x_wconf 76' lang='lat' dir='ltr'>conficit.</span> 
     </span>
    </p>

    <p class='ocr_par' dir='ltr' id='par_1_9' title="bbox 97 1037 1869 1996">
     <span class='ocr_line' id='line_1_16' title="bbox 216 1037 1868 1093; baseline -0.001 -14"><span class='ocrx_word' id='word_1_161' title='bbox 216 1039 265 1080; x_wconf 80' lang='lat' dir='ltr'>P.</span> <span class='ocrx_word' id='word_1_162' title='bbox 294 1039 577 1080; x_wconf 71' lang='lat' dir='ltr'>Theodericus</span> <span class='ocrx_word' id='word_1_163' title='bbox 612 1039 812 1080; x_wconf 70' lang='lat' dir='ltr'>Canisc&#39;us</span> <span class='ocrx_word' id='word_1_164' title='bbox 845 1040 1004 1093; x_wconf 69' lang='lat' dir='ltr'>colleyc&#39;i</span> <span class='ocrx_word' id='word_1_165' title='bbox 1038 1039 1252 1093; x_wconf 69' lang='lat' dir='ltr'>dilinyani</span> <span class='ocrx_word' id='word_1_166' title='bbox 1284 1042 1418 1079; x_wconf 67' lang='lat' dir='ltr'>rector</span> <span class='ocrx_word' id='word_1_167' title='bbox 1450 1038 1628 1092; x_wconf 67' lang='lat' dir='ltr'>Dilinya</span> <span class='ocrx_word' id='word_1_168' title='bbox 1665 1039 1730 1078; x_wconf 82' lang='lat'>11.</span> <span class='ocrx_word' id='word_1_169' title='bbox 1756 1037 1868 1078; x_wconf 68' lang='lat' dir='ltr'>Maii</span> 
     </span>
     <span class='ocr_line' id='line_1_17' title="bbox 99 1102 1868 1159; baseline -0.002 -14"><span class='ocrx_word' id='word_1_170' title='bbox 99 1105 211 1146; x_wconf 77' lang='lat'><strong><em>1571</em></strong></span> <span class='ocrx_word' id='word_1_171' title='bbox 257 1105 300 1146; x_wconf 80' lang='lat' dir='ltr'>S.</span> <span class='ocrx_word' id='word_1_172' title='bbox 337 1104 566 1145; x_wconf 68' lang='lat' dir='ltr'>Frsmcisco</span> <span class='ocrx_word' id='word_1_173' title='bbox 607 1104 790 1157; x_wconf 64' lang='lat' dir='ltr'>Borqiae</span> <span class='ocrx_word' id='word_1_174' title='bbox 835 1105 1075 1158; x_wconf 75' lang='lat' dir='ltr'>praeposito</span> <span class='ocrx_word' id='word_1_175' title='bbox 1115 1105 1305 1159; x_wconf 60' lang='lat' dir='ltr'>peuerell</span> <span class='ocrx_word' id='word_1_176' title='bbox 1345 1104 1537 1158; x_wconf 68' lang='lat' dir='ltr'>scripsit:</span> <span class='ocrx_word' id='word_1_177' title='bbox 1587 1102 1868 1144; x_wconf 85' lang='lat' dir='ltr'>Reuerendus</span> 
     </span>
     <span class='ocr_line' id='line_1_18' title="bbox 98 1166 1866 1222; baseline -0.002 -12"><span class='ocrx_word' id='word_1_178' title='bbox 98 1169 144 1214; x_wconf 88' lang='grc' dir='ltr'>Ρ.</span> <span class='ocrx_word' id='word_1_179' title='bbox 179 1169 374 1211; x_wconf 87' lang='lat' dir='ltr'>Canisius</span> <span class='ocrx_word' id='word_1_180' title='bbox 416 1170 518 1210; x_wconf 89' lang='lat' dir='ltr'>ante</span> <span class='ocrx_word' id='word_1_181' title='bbox 553 1169 752 1210; x_wconf 84' lang='lat' dir='ltr'>Paschal</span> <span class='ocrx_word' id='word_1_182' title='bbox 784 1169 971 1222; x_wconf 86' lang='lat' dir='ltr'>primum</span> <span class='ocrx_word' id='word_1_183' title='bbox 1012 1169 1169 1210; x_wconf 86' lang='lat' dir='ltr'>librum</span> <span class='ocrx_word' id='word_1_184' title='bbox 1213 1170 1366 1210; x_wconf 88' lang='lat' dir='ltr'>contra</span> <span class='ocrx_word' id='word_1_185' title='bbox 1399 1167 1626 1211; x_wconf 86' lang='lat' dir='ltr'>Centurias</span> <span class='ocrx_word' id='word_1_186' title='bbox 1665 1166 1866 1216; x_wconf 90' lang='lat' dir='ltr'>absoluit,</span> 
     </span>
     <span class='ocr_line' id='line_1_19' title="bbox 99 1232 1869 1288; baseline -0.002 -11"><span class='ocrx_word' id='word_1_187' title='bbox 99 1238 142 1277; x_wconf 88' lang='lat' dir='ltr'>et</span> <span class='ocrx_word' id='word_1_188' title='bbox 174 1234 292 1288; x_wconf 85' lang='lat' dir='ltr'>typis</span> <span class='ocrx_word' id='word_1_189' title='bbox 324 1234 410 1275; x_wconf 88' lang='lat' dir='ltr'>iarn</span> <span class='ocrx_word' id='word_1_190' title='bbox 444 1248 629 1275; x_wconf 83' lang='lat' dir='ltr'>excusus</span> <span class='ocrx_word' id='word_1_191' title='bbox 663 1236 743 1284; x_wconf 87' lang='lat' dir='ltr'>est,</span> <span class='ocrx_word' id='word_1_192' title='bbox 784 1234 981 1286; x_wconf 87' lang='lat' dir='ltr'>quamuis</span> <span class='ocrx_word' id='word_1_193' title='bbox 1015 1234 1197 1276; x_wconf 87' lang='lat' dir='ltr'>necdum</span> <span class='ocrx_word' id='word_1_194' title='bbox 1232 1234 1477 1286; x_wconf 83' lang='lat' dir='ltr'>euulgatus.</span> <span class='ocrx_word' id='word_1_195' title='bbox 1541 1232 1752 1275; x_wconf 76' lang='lat' dir='ltr'>,Jmmensi</span> <span class='ocrx_word' id='word_1_196' title='bbox 1785 1232 1869 1274; x_wconf 83' lang='lat' dir='ltr'>fuit</span> 
     </span>
     <span class='ocr_line' id='line_1_20' title="bbox 97 1298 1867 1353; baseline -0.002 -12"><span class='ocrx_word' id='word_1_197' title='bbox 97 1299 258 1343; x_wconf 88' lang='lat' dir='ltr'>laboris</span> <span class='ocrx_word' id='word_1_198' title='bbox 299 1314 389 1341; x_wconf 90' lang='lat' dir='ltr'>rem</span> <span class='ocrx_word' id='word_1_199' title='bbox 432 1299 653 1352; x_wconf 91' lang='lat' dir='ltr'>hucusque</span> <span class='ocrx_word' id='word_1_200' title='bbox 693 1300 944 1353; x_wconf 81' lang='lat' dir='ltr'>perducere,</span> <span class='ocrx_word' id='word_1_201' title='bbox 989 1303 1033 1342; x_wconf 88' lang='lat' dir='ltr'>et</span> <span class='ocrx_word' id='word_1_202' title='bbox 1073 1313 1226 1353; x_wconf 86' lang='lat' dir='ltr'>parum</span> <span class='ocrx_word' id='word_1_203' title='bbox 1264 1299 1406 1341; x_wconf 87' lang='lat' dir='ltr'>abfuit</span> <span class='ocrx_word' id='word_1_204' title='bbox 1447 1299 1548 1352; x_wconf 88' lang='lat' dir='ltr'>quin</span> <span class='ocrx_word' id='word_1_205' title='bbox 1582 1298 1739 1340; x_wconf 83' lang='lat' dir='ltr'>author</span> <span class='ocrx_word' id='word_1_206' title='bbox 1771 1311 1867 1339; x_wconf 88' lang='lat' dir='ltr'>cum</span> 
     </span>
     <span class='ocr_line' id='line_1_21' title="bbox 98 1362 1868 1408; baseline -0.002 -1"><span class='ocrx_word' id='word_1_207' title='bbox 98 1366 247 1408; x_wconf 80' lang='lat' dir='ltr'>socio2</span> <span class='ocrx_word' id='word_1_208' title='bbox 270 1365 386 1407; x_wconf 88' lang='lat' dir='ltr'>oneri</span> <span class='ocrx_word' id='word_1_209' title='bbox 421 1365 737 1407; x_wconf 75' lang='lat' dir='ltr'>succumberet.</span> <span class='ocrx_word' id='word_1_210' title='bbox 788 1365 963 1406; x_wconf 87' lang='lat' dir='ltr'>Vtinam</span> <span class='ocrx_word' id='word_1_211' title='bbox 997 1364 1166 1406; x_wconf 82' lang='lat' dir='ltr'>felicius</span> <span class='ocrx_word' id='word_1_212' title='bbox 1189 1364 1244 1406; x_wconf 89' lang='lat' dir='ltr'>ad</span> <span class='ocrx_word' id='word_1_213' title='bbox 1277 1364 1451 1405; x_wconf 89' lang='lat' dir='ltr'>secundi</span> <span class='ocrx_word' id='word_1_214' title='bbox 1485 1363 1582 1405; x_wconf 90' lang='lat' dir='ltr'>libri</span> <span class='ocrx_word' id='word_1_215' title='bbox 1606 1362 1868 1405; x_wconf 89' lang='lat' dir='ltr'>aeditionem</span> 
     </span>
     <span class='ocr_line' id='line_1_22' title="bbox 98 1428 1868 1483; baseline -0.002 -11"><span class='ocrx_word' id='word_1_216' title='bbox 98 1444 193 1472; x_wconf 90' lang='lat' dir='ltr'>sese</span> <span class='ocrx_word' id='word_1_217' title='bbox 226 1430 383 1472; x_wconf 90' lang='lat' dir='ltr'>author</span> <span class='ocrx_word' id='word_1_218' title='bbox 414 1430 637 1483; x_wconf 83' lang='lat' dir='ltr'>accingat:</span> <span class='ocrx_word' id='word_1_219' title='bbox 681 1429 746 1471; x_wconf 88' lang='lat' dir='ltr'>cui</span> <span class='ocrx_word' id='word_1_220' title='bbox 782 1430 817 1471; x_wconf 89' lang='lat' dir='ltr'>si</span> <span class='ocrx_word' id='word_1_221' title='bbox 859 1433 950 1472; x_wconf 91' lang='lat' dir='ltr'>tam</span> <span class='ocrx_word' id='word_1_222' title='bbox 984 1429 1213 1472; x_wconf 78' lang='lat' dir='ltr'>methodus</span> <span class='ocrx_word' id='word_1_223' title='bbox 1247 1432 1291 1472; x_wconf 86' lang='lat' dir='ltr'>et</span> <span class='ocrx_word' id='word_1_224' title='bbox 1322 1429 1610 1471; x_wconf 82' lang='lat' dir='ltr'>scholasticae</span> <span class='ocrx_word' id='word_1_225' title='bbox 1644 1428 1868 1470; x_wconf 89' lang='lat' dir='ltr'>doctrinae</span> 
     </span>
     <span class='ocr_line' id='line_1_23' title="bbox 98 1493 1867 1550; baseline -0.003 -12"><span class='ocrx_word' id='word_1_226' title='bbox 98 1510 305 1550; x_wconf 81' lang='lat' dir='ltr'>praesens</span> <span class='ocrx_word' id='word_1_227' title='bbox 338 1495 559 1545; x_wconf 85' lang='lat' dir='ltr'>memoria,</span> <span class='ocrx_word' id='word_1_228' title='bbox 602 1498 702 1549; x_wconf 89' lang='lat' dir='ltr'>post</span> <span class='ocrx_word' id='word_1_229' title='bbox 734 1497 801 1537; x_wconf 89' lang='lat' dir='ltr'>tot</span> <span class='ocrx_word' id='word_1_230' title='bbox 833 1509 1045 1537; x_wconf 88' lang='lat' dir='ltr'>annorum</span> <span class='ocrx_word' id='word_1_231' title='bbox 1077 1495 1121 1536; x_wconf 92' lang='lat' dir='ltr'>in</span> <span class='ocrx_word' id='word_1_232' title='bbox 1153 1494 1289 1549; x_wconf 85' lang='lat' dir='ltr'>varijs</span> <span class='ocrx_word' id='word_1_233' title='bbox 1322 1494 1511 1548; x_wconf 83' lang='lat' dir='ltr'>negotijs</span> <span class='ocrx_word' id='word_1_234' title='bbox 1545 1493 1867 1547; x_wconf 86' lang='lat' dir='ltr'>occupationes,</span> 
     </span>
     <span class='ocr_line' id='line_1_24' title="bbox 98 1557 1869 1616; baseline -0.001 -14"><span class='ocrx_word' id='word_1_235' title='bbox 98 1563 364 1616; x_wconf 84' lang='lat' dir='ltr'>suppeteret,</span> <span class='ocrx_word' id='word_1_236' title='bbox 407 1575 535 1614; x_wconf 90' lang='lat' dir='ltr'>quam</span> <span class='ocrx_word' id='word_1_237' title='bbox 569 1560 788 1615; x_wconf 89' lang='lat' dir='ltr'>copiosum</span> <span class='ocrx_word' id='word_1_238' title='bbox 821 1561 882 1602; x_wconf 91' lang='lat' dir='ltr'>illi</span> <span class='ocrx_word' id='word_1_239' title='bbox 915 1560 1131 1602; x_wconf 88' lang='lat' dir='ltr'>scribendi</span> <span class='ocrx_word' id='word_1_240' title='bbox 1169 1564 1473 1613; x_wconf 82' lang='lat' dir='ltr'>argumentum</span> <span class='ocrx_word' id='word_1_241' title='bbox 1508 1559 1760 1601; x_wconf 89' lang='lat' dir='ltr'>ministrant</span> <span class='ocrx_word' id='word_1_242' title='bbox 1792 1557 1869 1600; x_wconf 90' lang='lat' dir='ltr'>ad-</span> 
     </span>
     <span class='ocr_line' id='line_1_25' title="bbox 99 1625 1869 1681; baseline -0.002 -13"><span class='ocrx_word' id='word_1_243' title='bbox 99 1626 295 1681; x_wconf 80' lang='lat' dir='ltr'>uersarij,</span> <span class='ocrx_word' id='word_1_244' title='bbox 330 1641 412 1668; x_wconf 91' lang='lat' dir='ltr'>non</span> <span class='ocrx_word' id='word_1_245' title='bbox 441 1625 637 1679; x_wconf 89' lang='lat' dir='ltr'>equidem</span> <span class='ocrx_word' id='word_1_246' title='bbox 671 1629 796 1668; x_wconf 90' lang='lat' dir='ltr'>tanto</span> <span class='ocrx_word' id='word_1_247' title='bbox 828 1627 872 1668; x_wconf 90' lang='lat' dir='ltr'>in</span> <span class='ocrx_word' id='word_1_248' title='bbox 906 1626 1150 1668; x_wconf 83' lang='lat' dir='ltr'>discrimine</span> <span class='ocrx_word' id='word_1_249' title='bbox 1173 1626 1378 1668; x_wconf 84' lang='lat' dir='ltr'>valetudo</span> <span class='ocrx_word' id='word_1_250' title='bbox 1403 1625 1494 1667; x_wconf 90' lang='lat' dir='ltr'>eius</span> <span class='ocrx_word' id='word_1_251' title='bbox 1516 1625 1696 1666; x_wconf 88' lang='lat' dir='ltr'>subinde</span> <span class='ocrx_word' id='word_1_252' title='bbox 1718 1638 1869 1665; x_wconf 87' lang='lat' dir='ltr'>versa-</span> 
     </span>
     <span class='ocr_line' id='line_1_26' title="bbox 98 1690 1869 1746; baseline -0.002 -12"><span class='ocrx_word' id='word_1_253' title='bbox 98 1696 231 1735; x_wconf 86' lang='lat' dir='ltr'>retur.</span> <span class='ocrx_word' id='word_1_254' title='bbox 281 1692 407 1734; x_wconf 91' lang='lat' dir='ltr'>Nunc</span> <span class='ocrx_word' id='word_1_255' title='bbox 440 1695 587 1734; x_wconf 89' lang='lat' dir='ltr'>autem</span> <span class='ocrx_word' id='word_1_256' title='bbox 619 1694 719 1746; x_wconf 89' lang='lat' dir='ltr'>post</span> <span class='ocrx_word' id='word_1_257' title='bbox 752 1694 952 1734; x_wconf 87' lang='lat' dir='ltr'>octauam</span> <span class='ocrx_word' id='word_1_258' title='bbox 986 1695 1031 1734; x_wconf 90' lang='lat' dir='ltr'>et</span> <span class='ocrx_word' id='word_1_259' title='bbox 1063 1692 1274 1734; x_wconf 86' lang='lat' dir='ltr'>decimam</span> <span class='ocrx_word' id='word_1_260' title='bbox 1307 1691 1565 1745; x_wconf 86' lang='lat' dir='ltr'>quandoque</span> <span class='ocrx_word' id='word_1_261' title='bbox 1592 1690 1783 1733; x_wconf 91' lang='lat' dir='ltr'>eiusdem</span> <span class='ocrx_word' id='word_1_262' title='bbox 1807 1690 1869 1731; x_wconf 92' lang='lat' dir='ltr'>rei</span> 
     </span>
     <span class='ocr_line' id='line_1_27' title="bbox 98 1754 1868 1812; baseline -0.002 -13"><span class='ocrx_word' id='word_1_263' title='bbox 98 1758 396 1807; x_wconf 86' lang='lat' dir='ltr'>mutationem,</span> <span class='ocrx_word' id='word_1_264' title='bbox 440 1757 766 1808; x_wconf 85' lang='lat' dir='ltr'>correctionem,</span> <span class='ocrx_word' id='word_1_265' title='bbox 812 1758 1146 1812; x_wconf 84' lang='lat' dir='ltr'>descriptionem</span> <span class='ocrx_word' id='word_1_266' title='bbox 1181 1758 1317 1799; x_wconf 88' lang='lat' dir='ltr'>bonus</span> <span class='ocrx_word' id='word_1_267' title='bbox 1349 1759 1476 1811; x_wconf 85' lang='lat' dir='ltr'>pater</span> <span class='ocrx_word' id='word_1_268' title='bbox 1508 1756 1589 1798; x_wconf 85' lang='lat' dir='ltr'>sibi</span> <span class='ocrx_word' id='word_1_269' title='bbox 1620 1770 1704 1797; x_wconf 91' lang='lat' dir='ltr'>non</span> <span class='ocrx_word' id='word_1_270' title='bbox 1738 1754 1868 1797; x_wconf 87' lang='lat' dir='ltr'>satis-</span> 
     </span>
     <span class='ocr_line' id='line_1_28' title="bbox 98 1820 1869 1876; baseline -0.002 -12"><span class='ocrx_word' id='word_1_271' title='bbox 98 1823 217 1873; x_wconf 86' lang='lat' dir='ltr'>facit,</span> <span class='ocrx_word' id='word_1_272' title='bbox 261 1823 337 1864; x_wconf 88' lang='lat' dir='ltr'>sed</span> <span class='ocrx_word' id='word_1_273' title='bbox 370 1822 604 1865; x_wconf 87' lang='lat' dir='ltr'>identidem</span> <span class='ocrx_word' id='word_1_274' title='bbox 638 1825 780 1865; x_wconf 90' lang='lat' dir='ltr'>mutat</span> <span class='ocrx_word' id='word_1_275' title='bbox 813 1823 978 1865; x_wconf 89' lang='lat' dir='ltr'>omnia:</span> <span class='ocrx_word' id='word_1_276' title='bbox 1014 1826 1062 1864; x_wconf 90' lang='lat' dir='ltr'>vt</span> <span class='ocrx_word' id='word_1_277' title='bbox 1095 1823 1389 1865; x_wconf 87' lang='lat' dir='ltr'>necessarium</span> <span class='ocrx_word' id='word_1_278' title='bbox 1422 1822 1551 1876; x_wconf 89' lang='lat' dir='ltr'>plane</span> <span class='ocrx_word' id='word_1_279' title='bbox 1583 1821 1798 1870; x_wconf 88' lang='lat' dir='ltr'>videatur,</span> <span class='ocrx_word' id='word_1_280' title='bbox 1833 1820 1869 1861; x_wconf 91' lang='lat' dir='ltr'>si</span> 
     </span>
     <span class='ocr_line' id='line_1_29' title="bbox 97 1886 1866 1939; baseline -0.001 -10"><span class='ocrx_word' id='word_1_281' title='bbox 97 1888 352 1930; x_wconf 87' lang='lat' dir='ltr'>incolumem</span> <span class='ocrx_word' id='word_1_282' title='bbox 394 1888 513 1930; x_wconf 89' lang='lat' dir='ltr'>illum</span> <span class='ocrx_word' id='word_1_283' title='bbox 547 1888 744 1939; x_wconf 84' lang='lat' dir='ltr'>velimus,</span> <span class='ocrx_word' id='word_1_284' title='bbox 779 1889 849 1930; x_wconf 89' lang='lat' dir='ltr'>vel</span> <span class='ocrx_word' id='word_1_285' title='bbox 891 1889 972 1930; x_wconf 88' lang='lat' dir='ltr'>hoc</span> <span class='ocrx_word' id='word_1_286' title='bbox 1013 1888 1133 1930; x_wconf 90' lang='lat' dir='ltr'>illum</span> <span class='ocrx_word' id='word_1_287' title='bbox 1172 1888 1321 1930; x_wconf 87' lang='lat' dir='ltr'>labore</span> <span class='ocrx_word' id='word_1_288' title='bbox 1355 1888 1516 1938; x_wconf 87' lang='lat' dir='ltr'>leuare,</span> <span class='ocrx_word' id='word_1_289' title='bbox 1551 1887 1622 1929; x_wconf 89' lang='lat' dir='ltr'>vel</span> <span class='ocrx_word' id='word_1_290' title='bbox 1654 1886 1866 1928; x_wconf 89' lang='lat' dir='ltr'>rationem</span> 
     </span>
     <span class='ocr_line' id='line_1_30' title="bbox 99 1953 734 1996; baseline 0.002 -2"><span class='ocrx_word' id='word_1_291' title='bbox 99 1954 229 1995; x_wconf 87' lang='lat' dir='ltr'>aliam</span> <span class='ocrx_word' id='word_1_292' title='bbox 261 1953 381 1994; x_wconf 89' lang='lat' dir='ltr'>illum</span> <span class='ocrx_word' id='word_1_293' title='bbox 414 1953 582 1995; x_wconf 85' lang='lat' dir='ltr'>ferendi</span> <span class='ocrx_word' id='word_1_294' title='bbox 614 1953 734 1996; x_wconf 89' lang='lat' dir='ltr'>inire.</span> 
     </span>
    </p>
   </div>
   <div class='ocr_carea' id='block_1_6' title="bbox 98 2083 1818 2249">
    <p class='ocr_par' dir='ltr' id='par_1_10' title="bbox 98 2083 1818 2249">
     <span class='ocr_line' id='line_1_31' title="bbox 98 2083 1053 2130; baseline -0.001 -9"><span class='ocrx_word' id='word_1_295' title='bbox 98 2085 234 2121; x_wconf 72' lang='lat'>1059</span> <span class='ocrx_word' id='word_1_296' title='bbox 261 2087 338 2120; x_wconf 88' lang='lat' dir='ltr'>sive</span> <span class='ocrx_word' id='word_1_297' title='bbox 364 2084 475 2121; x_wconf 75' lang='lat' dir='ltr'>litt.</span> <span class='ocrx_word' id='word_1_298' title='bbox 496 2083 630 2130; x_wconf 83' lang='grc'><strong>(54).</strong></span> <span class='ocrx_word' id='word_1_299' title='bbox 706 2084 837 2121; x_wconf 81' lang='grc'>8.-10.</span> <span class='ocrx_word' id='word_1_300' title='bbox 857 2084 942 2121; x_wconf 81' lang='lat' dir='ltr'>Maii</span> <span class='ocrx_word' id='word_1_301' title='bbox 969 2084 1053 2121; x_wconf 84' lang='lat'>1571.</span> 
     </span>
     <span class='ocr_line' id='line_1_32' title="bbox 216 2145 1598 2190; baseline 0 -11"><span class='ocrx_word' id='word_1_302' title='bbox 216 2146 271 2179; x_wconf 86' lang='lat' dir='ltr'>Ex</span> <span class='ocrx_word' id='word_1_303' title='bbox 298 2146 656 2190; x_wconf 72' lang='lat' dir='ltr'>Hartzheim-Scholl,</span> <span class='ocrx_word' id='word_1_304' title='bbox 685 2146 844 2180; x_wconf 87' lang='lat' dir='ltr'>Concilia</span> <span class='ocrx_word' id='word_1_305' title='bbox 872 2145 1086 2180; x_wconf 74' lang='lat' dir='ltr'>Germaniae</span> <span class='ocrx_word' id='word_1_306' title='bbox 1114 2146 1181 2180; x_wconf 89' lang='lat' dir='ltr'>VII</span> <span class='ocrx_word' id='word_1_307' title='bbox 1209 2146 1273 2180; x_wconf 82' lang='lat'>721</span> <span class='ocrx_word' id='word_1_308' title='bbox 1305 2146 1372 2180; x_wconf 76' lang='lat'>723</span> <span class='ocrx_word' id='word_1_309' title='bbox 1400 2145 1598 2180; x_wconf 77' lang='lat'>729—730.</span> 
     </span>
     <span class='ocr_line' id='line_1_33' title="bbox 220 2205 1818 2249; baseline -0.001 -11"><span class='ocrx_word' id='word_1_310' title='bbox 220 2206 385 2249; x_wconf 71' lang='lat' dir='ltr'>Synodus</span> <span class='ocrx_word' id='word_1_311' title='bbox 411 2206 678 2239; x_wconf 64' lang='lat' dir='ltr'>buscodueensis</span> <span class='ocrx_word' id='word_1_312' title='bbox 705 2206 927 2239; x_wconf 73' lang='lat' dir='ltr'>catechismos</span> <span class='ocrx_word' id='word_1_313' title='bbox 952 2217 1141 2239; x_wconf 69' lang='lat' dir='ltr'>rromanum</span> <span class='ocrx_word' id='word_1_314' title='bbox 1168 2211 1197 2239; x_wconf 72' lang='lat' dir='ltr'>et</span> <span class='ocrx_word' id='word_1_315' title='bbox 1224 2206 1449 2239; x_wconf 71' lang='lat' dir='ltr'>canisianmn</span> <span class='ocrx_word' id='word_1_316' title='bbox 1479 2207 1515 2238; x_wconf 75' lang='grc' dir='ltr'>ἰη</span> <span class='ocrx_word' id='word_1_317' title='bbox 1542 2216 1645 2238; x_wconf 72' lang='lat' dir='ltr'>usum</span> <span class='ocrx_word' id='word_1_318' title='bbox 1673 2205 1818 2237; x_wconf 68' lang='lat' dir='ltr'>inducit.</span> 
     </span>
    </p>
   </div>
   <div class='ocr_carea' id='block_1_7' title="bbox 94 2263 1868 2949">
    <p class='ocr_par' dir='ltr' id='par_1_11' title="bbox 94 2263 1868 2949">
     <span class='ocr_line' id='line_1_34' title="bbox 215 2263 1867 2310; baseline -0.001 -12"><span class='ocrx_word' id='word_1_319' title='bbox 215 2265 255 2298; x_wconf 87' lang='lat' dir='ltr'>In</span> <span class='ocrx_word' id='word_1_320' title='bbox 282 2265 396 2310; x_wconf 83' lang='lat' dir='ltr'>prima</span> <span class='ocrx_word' id='word_1_321' title='bbox 423 2265 559 2309; x_wconf 86' lang='lat' dir='ltr'>synodo</span> <span class='ocrx_word' id='word_1_322' title='bbox 578 2264 789 2299; x_wconf 88' lang='lat' dir='ltr'>dioecesana</span> <span class='ocrx_word' id='word_1_323' title='bbox 813 2265 1041 2310; x_wconf 85' lang='lat' dir='ltr'>episcopatus</span> <span class='ocrx_word' id='word_1_324' title='bbox 1059 2264 1338 2299; x_wconf 86' lang='lat' dir='ltr'>buscoducensis</span> <span class='ocrx_word' id='word_1_325' title='bbox 1360 2265 1404 2307; x_wconf 82' lang='lat' dir='ltr'>(&#39;s</span> <span class='ocrx_word' id='word_1_326' title='bbox 1423 2263 1747 2307; x_wconf 84' lang='lat' dir='ltr'>Hertogenbosch),</span> <span class='ocrx_word' id='word_1_327' title='bbox 1776 2274 1867 2306; x_wconf 85' lang='lat' dir='ltr'>quae</span> 
     </span>
     <span class='ocr_line' id='line_1_35' title="bbox 96 2316 1868 2361; baseline -0.002 -9"><span class='ocrx_word' id='word_1_328' title='bbox 96 2319 296 2353; x_wconf 88' lang='lat' dir='ltr'>Buscoduci</span> <span class='ocrx_word' id='word_1_329' title='bbox 329 2318 373 2352; x_wconf 87' lang='lat' dir='ltr'>ab</span> <span class='ocrx_word' id='word_1_330' title='bbox 400 2318 431 2352; x_wconf 76' lang='lat'>8.</span> <span class='ocrx_word' id='word_1_331' title='bbox 460 2318 502 2352; x_wconf 86' lang='lat' dir='ltr'>ad</span> <span class='ocrx_word' id='word_1_332' title='bbox 532 2319 586 2352; x_wconf 87' lang='lat'>10.</span> <span class='ocrx_word' id='word_1_333' title='bbox 613 2318 700 2352; x_wconf 89' lang='lat' dir='ltr'>Maii</span> <span class='ocrx_word' id='word_1_334' title='bbox 730 2318 816 2352; x_wconf 79' lang='lat'>1571</span> <span class='ocrx_word' id='word_1_335' title='bbox 855 2318 921 2352; x_wconf 90' lang='lat' dir='ltr'>sub</span> <span class='ocrx_word' id='word_1_336' title='bbox 948 2320 1149 2352; x_wconf 70' lang='lat' dir='ltr'>Laurentio</span> <span class='ocrx_word' id='word_1_337' title='bbox 1174 2319 1300 2352; x_wconf 61' lang='lat' dir='ltr'>Metsaeo</span> <span class='ocrx_word' id='word_1_338' title='bbox 1329 2318 1387 2361; x_wconf 89' lang='lat' dir='ltr'>(de</span> <span class='ocrx_word' id='word_1_339' title='bbox 1414 2318 1537 2360; x_wconf 77' lang='lat' dir='ltr'>MetsJ,</span> <span class='ocrx_word' id='word_1_340' title='bbox 1572 2317 1727 2351; x_wconf 89' lang='lat' dir='ltr'>secundo</span> <span class='ocrx_word' id='word_1_341' title='bbox 1762 2316 1868 2350; x_wconf 89' lang='lat' dir='ltr'>huius</span> 
     </span>
     <span class='ocr_line' id='line_1_36' title="bbox 98 2370 1868 2417; baseline -0.002 -11"><span class='ocrx_word' id='word_1_342' title='bbox 98 2372 270 2407; x_wconf 85' lang='lat' dir='ltr'>dioecesis</span> <span class='ocrx_word' id='word_1_343' title='bbox 297 2372 474 2417; x_wconf 81' lang='lat' dir='ltr'>episcopo,</span> <span class='ocrx_word' id='word_1_344' title='bbox 501 2371 625 2405; x_wconf 88' lang='lat' dir='ltr'>habita</span> <span class='ocrx_word' id='word_1_345' title='bbox 652 2373 716 2413; x_wconf 87' lang='lat' dir='ltr'>est,</span> <span class='ocrx_word' id='word_1_346' title='bbox 744 2371 843 2413; x_wconf 88' lang='lat' dir='ltr'>haec,</span> <span class='ocrx_word' id='word_1_347' title='bbox 870 2374 1013 2416; x_wconf 86' lang='lat' dir='ltr'>praeter</span> <span class='ocrx_word' id='word_1_348' title='bbox 1038 2371 1152 2406; x_wconf 90' lang='lat' dir='ltr'>multa</span> <span class='ocrx_word' id='word_1_349' title='bbox 1178 2372 1259 2409; x_wconf 77' lang='lat' dir='ltr'>alia,</span> <span class='ocrx_word' id='word_1_350' title='bbox 1291 2372 1384 2406; x_wconf 87' lang='lat' dir='ltr'>idem</span> <span class='ocrx_word' id='word_1_351' title='bbox 1411 2372 1600 2416; x_wconf 88' lang='lat' dir='ltr'>episcopus</span> <span class='ocrx_word' id='word_1_352' title='bbox 1636 2370 1767 2404; x_wconf 85' lang='lat' dir='ltr'>edixit:</span> <span class='ocrx_word' id='word_1_353' title='bbox 1807 2370 1868 2412; x_wconf 79' lang='lat' dir='ltr'>„ln</span> 
     </span>
     <span class='ocr_line' id='line_1_37' title="bbox 97 2423 1864 2469; baseline -0.002 -10"><span class='ocrx_word' id='word_1_354' title='bbox 97 2425 260 2460; x_wconf 87' lang='lat' dir='ltr'>omnibus</span> <span class='ocrx_word' id='word_1_355' title='bbox 285 2424 459 2459; x_wconf 86' lang='lat' dir='ltr'>Ecclesiis</span> <span class='ocrx_word' id='word_1_356' title='bbox 484 2424 758 2458; x_wconf 85' lang='lat' dir='ltr'>Parochialibus</span> <span class='ocrx_word' id='word_1_357' title='bbox 783 2436 854 2458; x_wconf 90' lang='lat' dir='ltr'>non</span> <span class='ocrx_word' id='word_1_358' title='bbox 881 2424 1090 2469; x_wconf 82' lang='lat' dir='ltr'>Collegiatis</span> <span class='ocrx_word' id='word_1_359' title='bbox 1118 2452 1124 2459; x_wconf 96' lang='lat'>.</span> <span class='ocrx_word' id='word_1_360' title='bbox 1147 2453 1152 2459; x_wconf 95' lang='lat'>.</span> <span class='ocrx_word' id='word_1_361' title='bbox 1173 2453 1180 2459; x_wconf 95' lang='lat'>.</span> <span class='ocrx_word' id='word_1_362' title='bbox 1207 2426 1321 2459; x_wconf 87' lang='lat' dir='ltr'>Missa</span> <span class='ocrx_word' id='word_1_363' title='bbox 1346 2424 1570 2459; x_wconf 88' lang='lat' dir='ltr'>matutinalis</span> <span class='ocrx_word' id='word_1_364' title='bbox 1596 2424 1688 2457; x_wconf 92' lang='lat' dir='ltr'>inter</span> <span class='ocrx_word' id='word_1_365' title='bbox 1714 2423 1864 2467; x_wconf 86' lang='lat' dir='ltr'>[horam]</span> 
     </span>
     <span class='ocr_line' id='line_1_38' title="bbox 96 2476 1867 2524; baseline -0.001 -12"><span class='ocrx_word' id='word_1_366' title='bbox 96 2479 257 2524; x_wconf 84' lang='lat' dir='ltr'>quintam</span> <span class='ocrx_word' id='word_1_367' title='bbox 286 2480 320 2512; x_wconf 86' lang='lat' dir='ltr'>et</span> <span class='ocrx_word' id='word_1_368' title='bbox 347 2481 488 2512; x_wconf 82' lang='lat' dir='ltr'>sextam</span> <span class='ocrx_word' id='word_1_369' title='bbox 525 2480 731 2523; x_wconf 78' lang='lat' dir='ltr'>peragatur,</span> <span class='ocrx_word' id='word_1_370' title='bbox 763 2478 816 2512; x_wconf 89' lang='lat' dir='ltr'>sic</span> <span class='ocrx_word' id='word_1_371' title='bbox 841 2480 961 2512; x_wconf 85' lang='lat' dir='ltr'>tamen</span> <span class='ocrx_word' id='word_1_372' title='bbox 989 2481 1029 2512; x_wconf 92' lang='lat' dir='ltr'>ut</span> <span class='ocrx_word' id='word_1_373' title='bbox 1055 2478 1150 2513; x_wconf 87' lang='lat' dir='ltr'>ultra</span> <span class='ocrx_word' id='word_1_374' title='bbox 1183 2481 1326 2513; x_wconf 83' lang='lat' dir='ltr'>sextam</span> <span class='ocrx_word' id='word_1_375' title='bbox 1361 2489 1542 2522; x_wconf 87' lang='lat' dir='ltr'>nunquam</span> <span class='ocrx_word' id='word_1_376' title='bbox 1580 2478 1775 2511; x_wconf 85' lang='lat' dir='ltr'>differatur.</span> <span class='ocrx_word' id='word_1_377' title='bbox 1826 2476 1867 2510; x_wconf 92' lang='lat' dir='ltr'>In</span> 
     </span>
     <span class='ocr_line' id='line_1_39' title="bbox 96 2530 1867 2577; baseline -0.001 -12"><span class='ocrx_word' id='word_1_378' title='bbox 96 2544 166 2576; x_wconf 86' lang='lat' dir='ltr'>qua</span> <span class='ocrx_word' id='word_1_379' title='bbox 184 2534 401 2577; x_wconf 88' lang='lat' dir='ltr'>optaremus,</span> <span class='ocrx_word' id='word_1_380' title='bbox 416 2544 479 2576; x_wconf 88' lang='lat' dir='ltr'>pro</span> <span class='ocrx_word' id='word_1_381' title='bbox 493 2532 697 2566; x_wconf 87' lang='lat' dir='ltr'>necessaria</span> <span class='ocrx_word' id='word_1_382' title='bbox 711 2531 916 2576; x_wconf 84' lang='lat' dir='ltr'>juventutis</span> <span class='ocrx_word' id='word_1_383' title='bbox 935 2534 971 2565; x_wconf 89' lang='lat' dir='ltr'>et</span> <span class='ocrx_word' id='word_1_384' title='bbox 985 2532 1195 2566; x_wconf 85' lang='lat' dir='ltr'>ancillarum</span> <span class='ocrx_word' id='word_1_385' title='bbox 1210 2532 1456 2573; x_wconf 82' lang='lat' dir='ltr'>instructione,</span> <span class='ocrx_word' id='word_1_386' title='bbox 1471 2532 1689 2566; x_wconf 87' lang='lat' dir='ltr'>succinctam</span> <span class='ocrx_word' id='word_1_387' title='bbox 1709 2530 1867 2574; x_wconf 88' lang='lat' dir='ltr'>aliquam</span> 
     </span>
     <span class='ocr_line' id='line_1_40' title="bbox 96 2584 1866 2627; baseline -0.002 -7"><span class='ocrx_word' id='word_1_388' title='bbox 96 2597 141 2619; x_wconf 85' lang='lat' dir='ltr'>ex</span> <span class='ocrx_word' id='word_1_389' title='bbox 168 2585 393 2620; x_wconf 87' lang='lat' dir='ltr'>Catechismo</span> <span class='ocrx_word' id='word_1_390' title='bbox 421 2584 569 2619; x_wconf 86' lang='lat' dir='ltr'>Concilii</span> <span class='ocrx_word' id='word_1_391' title='bbox 597 2584 805 2626; x_wconf 86' lang='lat' dir='ltr'>Tridentini,</span> <span class='ocrx_word' id='word_1_392' title='bbox 834 2587 897 2618; x_wconf 88' lang='lat' dir='ltr'>aut</span> <span class='ocrx_word' id='word_1_393' title='bbox 924 2585 1067 2627; x_wconf 87' lang='lat' dir='ltr'>Canisii‚</span> <span class='ocrx_word' id='word_1_394' title='bbox 1095 2597 1115 2619; x_wconf 92' lang='lat' dir='ltr'>a</span> <span class='ocrx_word' id='word_1_395' title='bbox 1142 2586 1325 2626; x_wconf 85' lang='lat' dir='ltr'>Parochis,</span> <span class='ocrx_word' id='word_1_396' title='bbox 1352 2588 1415 2619; x_wconf 88' lang='lat' dir='ltr'>aut</span> <span class='ocrx_word' id='word_1_397' title='bbox 1441 2585 1522 2619; x_wconf 84' lang='lat' dir='ltr'>aliis</span> <span class='ocrx_word' id='word_1_398' title='bbox 1547 2597 1568 2619; x_wconf 86' lang='lat' dir='ltr'>a</span> <span class='ocrx_word' id='word_1_399' title='bbox 1593 2584 1704 2618; x_wconf 91' lang='lat' dir='ltr'>Nobis</span> <span class='ocrx_word' id='word_1_400' title='bbox 1730 2584 1774 2618; x_wconf 87' lang='lat' dir='ltr'>ad</span> <span class='ocrx_word' id='word_1_401' title='bbox 1801 2584 1866 2618; x_wconf 85' lang='lat' dir='ltr'>hoc</span> 
     </span>
     <span class='ocr_line' id='line_1_41' title="bbox 95 2638 1864 2683; baseline -0.001 -11"><span class='ocrx_word' id='word_1_402' title='bbox 95 2639 272 2680; x_wconf 86' lang='lat' dir='ltr'>admissis,</span> <span class='ocrx_word' id='word_1_403' title='bbox 300 2639 343 2672; x_wconf 90' lang='lat' dir='ltr'>de</span> <span class='ocrx_word' id='word_1_404' title='bbox 369 2638 582 2672; x_wconf 86' lang='lat' dir='ltr'>rudimentis</span> <span class='ocrx_word' id='word_1_405' title='bbox 602 2638 699 2672; x_wconf 83' lang='lat' dir='ltr'>Fidei</span> <span class='ocrx_word' id='word_1_406' title='bbox 727 2640 763 2672; x_wconf 92' lang='lat' dir='ltr'>et</span> <span class='ocrx_word' id='word_1_407' title='bbox 781 2638 980 2682; x_wconf 82' lang='lat' dir='ltr'>Religionis</span> <span class='ocrx_word' id='word_1_408' title='bbox 997 2641 1142 2673; x_wconf 87' lang='lat' dir='ltr'>nostrae</span> <span class='ocrx_word' id='word_1_409' title='bbox 1162 2639 1366 2673; x_wconf 89' lang='lat' dir='ltr'>concionem</span> <span class='ocrx_word' id='word_1_410' title='bbox 1384 2638 1472 2679; x_wconf 85' lang='lat' dir='ltr'>fieri,</span> <span class='ocrx_word' id='word_1_411' title='bbox 1499 2638 1727 2683; x_wconf 86' lang='lat' dir='ltr'>potissimum</span> <span class='ocrx_word' id='word_1_412' title='bbox 1746 2640 1864 2671; x_wconf 89' lang='lat' dir='ltr'>autem</span> 
     </span>
     <span class='ocr_line' id='line_1_42' title="bbox 94 2690 1866 2737; baseline -0.001 -11"><span class='ocrx_word' id='word_1_413' title='bbox 94 2694 254 2736; x_wconf 89' lang='lat' dir='ltr'>tempore</span> <span class='ocrx_word' id='word_1_414' title='bbox 282 2690 587 2734; x_wconf 79' lang='lat' dir='ltr'>Quadragesimae</span> <span class='ocrx_word' id='word_1_415' title='bbox 615 2705 621 2725; x_wconf 91' lang='lat'>:</span> <span class='ocrx_word' id='word_1_416' title='bbox 649 2702 740 2735; x_wconf 87' lang='lat' dir='ltr'>quae</span> <span class='ocrx_word' id='word_1_417' title='bbox 766 2694 848 2736; x_wconf 89' lang='lat' dir='ltr'>post</span> <span class='ocrx_word' id='word_1_418' title='bbox 874 2691 1104 2726; x_wconf 84' lang='lat' dir='ltr'>Offertorium</span> <span class='ocrx_word' id='word_1_419' title='bbox 1140 2692 1217 2726; x_wconf 88' lang='lat' dir='ltr'>fieri</span> <span class='ocrx_word' id='word_1_420' title='bbox 1252 2692 1394 2737; x_wconf 89' lang='lat' dir='ltr'>poterit,</span> <span class='ocrx_word' id='word_1_421' title='bbox 1430 2694 1466 2725; x_wconf 91' lang='lat' dir='ltr'>et</span> <span class='ocrx_word' id='word_1_422' title='bbox 1500 2694 1574 2725; x_wconf 86' lang='lat' dir='ltr'>tum</span> <span class='ocrx_word' id='word_1_423' title='bbox 1603 2691 1786 2732; x_wconf 87' lang='lat' dir='ltr'>Sacerdos,</span> <span class='ocrx_word' id='word_1_424' title='bbox 1822 2702 1866 2724; x_wconf 84' lang='lat' dir='ltr'>ne</span> 
     </span>
     <span class='ocr_line' id='line_1_43' title="bbox 94 2744 1861 2790; baseline 0 -12"><span class='ocrx_word' id='word_1_425' title='bbox 94 2745 247 2790; x_wconf 88' lang='lat' dir='ltr'>populus</span> <span class='ocrx_word' id='word_1_426' title='bbox 273 2745 309 2778; x_wconf 91' lang='lat' dir='ltr'>in</span> <span class='ocrx_word' id='word_1_427' title='bbox 335 2745 479 2778; x_wconf 88' lang='lat' dir='ltr'>diversa</span> <span class='ocrx_word' id='word_1_428' title='bbox 507 2744 739 2786; x_wconf 80' lang='lat' dir='ltr'>distrahatur,</span> <span class='ocrx_word' id='word_1_429' title='bbox 765 2745 906 2779; x_wconf 89' lang='lat' dir='ltr'>nonnisi</span> <span class='ocrx_word' id='word_1_430' title='bbox 943 2757 984 2779; x_wconf 87' lang='lat' dir='ltr'>ea</span> <span class='ocrx_word' id='word_1_431' title='bbox 1019 2746 1132 2785; x_wconf 85' lang='lat' dir='ltr'>finita,</span> <span class='ocrx_word' id='word_1_432' title='bbox 1168 2747 1203 2780; x_wconf 90' lang='lat' dir='ltr'>in</span> <span class='ocrx_word' id='word_1_433' title='bbox 1240 2745 1478 2780; x_wconf 87' lang='lat' dir='ltr'>celebratione</span> <span class='ocrx_word' id='word_1_434' title='bbox 1504 2746 1638 2779; x_wconf 86' lang='lat' dir='ltr'>Missae</span> <span class='ocrx_word' id='word_1_435' title='bbox 1673 2744 1861 2790; x_wconf 84' lang='lat' dir='ltr'>procedat“</span> 
     </span>
     <span class='ocr_line' id='line_1_44' title="bbox 99 2797 1862 2842; baseline 0 -10"><span class='ocrx_word' id='word_1_436' title='bbox 99 2799 185 2842; x_wconf 78' lang='lat' dir='ltr'>(Tit.</span> <span class='ocrx_word' id='word_1_437' title='bbox 212 2798 274 2839; x_wconf 85' lang='lat' dir='ltr'>Xl,</span> <span class='ocrx_word' id='word_1_438' title='bbox 302 2810 331 2832; x_wconf 89' lang='lat' dir='ltr'>c.</span> <span class='ocrx_word' id='word_1_439' title='bbox 359 2797 409 2841; x_wconf 81' lang='lat'>2).</span> <span class='ocrx_word' id='word_1_440' title='bbox 466 2797 536 2840; x_wconf 89' lang='lat' dir='ltr'>„Ut</span> <span class='ocrx_word' id='word_1_441' title='bbox 563 2798 713 2832; x_wconf 84' lang='lat' dir='ltr'>Parochi</span> <span class='ocrx_word' id='word_1_442' title='bbox 742 2798 853 2832; x_wconf 89' lang='lat' dir='ltr'>libros</span> <span class='ocrx_word' id='word_1_443' title='bbox 879 2799 1037 2833; x_wconf 87' lang='lat' dir='ltr'>habeant</span> <span class='ocrx_word' id='word_1_444' title='bbox 1063 2799 1180 2833; x_wconf 88' lang='lat' dir='ltr'>officio</span> <span class='ocrx_word' id='word_1_445' title='bbox 1208 2798 1387 2833; x_wconf 87' lang='lat' dir='ltr'>Pastorali</span> <span class='ocrx_word' id='word_1_446' title='bbox 1423 2799 1579 2832; x_wconf 87' lang='lat' dir='ltr'>maxime</span> <span class='ocrx_word' id='word_1_447' title='bbox 1615 2798 1862 2833; x_wconf 86' lang='lat' dir='ltr'>accommodos</span> 
     </span>
     <span class='ocr_line' id='line_1_45' title="bbox 95 2851 1866 2897; baseline -0.001 -10"><span class='ocrx_word' id='word_1_448' title='bbox 95 2864 139 2887; x_wconf 85' lang='lat' dir='ltr'>ex</span> <span class='ocrx_word' id='word_1_449' title='bbox 166 2852 294 2896; x_wconf 84' lang='lat' dir='ltr'>quibus</span> <span class='ocrx_word' id='word_1_450' title='bbox 321 2851 492 2896; x_wconf 89' lang='lat' dir='ltr'>populum</span> <span class='ocrx_word' id='word_1_451' title='bbox 518 2851 584 2886; x_wconf 88' lang='lat' dir='ltr'>sibi</span> <span class='ocrx_word' id='word_1_452' title='bbox 605 2852 835 2886; x_wconf 89' lang='lat' dir='ltr'>commissum</span> <span class='ocrx_word' id='word_1_453' title='bbox 862 2853 919 2897; x_wconf 91' lang='lat' dir='ltr'>pie</span> <span class='ocrx_word' id='word_1_454' title='bbox 946 2854 981 2886; x_wconf 90' lang='lat' dir='ltr'>et</span> <span class='ocrx_word' id='word_1_455' title='bbox 1001 2851 1182 2886; x_wconf 87' lang='lat' dir='ltr'>Catholice</span> <span class='ocrx_word' id='word_1_456' title='bbox 1209 2853 1411 2894; x_wconf 81' lang='lat' dir='ltr'>instituant,</span> <span class='ocrx_word' id='word_1_457' title='bbox 1438 2853 1579 2897; x_wconf 89' lang='lat' dir='ltr'>ipsique</span> <span class='ocrx_word' id='word_1_458' title='bbox 1605 2852 1678 2886; x_wconf 88' lang='lat' dir='ltr'>illis</span> <span class='ocrx_word' id='word_1_459' title='bbox 1703 2852 1866 2896; x_wconf 83' lang='lat' dir='ltr'>legendis</span> 
     </span>
     <span class='ocr_line' id='line_1_46' title="bbox 94 2905 1865 2949; baseline 0 -9"><span class='ocrx_word' id='word_1_460' title='bbox 94 2906 272 2940; x_wconf 85' lang='lat' dir='ltr'>doctiores</span> <span class='ocrx_word' id='word_1_461' title='bbox 300 2905 475 2945; x_wconf 86' lang='lat' dir='ltr'>evadant;</span> <span class='ocrx_word' id='word_1_462' title='bbox 503 2906 716 2939; x_wconf 87' lang='lat' dir='ltr'>mandamus</span> <span class='ocrx_word' id='word_1_463' title='bbox 735 2905 880 2947; x_wconf 84' lang='lat' dir='ltr'>eisdem,</span> <span class='ocrx_word' id='word_1_464' title='bbox 907 2908 946 2940; x_wconf 90' lang='lat' dir='ltr'>ut</span> <span class='ocrx_word' id='word_1_465' title='bbox 972 2906 1106 2949; x_wconf 86' lang='lat' dir='ltr'>singuli</span> <span class='ocrx_word' id='word_1_466' title='bbox 1133 2906 1291 2940; x_wconf 88' lang='lat' dir='ltr'>habeant</span> <span class='ocrx_word' id='word_1_467' title='bbox 1307 2906 1425 2940; x_wconf 87' lang='lat' dir='ltr'>Biblia</span> <span class='ocrx_word' id='word_1_468' title='bbox 1442 2906 1571 2940; x_wconf 81' lang='lat' dir='ltr'>Latina</span> <span class='ocrx_word' id='word_1_469' title='bbox 1597 2908 1633 2940; x_wconf 92' lang='lat' dir='ltr'>et</span> <span class='ocrx_word' id='word_1_470' title='bbox 1651 2906 1865 2947; x_wconf 86' lang='lat' dir='ltr'>Vernacula,</span> 
     </span>
    </p>
   </div>
   <div class='ocr_carea' id='block_1_8' title="bbox 308 2983 494 2988">
    <p class='ocr_par' dir='ltr' id='par_1_12' title="bbox 308 2983 494 2988">
     <span class='ocr_line' id='line_1_47' title="bbox 308 2983 494 2988; baseline 0 0"><span class='ocrx_word' id='word_1_471' title='bbox 308 2983 494 2988; x_wconf 95' lang='lat' dir='ltr'> </span> 
     </span>
    </p>
   </div>
   <div class='ocr_carea' id='block_1_9' title="bbox 155 2985 278 2988">
    <p class='ocr_par' dir='ltr' id='par_1_13' title="bbox 155 2985 278 2988">
     <span class='ocr_line' id='line_1_48' title="bbox 155 2985 278 2988; baseline 0 0"><span class='ocrx_word' id='word_1_472' title='bbox 155 2985 278 2988; x_wconf 95' lang='lat' dir='ltr'> </span> 
     </span>
    </p>
   </div>
   <div class='ocr_carea' id='block_1_10' title="bbox 214 3024 1586 3123">
    <p class='ocr_par' dir='ltr' id='par_1_14' title="bbox 214 3024 1586 3123">
     <span class='ocr_line' id='line_1_49' title="bbox 218 3024 603 3069; baseline 0.003 -11"><span class='ocrx_word' id='word_1_473' title='bbox 218 3026 226 3045; x_wconf 87' lang='lat'>¹</span> <span class='ocrx_word' id='word_1_474' title='bbox 253 3026 346 3059; x_wconf 85' lang='lat' dir='ltr'>Ante</span> <span class='ocrx_word' id='word_1_475' title='bbox 375 3025 429 3058; x_wconf 85' lang='lat'>15.</span> <span class='ocrx_word' id='word_1_476' title='bbox 457 3024 603 3069; x_wconf 86' lang='lat' dir='ltr'>Aprilis.</span> 
     </span>
     <span class='ocr_line' id='line_1_50' title="bbox 214 3077 1586 3123; baseline 0.001 -11"><span class='ocrx_word' id='word_1_477' title='bbox 214 3079 227 3098; x_wconf 79' lang='lat'>2</span> <span class='ocrx_word' id='word_1_478' title='bbox 252 3078 292 3112; x_wconf 89' lang='lat' dir='ltr'>P.</span> <span class='ocrx_word' id='word_1_479' title='bbox 320 3078 475 3112; x_wconf 89' lang='lat' dir='ltr'>Antonio</span> <span class='ocrx_word' id='word_1_480' title='bbox 503 3077 681 3119; x_wconf 79' lang='lat' dir='ltr'>Guisano;</span> <span class='ocrx_word' id='word_1_481' title='bbox 709 3077 751 3111; x_wconf 87' lang='lat' dir='ltr'>de</span> <span class='ocrx_word' id='word_1_482' title='bbox 778 3078 878 3112; x_wconf 91' lang='lat' dir='ltr'>cuius</span> <span class='ocrx_word' id='word_1_483' title='bbox 905 3078 1061 3121; x_wconf 86' lang='lat' dir='ltr'>querelis</span> <span class='ocrx_word' id='word_1_484' title='bbox 1087 3090 1121 3113; x_wconf 83' lang='lat' dir='ltr'>V.</span> <span class='ocrx_word' id='word_1_485' title='bbox 1148 3078 1252 3121; x_wconf 88' lang='lat' dir='ltr'>infra,</span> <span class='ocrx_word' id='word_1_486' title='bbox 1280 3090 1372 3113; x_wconf 90' lang='lat' dir='ltr'>mon.</span> <span class='ocrx_word' id='word_1_487' title='bbox 1399 3079 1468 3113; x_wconf 90' lang='lat' dir='ltr'>litt.</span> <span class='ocrx_word' id='word_1_488' title='bbox 1497 3079 1586 3123; x_wconf 81' lang='lat'>(58).</span> 
     </span>
    </p>
   </div>
  </div>
 </body>
</html>
