2044 3335
224 85 320 120 Mon.
350 85 584 120 1032—1033
611 85 688 119 sive
714 85 785 120 litt.
806 85 1027 129 (27)-(28).
1070 85 1100 118 Α
1119 97 1164 119 m.
1180 83 1346 118 Ianuario
1372 83 1416 117 ad
1442 82 1612 117 Martium
1642 81 1743 116 1569.
1812 84 1893 124 681

130 201 398 245 Sommervogel
425 202 660 245 protulerunt,
687 201 803 247 posito
829 204 950 236 tamen
976 212 1163 246 perperam
1189 212 1281 235 anno
1310 201 1399 235 1567
1427 211 1489 244 pro
1519 199 1627 238 1576;
1655 197 1763 231 tertia
1790 196 1897 230 editio

130 255 239 288 fuerit
278 255 360 288 anni
401 255 501 289 1579.
560 255 688 289 Fateor
723 257 861 296 tamen,
896 254 973 289 fieri
1008 254 1330 300 etianrpotuisse,
1365 256 1404 287 ut
1439 254 1554 298 prima
1589 251 1697 285 editio
1736 262 1766 284 a.
1798 250 1896 290 1565,

131 307 272 342 Canisio
299 308 357 341 diu
385 307 518 342 Rornae
545 308 707 351 degente,
734 308 982 343 excuderetur.

132 429 267 465 1032
294 429 372 463 sive
398 427 509 465 litt.
530 428 666 474 (22).
710 428 737 464 A
756 438 802 464 m.
823 428 995 464 Ianuario
1022 427 1068 463 ad
1095 427 1267 463 Martium
1292 427 1388 463 1569.

248 489 302 522 Ex
328 488 441 531 Magii
476 488 708 533 autographo,
746 487 787 522 G.
815 480 938 533 Ep.'X
965 488 990 522 f.
1018 488 1090 528 24¹³,
1126 490 1162 522 et
1197 500 1242 521 ex
1276 487 1479 521 litterarum
1511 486 1659 521 Polanci
1693 484 1898 530 apographo

130 542 255 576 eodem
281 542 357 575 fere
383 544 542 586 tempore
569 541 712 586 scripto,
741 541 860 575 Germ.
887 542 930 575 67
959 541 983 576 f.
1002 541 1097 575 228⁸.

248 602 376 644 Aliqui
400 606 534 644 optant,
561 605 599 634 ut
623 602 663 634 in
692 601 832 635 canisii
858 601 1064 634 catechismo
1095 602 1296 644 praeceptis
1322 601 1482 633 ecclesiae
1515 600 1644 633 solutio
1670 600 1900 632 (lecmnarum

129 659 158 687 et
190 655 401 688 salutationi
435 655 613 697 anqelccae
644 655 747 688 ‘rerba
775 654 931 698 „Sancta
958 652 1103 687 Maricd‘
1132 658 1190 687 etc.
1227 654 1423 697 addantur,
1458 658 1488 686 et
1524 658 1560 686 ut
1587 653 1714 696 „Salve
1739 648 1898 694 Reyina“

129 708 256 741 ibidem
278 711 447 751 ponatur.
500 708 543 740 Id
569 719 590 740 a
610 709 815 750 praeposito
839 708 1001 750 ymera-li
1019 708 1254 750 permittitur.

248 760 287 795 P.
315 760 537 793 Lam-entius
563 761 707 803 Messius
732 760 958 804 praepositus
984 759 1215 804 provincialis
1235 759 1404 793 Austri-ae
1430 759 1642 793 Vindobona
1668 759 1724 792 27.
1745 756 1900 791 Ianuarii

132 813 221 847 1569
241 813 275 847 S.
295 813 485 846 Francisco
503 813 657 856 Borgiae
684 814 887 857 praeposito
906 812 1066 856 generali
1092 813 1256 857 scripsit:
1288 813 1438 855 ⁷‚Alcuni
1461 824 1531 846 non
1558 814 1701 846 restano
1727 810 1901 844 ben’con-

127 866 228 906 tenti,
256 865 358 900 che'l
377 866 492 900 Padre
512 866 654 900 Canisio
680 866 738 900 nel
764 878 829 900 suo
855 866 1073 900 catechismo
1099 868 1156 900 tra
1182 866 1231 909 gli
1251 867 1402 910 precetti
1422 866 1516 900 della
1542 865 1664 899 chiesa
1687 876 1756 898 non
1783 875 1900 908 ponga

129 919 248 963 quello
274 919 331 953 del
356 930 470 964 pagar
494 918 528 952 16
546 919 694 953 decime.
729 919 818 953 Item
839 919 903 953 che
929 919 1012 953 nell'
1028 920 1221 953 Auemaria
1239 931 1307 953 non
1335 921 1369 953 ui
1392 919 1446 953 sia
1464 919 1547 964 quel
1566 918 1746 964 apendice,
1774 918 1901 951 sancta

128 972 242 1006 maria
268 984 329 1006 ora
355 983 418 1017 pro
436 972 538 1006 nobis
565 974 645 1006 .etc.
688 973 776 1006 Item
806 973 871 1006 che
897 984 966 1007 non
984 975 1094 1016 tenga
1120 972 1154 1007 la
1181 972 1288 1007 Salue
1314 973 1458 1017 regina;
1485 973 1550 1007 che
1577 984 1640 1017 per
1658 971 1775 1015 questi
1802 970 1900 1015 paesi

128 1037 214 1070 pare
240 1024 525 1060 inconueniente.
576 1025 732 1060 Sarebbe
758 1026 884 1067 buono,
911 1025 977 1060 che
1002 1026 1037 1060 la
1066 1027 1102 1060 P.
1122 1026 1165 1061 V.
1194 1027 1390 1065 ordinasse,
1427 1026 1490 1060 che
1524 1038 1561 1060 se
1587 1026 1621 1060 ui
1659 1029 1900 1068 aggiungesse

129 1080 255 1122 queste
281 1090 374 1119 cose,
401 1090 501 1112 come
527 1078 557 1112 si
583 1081 766 1123 stampera
791 1080 884 1123 pii1.“
931 1079 1129 1124 Respondit
1148 1079 1186 1113 Ρ.
1207 1081 1358 1113 Ioannes
1377 1081 1553 1114 Polaticus
1571 1078 1760 1113 Societatis
1786 1089 1900 1112 secre-

127 1131 243 1165 tarius
269 1131 441 1165 mandatu
468 1132 620 1174 Borgiae
647 1132 760 1165 Roma
788 1133 841 1166 12.
862 1133 983 1166 Martii
1013 1133 1122 1167 1569:
1153 1132 1239 1175 „Nel
1268 1133 1512 1167 cathechismo
1539 1132 1597 1166 del
1622 1132 1661 1166 P.
1682 1131 1835 1171 Canisio‚
1862 1142 1901 1164 se

128 1185 159 1218 si
195 1184 341 1219 hauessi
376 1185 411 1218 di
445 1185 522 1219 fare
556 1197 649 1219 noua
685 1185 850 1226 editione,
877 1185 920 1220 V.
949 1186 990 1220 R.
1026 1187 1129 1230 potra
1163 1186 1220 1219 far
1254 1185 1474 1229 aggiongere
1511 1185 1594 1230 quel
1621 1185 1686 1219 che
1711 1185 1737 1219 li
1762 1195 1899 1222 manca,

126 1237 209 1272 nell⁷
225 1238 375 1272 orationi
404 1238 498 1272 della
523 1238 700 1272 madonna
727 1241 763 1272 et
788 1239 843 1272 far
869 1238 1047 1272 mentione
1074 1238 1108 1272 di
1135 1239 1302 1272 decinie.“

248 1290 348 1332 Quod
374 1292 418 1325 ad
438 1290 620 1326 Canisium
647 1292 765 1336 ipsum
783 1292 924 1331 attinet,
951 1292 981 1326 is
1004 1303 1196 1336 nunquam,
1224 1293 1317 1336 quod
1336 1292 1499 1336 equidem
1519 1291 1642 1332 sciam,
1671 1292 1901 1326 decumarum

129 1344 343 1379 solutionem
369 1345 572 1390 praeceptis
599 1345 772 1379 ecclesiae
798 1346 834 1379 in
861 1345 1080 1380 catechismo
1107 1346 1244 1380 addidit
1261 1347 1278 1380 ¹.
1330 1345 1450 1379 Verba
1475 1348 1596 1379 autem
1629 1345 1710 1380 illa:
1749 1344 1902 1387 „Sancta

129 1398 254 1439 Maria,
281 1402 397 1432 mater
422 1398 499 1439 Dei,
526 1410 588 1432 ora
614 1411 677 1444 pro
702 1399 805 1432 nobis
832 1399 1090 1444 peccatoribus.
1141 1400 1275 1432 Amen“
1308 1398 1467 1442 (omissis
1494 1399 1634 1433 verbis:
1666 1410 1779 1440 „nunc
1804 1400 1841 1432 et
1865 1398 1899 1431 in

128 1451 217 1486 hora
253 1452 378 1486 mortis
412 1453 594 1496 nostrae“)
632 1464 701 1486 non
736 1452 850 1486 solum
888 1452 923 1486 in
963 1453 1171 1494 „Summae“
1211 1452 1417 1487 canisianae
1453 1452 1606 1486 editione
1644 1452 1829 1495 recognita
1867 1453 1903 1485 et

129 1504 349 1550 amplificata
378 1504 562 1548 (Coloniae
592 1506 692 1546 1566,
720 1505 744 1539 f.
765 1505 839 1548 30³)
869 1505 1051 1547 leguntur,
1078 1505 1141 1540 sed
1168 1506 1203 1539 in
1230 1506 1307 1550 ipsa
1342 1506 1412 1540 iam
1440 1506 1598 1539 eiusdem
1627 1505 1781 1539 editione
1808 1504 1901 1549 prin-

129 1558 218 1603 cipe,
245 1570 275 1593 a.
305 1558 396 1592 1555
421 1558 654 1592 Vindobonae
680 1559 716 1592 in
742 1558 857 1592 lucem
887 1559 1037 1599 emissa;
1065 1559 1152 1593 item
1178 1559 1215 1593 in
1241 1559 1395 1593 editione
1422 1571 1453 1593 a.
1483 1559 1574 1593 1560
1602 1558 1767 1592 Coloniae
1793 1558 1902 1598 facta,

128 1612 164 1644 in
195 1611 333 1653 „Parvo
361 1611 587 1646 Catechismo
615 1611 898 1646 Catholicorun1“
930 1623 961 1646 a.
992 1611 1079 1646 1561
1109 1611 1341 1646 Vindobonae
1379 1613 1473 1646 edito
1505 1615 1572 1646 etc.
1603 1612 1902 1655 (Brawzsberyer,

129 1664 211 1698 Kat.
231 1664 310 1708 88),
339 1665 435 1707 item,
461 1667 502 1698 ut
519 1668 662 1710 praeter
680 1665 811 1699 latinas
830 1664 939 1699 hasce
958 1665 1132 1699 editiones
1151 1666 1395 1708 germanicam
1416 1677 1556 1709 quoque
1575 1676 1714 1710 ponam,
1742 1665 1778 1698 in
1799 1663 1903 1698 Cate-

130 1718 257 1752 chismi
286 1718 424 1762 (medii)
452 1718 606 1752 editione
631 1719 739 1753 tertia
765 1731 796 1753 a.
818 1719 909 1752 1564
935 1730 998 1763 per
1023 1715 1206 1753 Canisium
1232 1719 1350 1764 ipsum
1378 1718 1544 1762 Dilingae
1571 1721 1696 1753 curata
1726 1718 1832 1761 (Can.
1851 1717 1902 1751 IV

134 1771 253 1813 1015).
304 1772 459 1805 Michael
484 1773 587 1806 Polclt
613 1771 647 1806 S.
674 1772 707 1806 J.
743 1772 779 1805 in
815 1771 957 1815 collegii
992 1772 1272 1806 vindobonensis
1298 1771 1474 1806 *Litteris
1509 1773 1654 1812 annuis,
1690 1771 1903 1805 Vindobona

131 1825 186 1859 30.
206 1823 426 1869 Septembris
448 1826 536 1859 1569
564 1826 677 1860 datis:
708 1825 957 1868 „Instituimus
983 1825 1018 1859 in
1037 1824 1184 1870 Templo
1207 1828 1329 1860 nostro
1356 1825 1628 1860 catechisticum
1656 1824 1899 1859 exe1·citium.“

131 1878 236 1912 Initio
275 1878 446 1923 puerulus
484 1878 614 1923 aliquis
653 1891 692 1922 „e
729 1880 913 1923 superiore
951 1878 1048 1913 loco“
1087 1879 1284 1913 orationem
1323 1879 1536 1913 dominicam
1576 1881 1612 1913 et
1649 1878 1903 1913 salutationem

133 1931 334 1975 angelicam
359 1932 475 1973 „clara
494 1944 582 1966 voce
608 1932 762 1974 inchoat,
789 1932 884 1966 hunc
909 1935 1083 1976 tanquam
1101 1935 1370 1977 praecentorem
1388 1933 1552 1977 sequitur
1578 1933 1683 1967 turba
1701 1943 1904 1977 puerorum,

132 1996 174 2019 ac
200 1985 400 2030 puellarum
428 2012 436 2020 .
456 2012 463 2020 .
483 2012 490 2021 .
518 1986 646 2020 Patres
672 1997 714 2020 ac
740 1989 875 2020 matres
911 1986 1069 2020 familias
1098 1986 1206 2030 (quod
1242 1986 1432 2030 aliquoties
1467 1986 1538 2020 iam
1572 1986 1641 2030 ipsi
1667 1985 1839 2029 vidimus)
1868 1985 1904 2018 in

131 2039 285 2083 priuatis
311 2039 474 2073 domibus
500 2039 648 2073 eundem
677 2039 800 2074 orandi
836 2039 989 2081 modum,
1026 2043 1110 2073 ante
1146 2042 1288 2084 etpost
1322 2040 1523 2084 prandium,
1559 2040 1636 2074 siue
1672 2051 1819 2074 coenam
1846 2038 1904 2072 ob-

132 2094 289 2127 seruant.
312 2120 318 2126 .
339 2119 346 2127 .
366 2119 374 2126 .
409 2092 483 2127 Nec
509 2093 688 2127 omittitur
705 2093 885 2138 appendix
910 2092 972 2127 illa
991 2092 1169 2127 catholica
1195 2093 1377 2136 germanis
1395 2093 1542 2128 auribus
1561 2093 1720 2137 alioquin
1746 2093 1903 2132 insueta;

133 2145 265 2180 Sancta
291 2145 446 2179 MARIA
482 2149 597 2180 mater
623 2146 699 2187 Dei,
735 2158 796 2181 ora
831 2159 895 2192 pro
930 2147 1032 2181 nobis
1066 2146 1366 2191 peccatoribus“2
1395 2147 1456 2191 (ex
1492 2146 1656 2192 exemplo
1687 2146 1904 2191 archetypo;

133 2200 175 2234 G.
195 2200 260 2245 Ep.
279 2200 310 2233 X
338 2200 360 2234 f.
381 2199 447 2243 3³).

134 2313 272 2351 1033
300 2315 377 2349 sive
404 2313 514 2349 litt.
534 2313 673 2360 (28).
713 2315 743 2350 7.
762 2314 928 2351 Ianuarii
954 2314 1048 2351 1569.

254 2375 309 2409 Ex
335 2373 569 2419 autographo.
622 2374 663 2409 G.
683 2375 747 2420 Ep.
766 2375 799 2408 X
825 2375 849 2410 f.
871 2376 950 2410 136.

258 2435 455 2477 Canisimn,
489 2435 528 2467 ηἰ
556 2435 812 2468 Cenum-imum
837 2436 1117 2477 refectandarum
1144 2436 1264 2469 labore
1290 2436 1469 2479 liberetur,
1502 2436 1744 2479 collapsurum
1763 2441 1908 2479 putant.

258 2548 267 2568 ¹
294 2547 407 2580 Erant
433 2546 493 2591 qui
520 2547 690 2588 dicerent,
716 2549 909 2592 praecepta
935 2547 1109 2582 ecclesiae
1135 2547 1290 2593 primum
1316 2560 1380 2593 per
1399 2547 1580 2582 Canisium
1607 2548 1643 2582 in
1670 2548 1908 2583 catechismos

134 2601 281 2635 inducta
307 2611 398 2635 esse.
440 2600 509 2635 Sed
536 2599 586 2634 Dr
611 2601 759 2643 Hafhzer
784 2601 1057 2642 demonstravit,
1084 2613 1126 2635 ea
1151 2601 1222 2635 iam
1249 2603 1333 2636 ante
1358 2601 1542 2636 saeculum
1569 2601 1665 2636 XVI.
1695 2605 1731 2636 et
1756 2602 1908 2637 collecta

136 2657 172 2689 et
198 2654 307 2698 vulgo
333 2653 516 2698 proposita
542 2665 640 2694 esse;
678 2653 861 2688 Canisium
894 2656 1014 2688 tamen
1048 2666 1090 2688 ea
1123 2654 1344 2699 planioribus
1379 2655 1500 2689 verbis
1536 2657 1571 2689 et
1606 2655 1804 2690 ordinatius
1832 2668 1909 2701 pro-

136 2708 316 2754 posuisse:
357 2707 442 2750 „Die
476 2707 629 2748 klarere,
665 2707 860 2750 geordnete
891 2707 1165 2751 Formulierung
1200 2708 1249 2742 ist
1283 2709 1348 2742 auf
1372 2707 1537 2743 Canisius
1573 2709 1906 2744 zuriickzufuhren‘*

143 2762 227 2805 (Zur
246 2760 463 2795 Geschichte
490 2761 552 2794 der
569 2760 870 2804 Kirchengebote,
898 2761 933 2795 in
956 2761 1236 2805 „Theologische
1254 2761 1555 2804 Quartalschrift“
1577 2762 1721 2804 LXXX,
1749 2762 1909 2798 Ravens-

136 2816 229 2858 burg
257 2814 358 2855 1898,
386 2814 547 2848 99—131
576 2814 794 2855 276—295).

256 2868 270 2889 2
295 2868 335 2901 In
366 2868 522 2910 „Libello
548 2867 789 2911 Agendarum,
822 2868 1019 2902 secundum
1054 2867 1242 2912 antiquum
1269 2880 1374 2902 vsum
1400 2868 1699 2913 Metropolitanae
1726 2870 1910 2905 Ecclesiae

136 2921 444 2964 Salisburgensis‘
473 2920 573 2955 iussu
599 2920 789 2955 Michaelis
815 2932 836 2954 a
862 2921 1060 2964 Kuenburg
1095 2921 1357 2966 archiepiscopi
1383 2921 1583 2966 Salisburgi
1609 2934 1640 2957 a.
1670 2923 1760 2958 1557
1796 2924 1911 2958 denuo

136 2986 269 3009 excuso
295 2974 447 3018 legitur:
487 2974 581 3016 „Das
607 2986 674 3008 aue
700 2974 827 3015 Maria,
863 2974 947 3008 oder
973 2974 1189 3018 Engelische
1216 2987 1334 3019 gruss,
1369 2975 1433 3010 Lu.
1464 2976 1493 3010 1.
1546 2975 1756 3020 GEgrusset
1787 2981 1912 3022 seyest

137 3028 184 3062 du
202 3027 327 3069 Maria,
355 3027 414 3061 vol
439 3028 614 3071 genaden,
641 3028 704 3061 der
723 3028 816 3062 Heri·
841 3028 890 3062 ist
911 3028 977 3062 mit
995 3028 1060 3070 dir,
1088 3028 1134 3062 du
1161 3028 1233 3063 bist
1252 3027 1507 3074 Gebenedeyet
1524 3032 1630 3063 vnter
1656 3030 1724 3064 den
1743 3031 1910 3072 weibern,

137 3082 210 3116 vnd
238 3081 494 3126 Gebenedeyet
519 3081 567 3115 ist
593 3081 648 3115 die
668 3081 802 3115 Fri'icht
828 3081 950 3116 deines
976 3081 1079 3123 leibs,
1106 3082 1215 3117 Jesus
1234 3081 1410 3124 Christus,
1438 3083 1575 3117 Amen“
1601 3084 1640 3127 (f.
1660 3083 1910 3128 23512—2362).
