2044 3335
691 91 803 126 Roma
830 92 886 126 26.
905 91 1091 126 Februarii
1119 90 1221 125 1569.
1758 91 1841 131 257

74 210 229 253 debbia
270 209 377 251 farsi
414 209 457 250 in
490 211 645 261 questa
678 211 816 262 parte,
860 211 904 251 et
935 222 1037 250 sara
1078 208 1160 249 ben
1199 220 1276 260 per
1307 206 1397 248 tale
1430 207 1579 248 effetto
1623 206 1846 248 consultar

75 276 104 317 li
138 275 301 318 dottori
333 274 374 316 di
407 288 486 315 sua
520 273 760 315 Prouincia.

193 339 363 389 Quanto
396 339 436 380 al
472 338 516 380 P.
543 337 729 390 Georgio
749 339 775 387 ¹,
810 338 861 380 V.
887 338 938 380 R.
961 337 1140 379 intenda
1173 336 1243 378 dal
1277 336 1323 379 P.
1353 336 1592 388 Gregori02
1625 349 1671 377 se
1704 335 1844 377 alcun’

76 419 178 447 cosa
209 407 265 446 ha
296 404 409 446 fatto
444 417 467 445 o
501 404 622 445 detto
655 403 734 444 che
766 417 850 444 non
884 402 1013 444 stessi
1035 403 1156 452 bene,
1191 401 1363 454 quando
1396 403 1532 443 stette
1564 400 1607 442 in
1631 402 1846 454 Augusta.

75 470 194 512 30010
227 469 282 512 N.
316 468 457 510 Padre
498 467 562 509 sia
603 466 787 517 auisato,
832 482 855 509 0
889 481 966 521 per
998 468 1155 509 lettere
1188 465 1230 507 di
1265 465 1314 507 V.
1350 465 1400 507 R.
1436 479 1459 506 0
1502 465 1570 507 del
1611 465 1846 507 medesimo

76 535 122 577 P.
158 533 381 587 Gregorio.
424 547 509 574 non
541 532 599 574 mi
632 546 759 586 posso
793 532 1022 574 estendere
1054 531 1098 573 in
1130 531 1242 573 altro
1285 531 1326 571 al
1368 532 1584 584 presente,
1628 544 1761 572 senon
1803 529 1846 571 in

75 598 430 642 raccomandarci
463 603 533 640 etc.
598 597 652 638 Di
684 597 823 639 Roma
855 597 885 638 li
919 599 973 639 26
1008 597 1049 638 di
1081 595 1265 638 Febraio
1300 597 1444 637 ,1569.

198 687 277 720 Una
303 697 383 719 cum
409 684 466 718 his
492 684 636 726 litteris,
672 686 712 717 ut
738 696 785 717 ex
810 684 899 728 ipsis
925 683 1160 727 intellegitur,
1198 682 1340 717 Canisio
1367 682 1500 716 missae
1532 684 1616 715 sunt
1642 681 1848 726 ÷÷epistulae

78 739 190 773 Roma
217 740 273 774 26.
303 738 485 773 Februarii
515 738 604 772 1569
641 749 661 771 3
688 737 845 771 Polanco
871 738 1043 772 mandatu
1070 737 1224 780 Borgiae
1259 735 1302 769 ad
1340 735 1380 769 P.
1407 735 1560 769 Paulum
1587 735 1776 769 Hoffaeum
1812 737 1848 769 et

78 793 122 827 ab
156 793 234 838 ipso
260 792 392 836 Borgia
428 792 472 826 ad
498 791 687 825 Albertum
705 790 748 824 V.
776 790 954 824 Bavariae
981 791 1107 824 ducem
1135 790 1260 829 datae:
1298 789 1465 823 Canisius
1492 791 1612 823 autem
1648 789 1768 823 iussus
1794 791 1850 822 est

77 848 268 890 utramque
304 845 497 890 epistulam
534 844 654 887 legere
690 847 726 878 et
752 855 845 887 quae
881 844 925 878 ad
953 843 1142 878 Hoffaeum
1169 842 1509 887 viceprovincialem
1545 842 1682 886 scripta
1717 844 1849 882 essent,

78 899 224 945 perinde
259 911 301 933 ac
336 899 366 933 si
403 899 447 933 ad
482 898 600 943 ipsum
628 897 814 931 Canisium
850 898 986 942 scripta
1012 899 1144 937 essent,
1180 897 1313 930 habere
1351 907 1464 939 eaque
1490 895 1550 929 vel
1576 895 1693 929 omnia
1720 895 1779 929 vel
1805 906 1851 929 ex

79 955 182 998 parte
201 952 360 997 exsequi.
396 951 514 993 Quare
540 951 734 996 praecipua
752 949 858 984 huius
878 950 1055 995 epistulae
1074 950 1194 994 capita
1213 949 1271 984 hic
1290 961 1401 994 pono:
1432 948 1462 982 Il
1484 949 1622 991 „Padre
1641 948 1785 983 Canisio
1801 976 1807 982 .
1823 974 1849 982 ..

80 1006 112 1040 ci
138 1006 240 1040 30153
344 1006 409 1040 0110
428 1005 470 1039 V.
491 1004 532 1038 R.
560 1004 595 1037 in
622 1004 677 1037 doi
707 1004 807 1044 mesi,
834 1016 904 1038 non
931 1003 1070 1037 haueua
1097 1003 1258 1038 riceuuto
1284 1002 1413 1036 lettere
1441 1003 1475 1036 di
1499 1002 1622 1044 Roma,
1651 1004 1686 1035 et
1712 1013 1779 1047 pur
1804 1001 1852 1035 lei

79 1060 206 1105 sappia
233 1060 297 1093 che
332 1060 362 1093 si
389 1062 407 1092 e
434 1058 560 1093 scritto
587 1057 729 1091 diuerse
755 1056 864 1098 uolte,
901 1057 1016 1091 dando
1052 1057 1085 1090 le
1111 1057 1240 1090 lettere
1275 1056 1309 1090 31
1337 1055 1553 1090 Cardinale³
1579 1067 1636 1090 ma
1662 1056 1760 1090 forsa
1786 1055 1852 1089 che

80 1125 151 1147 non
177 1113 210 1147 le
235 1113 366 1147 manda
392 1114 486 1146 tutte
512 1123 576 1156 per
601 1111 661 1144 uia
684 1111 717 1144 di
734 1110 887 1144 Venetia
914 1122 971 1144 ma
998 1111 1041 1144 de
1067 1110 1103 1144 la
1129 1113 1232 1155 posta
1259 1109 1316 1143 del
1335 1109 1586 1155 «1011101310104ι
1612 1109 1719 1154 quale
1746 1112 1764 1143 e
1792 1109 1852 1153 piu

81 1167 229 1200 incerta.
264 1166 333 1200 Fra
358 1165 392 1200 le
419 1166 511 1199 altre
538 1176 619 1199 cose
646 1164 677 1198 si
704 1170 787 1197 eraa
812 1165 939 1198 scritto
967 1164 1023 1198 doi
1050 1163 1157 1204 nolte,
1185 1163 1251 1197 0110
1269 1162 1312 1198 N.
1332 1163 1448 1197 Padre
1475 1163 1604 1197 uoleua
1630 1163 1853 1207 compiacere

82 1219 142 1254 alli
170 1219 311 1263 Signori
336 1219 505 1263 Fuggeri,
541 1220 675 1262 quanto
702 1217 736 1250 al
763 1217 929 1262 predicar
956 1216 991 1251 di
1010 1217 1053 1252 V.
1080 1216 1121 1251 R.
1150 1219 1171 1251 3
1197 1218 1300 1250 santo
1327 1216 1498 1251 Mauritio
1525 1217 1561 1250 in
1588 1218 1765 1260 Augusta,
1801 1215 1854 1249 in-

82 1272 181 1307 sin⁷a
206 1273 361 1317 Pasqua,
398 1284 456 1306 ma
491 1271 550 1315 gia
577 1271 642 1305 che
661 1270 703 1305 V.
732 1270 773 1304 R.
801 1270 936 1304 hauera
963 1271 1176 1304 cominciato
1212 1272 1233 1304 3
1268 1270 1325 1304 far
1350 1272 1480 1313 questo
1516 1270 1551 1303 in
1579 1269 1747 1314 Jsprueh,
1784 1280 1853 1302 non

83 1325 211 1360 credob
238 1338 320 1360 sara
354 1328 374 1360 3
409 1328 530 1370 tempo
565 1324 713 1365 1’30150,
750 1324 914 1358 andando
950 1325 1034 1369 pero
1071 1324 1096 1357 il
1131 1324 1172 1358 P.
1200 1322 1448 1357 Prouinciale⁵
1474 1323 1680 1357 haueranno
1716 1322 1852 1366 grande

82 1380 269 1414 occasione
296 1380 338 1413 de
365 1381 640 1414 contentarsene
666 1377 777 1422 quelli
804 1377 956 1420 Signori.
986 1405 993 1410 .
1011 1405 1040 1411 ..
1080 1377 1159 1411 Non
1186 1378 1371 1422 sappiamo
1398 1377 1488 1411 (1000
1515 1377 1545 1411 51
1571 1388 1679 1421 possa
1705 1376 1855 1410 mandat·

83 1432 108 1466 il
135 1433 173 1467 P.
194 1433 383 1467 Vincentio
410 1432 584 1475 Jnglese⁶
612 1443 674 1476 per
700 1433 805 1465 conto
833 1431 866 1464 di
893 1442 957 1465 sua
984 1431 1114 1471 sanita,
1151 1442 1220 1464 non
1247 1430 1412 1464 hauendo
1438 1430 1540 1464 10000
1567 1430 1695 1464 3100110
1730 1431 1764 1463 in
1792 1429 1853 1463 Jn-

84 1486 271 1530 ghilterra,
306 1498 350 1520 ne
377 1486 535 1531 sapendo
572 1485 637 1520 0110
664 1484 746 1518 0013
773 1484 953 1518 Jnferiore
981 1483 1175 1518 Germania
1211 1483 1241 1518 si
1268 1486 1413 1517 trouara
1439 1483 1583 1526 meglio,
1619 1483 1712 1517 oltra
1739 1483 1803 1517 che
1830 1483 1856 1517 li

83 1540 268 1584 patiscono
295 1551 384 1583 gran
412 1540 562 1584 pouerta
587 1538 659 1573 3113
684 1538 790 1582 quale
818 1549 887 1571 non
905 1549 944 1571 se
963 1549 1195 1580 conuengono
1221 1537 1332 1571 simili
1350 1537 1437 1582 pesi,
1465 1537 1496 1571 si
1523 1537 1588 1571 0110
1614 1539 1632 1570 e
1651 1536 1855 1571 necessario

84 1593 257 1627 l'aiutino
283 1594 365 1627 0013
391 1605 457 1627 503
476 1592 667 1627 Prouincia
694 1603 793 1625 come
812 1590 945 1634 meglio
972 1592 1002 1625 si
1029 1594 1144 1636 potra.
1179 1590 1292 1624 Molto
1319 1591 1350 1624 01
1378 1590 1497 1634 obliga
1524 1590 1558 1624 13
1585 1590 1724 1624 charita
1751 1590 1794 1623 de
1821 1590 1856 1623 la

85 1645 236 1690 Signora
250 1647 383 1681 Vrsula
410 1649 445 1680 et
472 1646 528 1680 del
555 1645 684 1688 Signor
703 1644 817 1679 Gioan
835 1644 1012 1687 Fuggero,
1040 1643 1137 1688 quali
1164 1643 1234 1677 han
1261 1643 1384 1678 uoluto
1412 1644 1496 1677 dare
1523 1646 1624 1678 tanto
1652 1644 1720 1677 bon
1746 1643 1854 1683 311110,

85 1711 149 1745 per
174 1700 209 1734 13
231 1702 355 1734 nostra
375 1699 504 1734 Chiesa
523 1700 557 1733 di
576 1699 700 1733 Roma.
810 1698 914 1732 Circa
940 1698 975 1732 13
1001 1709 1154 1743 persona
1180 1697 1245 1731 che
1271 1699 1383 1731 tratti)
1410 1697 1444 1731 di
1471 1700 1599 1741 questa
1626 1697 1856 1736 elemosina⁷‚

88 1765 125 1787 50
151 1753 246 1787 tiene
273 1753 315 1787 V.
340 1753 381 1788 R.
409 1753 536 1787 310000
564 1764 646 1786 0050
673 1752 708 1786 10
735 1752 963 1797 particolare,
991 1751 1083 1785 delle
1111 1751 1209 1795 quali
1236 1751 1438 1794 conuenghi
1465 1751 1529 1784 dar
1554 1751 1664 1792 30150,
1692 1751 1725 1785 10
1752 1751 1810 1785 dia
1837 1752 1857 1784 3

84 1807 127 1841 N.
155 1807 270 1841 Padre
305 1809 341 1841 et
366 1807 479 1841 anche
515 1808 536 1840 3
570 1806 620 1840 101
655 1808 783 1843 stesso,
820 1805 962 1849 quando
998 1808 1033 1838 et
1060 1816 1158 1839 come
1186 1803 1318 1847 meglio
1354 1804 1378 1838 li
1414 1816 1553 1849 parera,
1590 1807 1626 1838 et
1651 1817 1720 1838 non
1748 1804 1857 1849 perda

85 1859 128 1894 V.
156 1860 197 1894 R.
224 1861 246 1894 l’
259 1861 377 1894 animo
403 1860 446 1894 de
473 1871 652 1904 gouel-nar
678 1862 714 1893 et
739 1859 859 1893 aiutar
886 1859 985 1892 detta
1012 1869 1174 1903 persona,
1211 1857 1342 1902 perche
1377 1858 1408 1892 si
1434 1858 1579 1901 giudioa
1614 1857 1680 1892 che
1706 1858 1753 1892 ha
1779 1859 1857 1891 fun-

85 1914 252 1948 damento
280 1915 313 1948 di
340 1914 433 1948 bona
460 1913 619 1955 uolunta,
656 1915 692 1946 et
719 1924 782 1958 per
808 1912 901 1946 farla
927 1912 1040 1946 andar
1066 1911 1184 1945 inanzi
1220 1912 1255 1944 in
1282 1911 1364 1955 ogni
1392 1912 1492 1954 bene,
1529 1912 1559 1945 si
1585 1911 1681 1946 tiene
1708 1914 1805 1946 certo
1832 1911 1857 1945 li

87 1967 238 2010 giouara
263 1969 324 2012 piu
361 1967 397 2002 la
425 1966 683 2001 demostration
720 1966 754 2000 di
791 1966 932 2000 charita
967 1968 1003 1999 et
1029 1965 1246 2004 confidenza,
1282 1965 1348 1999 che
1374 1964 1490 1999 alcun‘
1506 1965 1600 1999 altra
1626 1976 1720 2006 cosa,
1755 1965 1858 1999 salua

86 2032 228 2066 sempre
263 2021 298 2055 13
325 2022 498 2064 integi-ita
524 2021 604 2055 dela
631 2020 819 2054 uocatione
856 2023 891 2053 et
918 2020 1095 2053 instituto.
1125 2046 1131 2052 .
1154 2046 1159 2052 .
1180 2046 1187 2052 .
1224 2018 1292 2052 Del
1319 2018 1470 2061 collegio
1497 2019 1562 2053 0110
1589 2019 1755 2063 uogliono
1782 2020 1859 2053 fare

87 2074 197 2118 quelli
224 2074 365 2118 Signori
402 2074 496 2108 della
522 2073 673 2108 Familia
700 2074 867 2117 Fuggera
881 2073 903 2114 ⁸,
940 2072 971 2107 si
1007 2075 1025 2106 e
1051 2073 1178 2107 scritto
1205 2072 1319 2106 anche
1355 2074 1376 2106 3
1402 2072 1486 2114 1010,
1523 2072 1702 2107 laudando
1737 2072 1763 2106 il
1789 2073 1857 2106 bon

87 2128 205 2162 animo
240 2128 305 2162 che
331 2131 498 2172 tengono,
535 2131 571 2161 et
604 2127 812 2161 mostrando
849 2127 891 2160 de
927 2129 1029 2170 parte
1065 2125 1146 2159 dela
1172 2126 1394 2170 Compagnia
1429 2126 1522 2160 bona
1548 2126 1698 2160 uolunta
1733 2126 1767 2160 di
1802 2138 1858 2159 ac-

88 2181 238 2215 00113110
266 2184 302 2215 et
329 2181 504 2226 proueder
529 2181 562 2214 di
590 2183 698 2224 gente
725 2180 867 2224 quando
893 2180 947 2214 513
974 2179 1066 2214 fatto
1080 2180 1102 2214 ⁹.
1215 2179 1281 2212 Del
1301 2179 1342 2213 D.
1359 2178 1516 2213 Thomas
1533 2179 1641 2222 gallo,
1669 2179 1707 2212 fu
1733 2179 1860 2213 scritto

89 2235 154 2269 che
189 2236 219 2270 si
253 2235 438 2269 mandassi
473 2234 554 2268 0013
580 2234 771 2268 Prouincia
806 2234 841 2267 di
868 2233 1027 2274 Austria,
1064 2236 1100 2267 et
1125 2233 1239 2267 anche
1273 2234 1293 2266 3
1319 2233 1369 2266 101
1395 2235 1524 2274 stesso,
1560 2233 1599 2266 fu
1626 2233 1762 2266 drizato
1789 2243 1860 2266 una

88 2288 229 2330 lettera,
265 2291 301 2323 et
327 2290 366 2322 su
393 2289 475 2322 dato
502 2288 602 2322 auiso
628 2288 663 2322 al
691 2287 916 2322 Prouinciale
944 2287 978 2320 di
1005 2287 1205 2321 Austria¹⁰.
1244 2286 1292 2320 dil
1323 2287 1509 2331 predicare
1536 2287 1571 2320 in
1597 2298 1661 2320 suo
1697 2286 1798 2320 10000
1834 2285 1859 2319 11

88 2342 129 2377 Ρ.
157 2342 311 2386 Georgio
327 2343 353 2362 ¹¹
379 2343 414 2376 in
442 2341 642 2383 Monachio,
678 2341 826 2375 facciasi
853 2353 953 2375 come
980 2340 1110 2384 meglio
1138 2340 1162 2373 li
1189 2351 1317 2384 parera
1344 2340 1378 2373 in
1406 2340 1546 2373 domino
1583 2340 1617 2373 al
1644 2339 1683 2374 P.
1711 2339 1858 2373 Prouin-

89 2396 179 2430 ciale
206 2398 242 2430 et
268 2398 288 2430 3
313 2396 356 2431 V.
376 2396 416 2430 R.
442 2395 539 2439 quali
565 2395 596 2429 si
622 2394 828 2428 haueranno
855 2396 876 2428 3
901 2393 1082 2428 rioordare
1109 2393 1143 2427 di
1171 2393 1290 2438 quello
1317 2393 1382 2427 che
1409 2393 1455 2427 ha
1482 2394 1608 2427 scritto
1634 2392 1677 2427 N.
1703 2392 1818 2426 Padre
1835 2392 1859 2412 ¹2

88 2449 114 2483 il
141 2449 206 2483 che
232 2461 301 2483 non
327 2449 433 2483 credo
459 2449 513 2483 sia
540 2449 718 2482 contrario
744 2449 865 2481 niente
893 2449 913 2481 3
940 2450 1079 2492 questo.
1191 2447 1336 2481 Hauera
1363 2447 1470 2481 charo
1497 2447 1539 2481 N.
1559 2446 1675 2480 Padre
1702 2446 1858 2480 &inten-

90 2503 173 2537 dere
199 2503 229 2537 si
257 2505 275 2537 0
302 2514 385 2536 0010
413 2502 478 2536 0110
505 2502 529 2535 11
555 2502 596 2536 P.
617 2502 777 2542 Peltano,
806 2513 825 2535 o
852 2501 958 2535 alcun
985 2502 1078 2535 altro
1105 2500 1175 2534 deli
1201 2501 1316 2534 nostri
1336 2500 1366 2534 d'
1379 2499 1546 2545 ὲ1511110011,
1574 2499 1705 2533 habbia
1732 2499 1859 2534 scritto

209 2587 235 2617 a)
258 2587 317 2610 Hoc
337 2594 360 2610 v.
381 2593 475 2617 supra
497 2592 609 2609 versum
631 2584 773 2615 scriptum
794 2587 845 2608 est.
921 2582 951 2613 b)
973 2583 1007 2607 In
1029 2590 1076 2614 ap.
1097 2590 1170 2607 corr.
1191 2590 1227 2606 es
1247 2588 1330 2614 pare.

213 2718 223 2737 ¹
250 2716 475 2757 Schorichio;
505 2728 536 2750 v.
564 2726 673 2760 supra
700 2726 732 2759 p.
760 2713 856 2747 2484.

209 2771 222 2791 ²
249 2771 288 2805 P.
317 2770 513 2814 Gregorius
540 2769 720 2802 Roseffius
747 2768 873 2801 domus
901 2767 1127 2809 augustanae
1154 2766 1316 2810 superior
1343 2768 1431 2800 erat.

212 2826 224 2845 ³
249 2825 462 2859 Truchsess.
608 2824 620 2842 4
648 2820 886 2855 Maximiliani
914 2820 958 2854 II.
1107 2820 1120 2838 ⁵
1147 2819 1324 2854 Canisius.

211 2879 224 2898 ⁶
250 2878 386 2912 Pouuel
413 2878 491 2912 sive
519 2875 674 2911 Powell:
703 2875 748 2909 cf.
772 2876 859 2908 Can.
879 2874 928 2907 lV
948 2873 1044 2913 648⁶,
1072 2876 1108 2906 et
1134 2884 1244 2918 supra
1269 2885 1303 2918 p.
1323 2872 1402 2908 218.

213 2933 225 2952 '⁴
252 2933 291 2967 P.
320 2931 497 2975 Georgius
523 2929 753 2964 Schorichius
781 2939 859 2961 eam
886 2927 1100 2969 collegerat;
1129 2938 1163 2961 v,
1191 2938 1300 2971 supra
1326 2938 1359 2971 p.
1387 2926 1455 2961 248
1483 2926 1563 2961 251.

214 2987 226 3006 ⁸
252 2985 451 3028 Collegium
479 2986 719 3027 augustanum
748 2982 845 3016 dicit.
992 2982 1004 3000 ⁹
1032 2980 1122 3014 Vide
1147 2991 1257 3025 supra
1283 2992 1316 3024 p.
1335 2981 1414 3014 249.

199 3040 227 3060 1⁰
252 3039 291 3073 P.
319 3038 512 3072 Laurentio
538 3037 671 3080 Magio.
724 3036 776 3070 De
804 3034 908 3069 Gallo
936 3046 969 3068 v.
996 3045 1105 3078 supra
1131 3045 1164 3078 p.
1184 3035 1250 3068 241
1280 3034 1349 3069 250
1375 3034 1455 3069 252.

201 3093 227 3113 ¹¹
254 3092 471 3127 Schorichio.
621 3091 647 3111 ¹2
674 3090 763 3124 Vide
790 3099 899 3133 supra
926 3100 958 3132 p.
978 3087 1178 3122 241—243.

164 3155 475 3189 Braunsberger.
496 3155 608 3181 Canisii
627 3153 783 3188 Epistulae
805 3153 836 3178 et
856 3152 941 3178 Aeta.
971 3151 1021 3179 VI.
1535 3147 1574 3181 17
