2044 3335
141 76 224 118 250
381 76 481 110 1610.
509 75 673 110 Canisius
700 75 733 110 S.
753 75 943 110 Francisco
970 75 1133 119 Borgiae.
1185 76 1384 122 Oeniponte
1411 78 1443 112 3.
1462 78 1563 113 Febr.
1586 79 1686 114 1569.

139 206 265 245 posse
298 192 348 234 D.
385 192 586 234 Paulum:
629 192 702 234 ille
744 207 846 235 uero
889 196 1059 247 tempus
1101 193 1238 247 exigit
1275 195 1459 248 longius,
1502 210 1585 249 quo
1628 196 1899 239 contionetur

138 256 250 298 idem
274 257 325 299 D.
353 257 510 299 Paulus
542 257 586 298 in
617 258 836 311 parochia,
871 260 914 300 et
946 258 1114 300 interea
1147 259 1198 300 de
1231 274 1480 302 successore
1513 261 1603 303 eius
1629 261 1672 303 in
1695 261 1901 304 cathedra

138 324 287 375 sperat
318 321 537 375 prouideri
569 336 709 376 posse.
754 323 914 364 Verum
948 323 1029 364 hac
1062 323 1113 365 de
1146 337 1192 365 re
1224 327 1394 366 tantum
1428 325 1518 378 egit
1540 326 1760 367 nobiscum
1784 326 1900 380 prin-

140 399 240 439 ceps
273 400 350 439 per
381 386 736 436 Cancellarium1‚
771 387 883 429 sicut
915 390 959 429 et
992 387 1044 429 de
1077 388 1257 441 collegio
1284 389 1495 439 Hallensi,
1529 389 1631 431 nihil
1666 404 1767 432 uero
1801 404 1900 432 con-

139 451 304 492 clusum
347 453 415 493 est
448 451 672 495 hactenus,
736 452 783 494 P.
818 452 977 494 Paulus
1018 454 1172 506 postea
1213 453 1372 496 scribet
1412 454 1572 506 aliquid
1606 455 1778 505 certius,
1822 468 1902 508 ego

138 515 236 557 hinc
268 515 513 568 Augustam
546 516 671 558 hodie
703 518 837 570 statuj
872 517 1081 570 proficisci
1115 518 1297 560 Domino
1332 518 1578 561 adiuuante.

257 580 468 633 Jgnoscat
501 581 603 623 mihi
638 582 682 624 P.
718 582 765 624 T.
801 582 938 634 quoda
971 581 1079 624 citra
1111 596 1275 624 moram
1309 583 1560 636 longiorem,
1601 598 1711 637 quae
1743 585 1902 628 multos

137 645 179 687 in
214 645 441 687 discrimen
474 647 730 696 adducebat,
775 647 955 689 liberaui
987 647 1033 690 P.
1068 647 1275 689 Lanoium
1309 648 1570 691 Rectoratus
1604 663 1745 699 onere,
1790 650 1902 702 quod

136 711 299 753 inuitus
332 714 376 753 et
409 725 504 753 cum
538 712 720 754 aliorum
754 712 998 755 tentatione
1031 712 1241 755 hactenus
1263 713 1336 755 ille
1358 714 1613 756 sustinebat.
1661 714 1902 757 Jnstitutus

139 779 206 819 est
237 776 322 818 iam
346 776 508 819 Rector
530 790 556 818 a
577 791 645 818 me
668 777 719 819 D.
745 777 920 827 Paulus,
955 777 1026 830 qui
1058 778 1347 820 necessariam
1381 778 1478 820 huic
1509 779 1690 832 collegio
1714 779 1901 832 quietem

140 844 184 884 et
215 841 543 883 renouationem
578 842 762 891 adferet,
807 842 976 895 eritque
1009 842 1134 884 simul
1168 843 1222 885 ad
1255 843 1416 897 pascha
1449 858 1584 897 usque
1616 844 1902 887 contionator.

140 907 333 960 Optabat
355 906 466 948 hanc
489 920 659 960 quoque
682 907 967 949 mutationem
991 907 1158 961 Regina
1170 909 1199 958 2,
1224 908 1336 961 quod
1360 922 1415 950 ex
1432 908 1592 951 nostris
1611 913 1903 962 cognosceret,

139 972 184 1014 P.
219 971 427 1013 Lanoium
468 986 552 1013 non
595 972 702 1014 satis
736 974 885 1026 aptum
920 985 1013 1014 esse
1046 972 1349 1026 gubernationi
1382 976 1426 1015 et
1458 974 1521 1015 rei
1553 973 1757 1016 familiari
1794 975 1902 1017 bene

139 1036 521 1078 administrandae.

259 1101 442 1155 Scripsit
474 1103 524 1144 D.
549 1102 708 1144 Paulus
741 1102 796 1144 ad
828 1102 876 1145 P.
910 1102 957 1145 T.
993 1102 1044 1144 de
1076 1102 1127 1144 D.
1163 1102 1327 1144 Thoma
1361 1103 1485 1145 Gallo
1517 1103 1614 1145 hinc
1646 1104 1902 1154 reuocando,

140 1166 314 1221 scripsit
355 1169 399 1208 et
439 1166 533 1220 ipse
575 1168 626 1209 de
668 1168 876 1209 mutanda
918 1167 1146 1221 prouintia.
1211 1167 1333 1221 Rogo
1376 1171 1425 1210 vt
1467 1168 1727 1211 exaudiatur
1762 1169 1904 1220 isthic,

141 1234 185 1274 et
227 1231 541 1286 quamprimum
576 1232 756 1274 Romam
800 1235 1018 1284 euocetur,
1061 1232 1133 1274 ubi
1168 1232 1395 1275 Germanis
1437 1247 1559 1275 suam
1592 1233 1695 1275 dare
1728 1248 1903 1288 operam

139 1297 313 1351 poterit,
356 1297 493 1350 ijsque
525 1297 841 1340 tentationibus
873 1298 1001 1340 facile
1033 1297 1300 1348 liberabitur,
1344 1311 1451 1351 quas
1483 1298 1590 1340 haec
1621 1301 1773 1341 nostra
1804 1314 1903 1353 pro-

140 1362 277 1405 uintia
319 1363 479 1404 multas
523 1362 585 1404 illi
627 1362 890 1417 suppeditat,
934 1366 977 1405 et
1019 1363 1061 1404 in
1104 1362 1257 1416 quibus
1298 1362 1360 1404 illi
1400 1377 1487 1405 non
1519 1377 1746 1417 possumus
1779 1378 1902 1418 opem

141 1428 312 1469 adferre
326 1429 354 1469 3.

261 1493 476 1546 Scriptum
511 1492 642 1535 etiam
676 1493 802 1534 audio
837 1493 888 1534 de
920 1493 966 1536 P.
1001 1492 1261 1543 Schoricffio,
1301 1507 1425 1546 quem
1460 1493 1572 1535 serio
1604 1493 1741 1536 literis
1774 1493 1819 1536 P.
1854 1494 1902 1537 T.

143 1557 458 1600 admonendum
482 1561 600 1612 puto,
625 1561 674 1601 ut
697 1557 868 1599 omnino
890 1558 1041 1600 redeat
1059 1558 1112 1600 ad
1130 1557 1380 1600 cathedram
1399 1558 1567 1612 collegij
1587 1558 1904 1601 Monachiensis

141 1625 240 1677 post
281 1623 509 1677 paschales
552 1623 726 1674 ferias4,
769 1626 818 1665 ut
858 1625 1088 1677 praeterea
1129 1637 1175 1665 se
1217 1623 1356 1665 minus
1388 1623 1615 1666 inmisceat
1648 1624 1798 1666 aulicis
1830 1638 1904 1666 ne—

141 1688 285 1741 gotijs,
325 1688 369 1729 in
402 1688 556 1741 quibus
588 1688 733 1730 nescio
767 1688 993 1741 quomodo,
1034 1702 1116 1730 non
1150 1688 1242 1730 sine
1275 1689 1455 1730 aliorum
1488 1688 1649 1730 inuidia
1682 1692 1726 1731 et
1758 1703 1904 1743 repre-

141 1753 359 1803 hensione,
404 1754 638 1796 uolutatur.
704 1753 895 1796 Salutari
936 1753 1022 1795 iam
1056 1753 1199 1807 coepit
1231 1753 1393 1804 doctor,
1436 1753 1600 1795 aulicus
1633 1753 1904 1796 contionator

141 1821 185 1859 et
224 1817 501 1860 Consiliarius
543 1818 768 1872 Principis,
810 1818 870 1860 sic
913 1818 1025 1860 enim
1059 1833 1084 1860 a
1117 1819 1234 1860 Duce
1275 1818 1368 1872 ipso
1411 1822 1705 1872 nuncupatur,
1751 1822 1902 1872 estque

140 1886 299 1925 natura
320 1882 429 1924 liber
462 1886 505 1925 et
536 1897 745 1937 praeceps
778 1884 833 1925 ad
864 1884 1097 1926 tractanda
1130 1883 1357 1933 secularia,
1392 1884 1508 1925 nullo
1542 1884 1674 1926 etiam
1707 1884 1903 1927 consulto

140 1948 373 2000 superiore,
418 1948 528 1990 citra
570 1947 690 1990 cuius
732 1948 987 1991 facultatem
1029 1948 1115 1990 iam
1157 1949 1298 2002 coepit
1340 1949 1470 1990 Ducis
1513 1948 1743 1990 Guilhelmi
1784 1949 1903 1991 esseb

140 2012 453 2054 Confessarius.
509 2013 602 2054 Hoc
634 2027 742 2055 onus
774 2013 816 2054 in
849 2013 980 2055 alium
1014 2027 1094 2066 ego
1128 2027 1327 2067 cuperem
1360 2013 1565 2056 reiectum
1600 2027 1694 2055 esse
1726 2017 1905 2068 propter

259 2100 286 2129 a)
307 2100 352 2124 Ita
373 2100 401 2123 C.
422 2099 551 2123 correxit
571 2107 607 2124 ea:
626 2099 661 2125 si.
735 2099 765 2130 b)
788 2100 927 2131 Sequitur
946 2099 1151 2130 continuator,
1171 2108 1187 2124 a
1210 2100 1238 2124 C.
1259 2100 1348 2124 oblitt.

263 2215 338 2248 1ΙΙ]
370 2214 597 2258 „Regimine“
629 2215 799 2249 Austriae
838 2216 1033 2260 superioris
1071 2215 1230 2250 officium
1269 2216 1475 2250 cancellarii
1514 2228 1628 2260 usque
1667 2217 1712 2250 ad
1750 2228 1782 2250 a.
1812 2217 1901 2251 1579

138 2268 285 2302 tenebat
311 2268 590 2313 Christophorus
617 2268 789 2303 Klockler
817 2269 1018 2312 (Klekler);
1052 2281 1087 2303 V.
1113 2270 1225 2313 Ha'rn,
1259 2269 1360 2304 Ferd.
1387 2270 1431 2304 II.
1459 2270 1473 2303 1
1498 2270 1588 2310 463;
1628 2270 1713 2304 Can.
1739 2270 1791 2304 ΙΙΙ
1821 2270 1903 2305 169²

140 2321 226 2362 339:
255 2320 304 2354 lV
332 2321 399 2355 947
427 2324 496 2356 etc.

259 2375 271 2394 ²
296 2375 524 2418 Magdalena.

259 2430 270 2448 ³
296 2429 471 2471 Hoffaeus
496 2428 649 2471 Borgiae
675 2429 841 2471 Augusta
870 2429 923 2463 17.
943 2427 1151 2463 Decembris
1173 2429 1262 2463 1568
1289 2428 1481 2474 *scripsitz
1514 2429 1575 2471 ,D.
1590 2428 1746 2462 Thomas
1772 2428 1902 2463 dicitur

138 2481 299 2525 proxime
326 2481 389 2514 vix
415 2484 494 2515 octo
529 2481 711 2516 auditores
746 2481 915 2516 habuisse
950 2482 986 2515 in
1012 2482 1180 2515 concione
1207 2481 1408 2527 Monachij:
1437 2510 1444 2516 .
1466 2510 1471 2515 .
1494 2510 1499 2516 .
1528 2483 1646 2526 coepit
1677 2482 1784 2515 etiam
1820 2493 1900 2516 cum

138 2533 385 2568 Monachiensi
411 2534 563 2568 Rectore
591 2533 645 2578 [P.
665 2534 850 2568 Dominico
877 2534 1063 2579 Mengino]
1091 2537 1228 2569 certare
1255 2535 1309 2569 vti
1334 2535 1409 2569 fere
1435 2534 1621 2578 Dilingae:
1649 2535 1757 2568 miras
1784 2535 1902 2568 adfert

138 2586 280 2629 glossas
307 2598 394 2620 suae
421 2587 632 2629 vocationis,
669 2587 820 2631 vultque
853 2587 972 2622 facere
999 2588 1092 2631 quod
1126 2588 1202 2632 ipse
1228 2588 1363 2622 iudicat
1389 2588 1432 2622 ad
1459 2588 1629 2622 maiorem
1656 2587 1721 2632 Dej
1750 2587 1899 2631 gloriam

139 2650 228 2679 esse,
254 2651 321 2673 non
350 2640 442 2683 quod
469 2640 569 2674 iubet
587 2640 788 2675 obedientia
814 2641 845 2674 si
863 2652 943 2674 cum
970 2641 1047 2685 ipso
1066 2641 1159 2675 idem
1178 2653 1247 2674 non
1266 2641 1419 2675 sentiat“
1443 2640 1506 2684 (ex
1524 2643 1683 2683 autogr.;
1712 2640 1752 2674 G.
1769 2640 1833 2684 Ep.
1852 2639 1899 2674 IX

139 2693 163 2726 f.
193 2692 303 2734 1402).

257 2747 269 2764 ⁴
296 2745 507 2780 Laudishuti
546 2758 665 2780 coram
703 2746 893 2781 Guilielmo
929 2746 1088 2792 principe
1127 2747 1309 2781 contiones
1344 2746 1675 2790 quadragesimales
1712 2746 1901 2780 habiturus

138 2800 214 2831 erat
242 2798 377 2841 (Dum,
407 2799 481 2832 Jes.
509 2811 553 2833 an
580 2800 842 2834 Fiirstenhofen
865 2801 960 2843 107).
1000 2802 1175 2843 Hoffaens
1203 2799 1354 2842 Borgiae
1373 2801 1540 2842 Augusta
1561 2800 1613 2833 15.
1634 2799 1789 2833 Ianuarii
1810 2799 1899 2833 1569

137 2850 329 2894 *scripsitt
362 2851 486 2892 „Altra
512 2852 612 2886 volta
638 2852 725 2886 hora
751 2853 851 2887 auiso
876 2853 917 2887 V.
945 2853 987 2887 P.
1014 2853 1112 2887 accio
1138 2853 1165 2887 s'
1179 2853 1322 2887 informi
1348 2852 1392 2887 ab
1419 2852 1498 2897 aljs,
1525 2854 1649 2897 vtpote
1675 2850 1900 2885 Monachicn-

137 2903 247 2944 sibus,
283 2906 346 2937 aut
379 2904 508 2937 saltem
544 2905 636 2939 hanc
664 2917 785 2939 curam
813 2906 1039 2940 commendet
1064 2906 1103 2939 P.
1133 2905 1286 2946 Canisio,
1322 2905 1497 2949 quomodo
1524 2904 1722 2939 Schoritius
1757 2904 1793 2937 in
1817 2904 1900 2937 aula

138 2958 174 2989 et
199 2955 283 2989 alibi
310 2959 407 2998 agat.
524 2957 578 3000 [P.
606 2958 764 2992 Thomae
792 2958 900 3002 Galli]
937 2959 1014 2993 loco
1052 2962 1174 3003 posset
1209 2958 1409 2993 concionari
1445 2958 1485 2992 P.
1512 2957 1710 2992 Schoritius
1745 2956 1805 3000 qui
1831 2968 1899 2990 non

137 3008 280 3042 videtur
307 3009 477 3042 sinendus
504 3009 539 3042 in
567 3010 648 3043 aula
674 3022 739 3044 nec
766 3023 903 3055 parum,
930 3024 996 3046 nec
1016 3012 1179 3052 multum,
1206 3010 1377 3055 quicquid
1396 3011 1504 3044 etiam
1523 3011 1697 3054 Princeps
1715 3009 1898 3043 turbetur:

138 3061 199 3096 sed
227 3060 284 3094 hic
311 3061 474 3095 consulat
500 3062 538 3095 P.
558 3062 687 3096 Vestra
716 3064 753 3097 P.
783 3064 988 3097 Canisium“
1023 3065 1083 3107 (ex
1110 3067 1268 3107 autogr.;
1297 3064 1338 3098 G.
1366 3063 1430 3108 Ep.
1459 3063 1490 3096 X
1517 3063 1540 3097 f.
1568 3062 1660 3106 88¹³).
