2044 3335
163 99 250 148 516
779 103 874 138 Mon.
902 104 969 138 917
996 104 1074 138 sive
1101 115 1184 147 aug.
1206 105 1242 148 (a
1255 104 1303 149 7).

161 220 324 266 impediri
363 219 535 265 possesi
574 218 770 263 capitulum
808 219 1015 253 turbaretur
1049 219 1222 264 petitione
1256 219 1391 254 Domus
1426 219 1671 263 Augustanae.
1723 221 1760 255 2⁰
1785 218 1929 256 timeret

162 273 374 311 Cardinalis,
410 284 454 306 ne
480 272 511 306 si
538 274 724 315 Augustae
759 271 795 305 in
829 275 953 306 nostra
987 272 1208 306 habitatione
1235 272 1363 306 Schola
1398 272 1615 316 erigeretur,
1650 273 1824 308 iacturam
1858 286 1928 308 non

161 327 336 361 modicam
363 326 499 359 faceret
524 325 752 359 Vniuersitas
778 324 970 368 Dilingana
996 325 1039 359 ob
1066 324 1133 369 locj
1160 325 1395 359 vicinitatem.

281 378 493 418 Secundum,
521 378 613 422 quod
633 378 671 412 P.
692 378 857 412 Canisius
875 378 1014 419 obiecit,
1041 378 1108 412 hoc
1126 381 1192 412 est.
1236 378 1354 412 Habet
1372 378 1576 423 Capitulum
1602 379 1749 414 iuuenes
1767 379 1928 415 homines

161 432 221 476 qui
242 431 457 465 Societatem
484 433 623 464 tantum
650 443 719 465 non
746 432 906 472 oderunt,
933 431 1063 465 mundo
1090 431 1210 476 potius
1228 442 1334 475 quam
1360 431 1524 475 religioni
1543 432 1667 473 dediti;
1695 432 1732 466 hi
1758 444 1839 467 cum
1863 444 1929 467 nos

159 485 287 526 abesse
314 495 421 528 quam
447 484 575 518 adesse
602 484 738 526 malint,
765 495 946 528 nunquam
972 484 1268 528 suffragabuntur
1294 496 1356 529 pro
1381 484 1484 519 nobis
1511 487 1589 519 .etc.

279 537 439 571 Tertium
466 537 634 571 eiusdem.
688 538 792 572 Forte
819 537 1124 582 Capitulum-rem
1151 549 1231 572 esse
1265 538 1465 578 facturum,
1501 538 1563 572 sed
1589 549 1769 582 nunquam
1806 540 1926 573 tamen

159 590 251 625 citra
277 590 540 633 obligationem,
566 591 658 635 quod
685 591 838 625 velimus
865 591 897 624 ei
923 593 1094 636 perpetuo
1120 591 1286 625 idoneum
1312 590 1603 626 Concionatorem
1630 591 1725 633 dare,
1753 592 1845 636 quod
1872 595 1928 627 est

160 647 284 678 contra
310 644 584 678 constitutiones
601 646 620 679 ¹.

279 696 464 739 Quartum.
515 696 634 742 Nepos
669 697 973 732 Reuerendissimi
1009 696 1245 738 Cardinalis2',
1284 697 1386 731 cuius
1419 709 1514 731 nunc
1552 698 1658 732 aedes
1698 709 1924 742 occupamus,

159 750 282 796 spacio
309 753 462 794 quatuor
496 762 668 784 annorum
696 751 739 794 ad
767 751 862 785 hunc
893 762 997 784 suum
1024 749 1283 784 Canonicatum
1318 762 1387 784 non
1422 750 1569 791 redibit;
1606 748 1728 794 itaque
1754 762 1835 785 cum
1860 751 1927 786 hoc

159 803 282 848 spacio
309 803 428 848 quiete
454 804 633 848 possimus
651 807 811 837 nostram
837 803 1096 838 habitationem
1123 803 1334 846 inhabitare,
1360 815 1430 838 non
1449 803 1592 838 videtur
1611 803 1816 848 Capitulum
1843 806 1926 838 ante

161 857 414 891 necessitatem
441 857 722 902 perturbandum
750 869 828 891 esse
853 859 931 891 .eto.

279 909 460 952 Quintum,
488 922 557 944 non
584 910 691 944 habet
718 910 923 955 Capitulum
950 910 1045 944 vltra
1074 910 1127 946 12.
1147 910 1281 952 domos,
1308 912 1344 944 et
1369 912 1488 944 tamen
1516 909 1624 944 habet
1649 910 1705 944 40.
1725 910 1925 951 canonicos,

159 963 308 997 difficile
334 975 419 1007 ergo
446 963 523 1004 erit,
551 965 591 997 vt
616 969 704 997 nos⁸
730 963 871 997 domum
899 963 1030 997 habere
1055 964 1236 1008 propriam
1263 963 1441 1009 possimus
1468 975 1512 997 ex
1538 963 1735 997 duodecim.

279 1016 449 1057 Sextum,
467 1018 644 1050 metueret
669 1017 761 1051 forte
782 1016 986 1061 Capitulum
1012 1028 1057 1050 ne
1083 1017 1114 1051 si
1140 1016 1283 1051 scholas
1301 1016 1532 1062 aperiremus,
1560 1016 1777 1061 Capitularis
1803 1015 1927 1051 schola

160 1072 345 1104 cantorum
372 1070 515 1114 periret.

224 1147 226 1150 ψ
279 1123 488 1168 Septimum,
514 1122 663 1168 Nepotis
689 1123 992 1158 Reuerendissimi
1019 1124 1161 1158 domum
1188 1135 1256 1157 non
1289 1123 1416 1158 darent
1441 1123 1524 1167 quia
1559 1125 1772 1167 cogerentur
1796 1122 1927 1168 Nepoti

158 1177 351 1210 restituere
386 1176 467 1221 plus
492 1176 610 1210 minus
636 1177 729 1212 1000
754 1177 918 1218 florenos,
954 1188 1023 1221 quo
1059 1176 1173 1222 pretio
1201 1176 1256 1220 (vt
1282 1177 1339 1221 fit)
1366 1177 1463 1211 illius
1495 1176 1575 1211 vsui
1606 1177 1694 1210 haec
1729 1176 1853 1211 domus
1881 1175 1925 1210 ad

159 1231 272 1264 vitam
299 1232 354 1264 est
380 1229 518 1263 relicta.

279 1281 466 1324 Ootauum,
493 1294 563 1316 non
586 1283 730 1317 videtur
756 1283 892 1324 decere,
928 1285 969 1317 vt
994 1295 1058 1318 nos
1084 1283 1152 1328 ipsi
1181 1295 1226 1317 ex
1252 1283 1414 1328 professo
1440 1283 1695 1318 contendamus
1721 1294 1742 1316 a
1760 1281 1925 1327 Capitulo

159 1337 303 1371 domum
328 1335 472 1377 habere,
499 1347 580 1370 cum
598 1339 742 1370 nostrae
761 1336 1043 1371 Constitutiones
1069 1337 1104 1371 id
1130 1348 1201 1371 non
1218 1336 1410 1371 videantur
1434 1337 1538 1378 ferre,
1566 1348 1717 1380 cumque
1743 1335 1925 1380 sapientes

159 1390 203 1424 ob
229 1389 296 1423 hoc
321 1389 480 1423 studium
507 1389 659 1424 habendi
686 1390 877 1424 videantur
902 1390 1032 1424 offendi
1059 1401 1175 1435 posse.
1226 1389 1263 1424 Si
1289 1401 1381 1434 quae
1407 1390 1477 1424 alia
1503 1391 1575 1424 sint
1600 1392 1823 1433 argumenta,
1850 1389 1924 1422 fere

158 1443 194 1477 in
220 1443 309 1477 haec
334 1443 493 1476 incident
517 1445 580 1477 aut
605 1455 673 1476 non
701 1446 806 1477 erunt
830 1444 975 1478 maioris
1002 1443 1238 1480 difficultatis.

159 1496 163 1497 ⁷
815 1497 885 1531 Pro
911 1500 1012 1542 parte
1038 1497 1269 1532 affirmatiua.

278 1549 514 1584 Fundamenti
540 1549 617 1584 loco
643 1549 732 1591 dico,
759 1552 899 1584 tantum
924 1562 995 1584 non
1021 1551 1371 1592 essecertissimum,
1398 1550 1491 1595 quod
1510 1549 1714 1594 Capitulum
1733 1548 1924 1583 Societatis

159 1614 266 1648 opera
292 1603 503 1637 difficillime
529 1615 651 1637 carere
676 1606 800 1649 posset-
825 1604 868 1638 ob
894 1604 1040 1638 nimiam
1066 1604 1251 1649 penuriam
1287 1604 1492 1638 idoneorum
1519 1603 1828 1643 concionatorum,
1863 1602 1924 1645 qui

158 1655 331 1690 Societati
356 1656 437 1690 cum
464 1656 585 1701 populi
611 1657 858 1691 aedificatione
883 1657 950 1691 hoc
976 1657 1106 1692 misero
1131 1660 1293 1702 tempore
1318 1660 1465 1702 possent
1489 1656 1699 1691 succedere:
1725 1656 1832 1700 idque
1859 1654 1922 1689 Ca-

157 1709 311 1754 pitulum
337 1710 445 1754 probe
471 1709 581 1751 nouit,
608 1712 644 1744 et
669 1710 892 1755 experientia
919 1711 1032 1745 docet.
1084 1709 1220 1745 Deinde
1246 1711 1352 1745 valde
1382 1713 1542 1744 metuere
1574 1710 1679 1744 debet
1706 1708 1921 1754 Capitulum,

157 1774 202 1796 ne
229 1762 388 1796 Societas
413 1762 615 1806 Augustam
642 1763 794 1805 deserat,
825 1766 984 1798 metuere
1010 1764 1157 1808 inquam
1190 1776 1259 1798 non
1286 1764 1401 1798 solum
1427 1763 1471 1797 ab
1497 1763 1698 1804 haereticis,
1724 1763 1787 1796 sed
1814 1762 1922 1796 etiam

158 1826 180 1849 a
205 1815 401 1857 catholicis,
429 1816 564 1860 quibus
575 1816 735 1852 Societas
762 1819 817 1851 est
840 1817 1071 1852 charissima:
1099 1817 1128 1852 si
1152 1818 1246 1851 enim
1264 1816 1406 1862 Patritij
1432 1818 1690 1859 cognoscerent
1708 1815 1922 1850 Societatem

158 1880 180 1902 a
205 1869 371 1913 Capitulo
397 1869 441 1903 ob
466 1870 634 1904 miseram
662 1872 697 1903 et
723 1870 833 1904 vilem
862 1870 1121 1905 habitationem
1148 1870 1275 1916 deserj,
1306 1870 1372 1905 1100
1397 1882 1468 1904 11011
1501 1869 1617 1904 50111111
1643 1869 1749 1905 valde
1774 1869 1921 1903 scanda-

156 1921 283 1963 losum,
309 1922 373 1956 sed
399 1923 507 1956 etiam
533 1923 685 1957 multum
713 1923 878 1968 Capitulo
912 1924 1151 1968 periculosum
1187 1926 1301 1964 esset,
1337 1925 1373 1958 et
1406 1935 1473 1957 nec
1498 1923 1730 1957 Patritiorum
1767 1922 1921 1966 gratiam

157 1975 265 2009 facile
290 1977 530 2020 recuperaret,
556 1978 593 2010 et
617 1976 701 2011 hinc
727 1977 932 2021 acciperent
956 1977 1129 2012 haeretici
1153 1988 1320 2020 magnam
1344 1977 1568 2011 occasionem
1594 1979 1630 2010 et
1654 1976 1837 2010 licentiam
1860 1988 1921 2010 no-

159 2028 271 2069 cendi,
308 2028 374 2062 hoc
399 2030 611 2074 praesertim
647 2032 807 2075 tempore
842 2041 912 2074 quo
939 2030 1092 2065 Comitia
1127 2030 1178 2064 nil
1203 2031 1285 2064 boni
1313 2029 1509 2065 Catholicis
1543 2030 1757 2075 promittunt
1770 2030 1793 2064 ³.
1843 2030 1923 2065 Jmo

158 2083 340 2120 tentarent
365 2081 510 2127 Patr-itij
538 2083 656 2127 potius
683 2083 800 2117 onmia
826 2094 934 2127 quam
960 2082 1178 2118 Societatem
1209 2083 1433 2117 dimitterent
1467 2086 1503 2117 et
1528 2095 1680 2127 magnas
1705 2083 1749 2118 ob
1784 2094 1922 2124 causas,

158 2146 248 2179 quas
273 2135 419 2180 ipsimet
445 2136 532 2169 bene
558 2138 698 2170 norunt.
748 2136 796 2170 Et
821 2137 869 2170 sit
894 2136 961 2171 hoc
995 2137 1267 2171 fundamentum
1295 2148 1360 2171 ceu
1394 2137 1510 2182 prima
1543 2137 1634 2171 ratio
1669 2149 1733 2171 cur
1758 2136 1924 2171 videatur

158 2187 201 2228 de
225 2190 401 2233 perpetua
426 2188 648 2222 habitatione
674 2201 754 2223 cum
782 2189 947 2234 Capitulo
972 2190 1202 2224 tractandum
1228 2202 1319 2224 esse.

243 2276 247 2281 ⁴
280 2241 318 2275 29
344 2241 425 2275 ι15111
452 2241 662 2276 vndecimus
687 2253 801 2276 annus
835 2242 956 2286 agitur
987 2254 1056 2287 quo
1091 2242 1148 2277 hic
1183 2243 1444 2285 concionamur,
1479 2245 1621 2288 tempus
1656 2246 1721 2285 est,
1756 2246 1797 2278 vt
1822 2244 1924 2278 finita

158 2293 226 2328 hac
252 2294 472 2339 probatione,
500 2295 679 2339 propriam
706 2295 808 2337 nobis
834 2296 977 2329 domum
1004 2298 1040 2330 et
1065 2295 1209 2330 hortum
1235 2308 1276 2330 ac
1301 2296 1484 2331 meliorem
1510 2297 1619 2331 vicini
1653 2296 1777 2342 templi
1803 2297 1838 2332 S.
1864 2298 1922 2332 Jo-

157 2347 285 2381 annis⁴
311 2348 439 2381 Vsumb
464 2348 620 2389 tradant,
655 2347 687 2382 si
713 2348 903 2383 Societatis
938 2360 1045 2394 opera
1079 2361 1221 2394 semper
1252 2351 1306 2383 vti
1332 2350 1445 2384 velint
1471 2349 1581 2393 (nunc
1615 2350 1708 2384 enim
1742 2350 1833 2385 satis
1857 2362 1922 2385 nos

156 2399 255 2445 ipsos
289 2402 325 2434 et
359 2400 427 2445 ipsi
462 2412 526 2450 nos
561 2400 706 2445 norunt)
741 2413 785 2435 ne
823 2398 966 2436 tandem
1004 2402 1093 2437 haec
1132 2414 1231 2437 mora
1268 2403 1370 2438 nobis
1407 2403 1525 2448 pariat
1562 2404 1653 2448 quod
1692 2403 1822 2438 accidit
1858 2403 1920 2438 Co·

156 2452 378 2488 loniensibus
390 2454 414 2488 ⁵.
777 2497 782 2500 Ι

241 2534 244 2539 .
276 2513 305 2544 a)
325 2513 411 2544 Sequa
389 2513 465 2537 ιὶιιιν
483 2519 584 2545 vnam,
609 2514 644 2538 ab
665 2513 702 2538 H.
723 2513 813 2539 oblitt.
904 2513 935 2546 b)
954 2515 1039 2547 Sequz
1012 2515 1073 2539 ιιίιιι
1057 2523 1093 2539 ιιν
1113 2513 1213 2546 nobis,
1232 2516 1267 2540 ab
1282 2516 1320 2541 H.
1334 2515 1423 2540 oblitt.

254 2611 257 2619 “
281 2607 288 2626 ¹
317 2606 388 2641 Cur
407 2607 572 2642 Canisius
597 2608 632 2642 id
659 2619 738 2642 cum
767 2608 957 2643 Societatis
982 2609 1299 2644 constitutionibus
1324 2621 1484 2655 pugnare
1510 2610 1699 2651 censuerit,
1726 2622 1760 2645 v.
1784 2611 1868 2646 Can
1887 2611 1920 2645 V

157 2654 272 2693 394-
277 2659 344 2693 395
372 2660 467 2694 7712.
618 2661 631 2682 ²
658 2661 871 2696 Gebhardus
896 2661 1097 2697 Truchsess
1125 2662 1342 2698 cathedralis
1369 2663 1540 2698 ecclesiae
1567 2663 1770 2698 canonicus.

279 2712 291 2732 ⁸
316 2712 356 2746 In
387 2712 528 2758 imperii
564 2714 717 2748 comitiis
743 2715 868 2759 Spirae
902 2727 923 2749 a
951 2716 1005 2750 13.
1031 2716 1112 2750 111111
1147 2716 1237 2751 1570
1272 2717 1316 2750 ad
1345 2716 1399 2750 11.
1426 2715 1633 2751 Decembris
1662 2717 1753 2752 1570
1786 2716 1918 2752 habitis

157 2764 326 2798 catholici
352 2766 494 2800 ordines
521 2766 665 2801 timidos
691 2779 730 2802 se
755 2768 992 2812 praebebant,
1028 2771 1270 2813 protestantes
1295 2781 1381 2803 vero
1416 2769 1586 2804 audacter
1620 2781 1658 2804 se
1685 2770 1858 2814 gerebant
1883 2773 1920 2805 et

159 2816 262 2859 plane
289 2817 552 2861 significabant,
579 2831 618 2854 se
643 2823 789 2869 paratos
815 2832 894 2855 esse
920 2821 964 2855 ad
990 2821 1230 2865 Hugonottos,
1258 2821 1420 2862 Gensios,
1454 2818 1697 2867 protestantes
1731 2834 1919 2866 germanos

159 2869 277 2910 armis,
305 2869 411 2904 etiam
435 2872 567 2916 spretis
585 2872 886 2917 imperfilegibus,
912 2874 1135 2909 adiuvandus
1152 2876 1321 2919 (Janssen
1341 2875 1366 2909 l.
1381 2887 1411 2909 c.
1426 2875 1476 2910 IV
1495 2876 1548 2895 ¹⁶-
1556 2876 1582 2896 ¹⁶
1607 2876 1796 2910 306—309
1820 2876 1918 2920 315).

274 2923 290 2944 4
317 2921 504 2967 Templum
531 2926 735 2969 parochiale
753 2926 787 2960 S.
808 2927 950 2961 Ioannis
977 2927 1164 2973 Baptistae
1190 2938 1300 2973 prope
1326 2927 1569 2991 cathedralem
1595 2928 1783 2995 ecclesiam
1808 2929 1918 2963 situm

156 2973 357 3016 significat;
384 2976 430 3009 cf.
460 2977 546 3011 Can.
574 2978 623 3012 IV
648 2979 744 3014 403⁵
773 2993 776 3002 ’

280 3026 292 3045 ⁵
316 3027 356 3061 P.
385 3029 536 3063 Ioannes
554 3032 700 3065 Rethius
725 3032 758 3066 S.
778 3032 810 3066 J.
838 3032 1004 3082 Coloniae
1031 3013 1087 3069 20.
1107 3034 1274 3068 Octobris
1303 3034 1392 3069 1573
1418 3016 1567 3080 Gaspari
1585 3034 1768 3080 Groppero
1792 3035 1917 3069 nuntio

157 3078 353 3123 apostolico
380 3081 538 3146 testatus
560 3085 636 3117 est:
667 3084 782 3126 ,Post
801 3087 855 3119 tot
880 3093 1052 3120 annorum
1079 3082 1193 3121 duros
1213 3082 1386 3121 toleratos
1408 3085 1552 3122 labores
1577 3088 1744 3122 necdum
1756 3086 1916 3122 Societas
