2044 3335
528 119 620 153 Mon.
648 120 713 154 961
743 119 820 153 sive
847 120 884 153 it.
906 119 996 163 (14).
1039 121 1070 153 4.
1092 119 1311 164 Septembris
1341 119 1442 153 1568.
1775 121 1858 162 587

103 234 271 267 mundum
299 234 360 268 111.
388 234 556 268 Poloniae
591 246 711 278 regem
741 238 849 278 (anno
884 247 952 269 11011
988 235 1158 280 ascripto)
1197 236 1291 270 datis
1326 235 1522 279 significat,
1559 245 1635 268 eam
1676 235 1863 276 „maxima

103 297 210 330 quam
245 287 393 321 historia
429 288 637 331 postularet,
672 288 740 322 fide
776 288 1035 333 conscriptam“
1066 300 1085 322 a
1112 299 1149 322 se
1185 300 1263 322 esse
1293 289 1358 327 (ita
1393 289 1463 322 iam
1498 288 1534 321 in
1569 288 1683 332 prima
1713 287 1859 330 „Vitae“

102 339 266 381 editione,
303 341 514 383 Ingolstadii
550 353 581 376 3.
609 342 698 376 1609
726 341 833 381 facta,
868 342 892 375 f.
921 340 1032 384 Aah),
1065 344 1101 375 et
1135 341 1195 375 ubi
1232 342 1274 375 de
1301 341 1470 375 Stanislai
1506 343 1620 374 morte
1646 340 1742 382 agit:
1781 340 1865 382 „Hi-

102 393 283 434 storiam“,
310 394 436 437 inquit,
467 394 683 436 „sci-ibimus,
710 406 778 428 non
806 394 1089 439 Panegyricum“
1122 394 1188 435 (ita
1214 394 1248 427 in
1280 394 1426 437 „Vitae“
1456 394 1610 427 editione
1636 393 1863 436 lugdunensi,

102 457 209 489 quam
235 447 337 480 modo
364 447 448 487 dixi,
477 459 509 491 p.
536 448 611 489 59).
665 447 752 480 Cum
779 449 899 489 autem
925 459 955 481 a.
987 448 1077 481 1612
1103 447 1237 481 Romae
1272 459 1365 481 nova
1401 447 1480 481 libri
1518 447 1625 481 editio
1661 449 1861 491 pararetur,

105 500 279 533 Claudius
305 502 489 543 Aquaviva
519 500 589 540 ille,
627 512 731 544 quem
760 500 957 534 Sacchinus
992 501 1025 533 in
1054 500 1223 534 Stanislai
1251 502 1363 534 morte
1390 500 1588 534 enarranda
1623 502 1751 534 testem
1787 512 1864 544 pro-

102 552 254 586 duxerat
283 553 338 594 (ut
355 565 463 597 supra
489 553 591 597 dixi),
619 565 681 597 pro
708 564 771 586 suo
797 553 993 598 praepositi
1020 553 1198 596 generalis
1224 553 1341 586 officio
1370 552 1479 596 (quod
1499 564 1529 587 a.
1551 553 1784 587 1581—1615
1803 553 1862 586 ad-

102 604 337 647 ministravit)
367 605 447 639 libri
474 605 508 639 in
536 606 648 640 lucem
678 606 802 639 edendi
831 606 1009 640 concessit
1042 605 1251 639 facultatem
1287 617 1350 650 per
1386 606 1526 639 litteras
1553 605 1726 650 publicas,
1752 605 1865 640 Roma

105 658 158 692 10.
178 658 257 691 Iulii
287 659 375 692 1612
403 659 523 699 datas3
551 659 586 692 in
614 659 741 702 quibus
768 659 810 692 de
829 658 1009 692 Stanislao
1039 658 1226 703 „tyrocinij
1254 659 1309 692 sui
1336 658 1595 692 commilitone“
1618 658 1695 698 1106,
1722 662 1865 703 praeter

102 710 181 751 alia,
209 710 433 745 affirmabat:
465 711 583 753 „Quae
609 712 652 745 de
671 712 747 745 vita
773 712 807 745 in
827 711 1013 754 Religione
1032 723 1052 745 a
1071 711 1201 745 Sancto
1228 711 1454 745 adolescente
1473 713 1553 745 acta
1580 711 1615 744 in
1642 711 1707 745 hoc
1734 711 1864 752 libello,

101 774 207 806 quem
235 767 270 797 et
294 775 359 798 nos
386 765 550 805 vidimus,
577 767 778 805 narrantur,
815 777 856 798 ea
881 776 951 798 11011
985 764 1109 798 auditu
1145 764 1270 804 solum,
1307 766 1343 797 et
1369 764 1519 798 aliorum
1555 764 1734 798 communi
1760 765 1868 804 fama,

102 827 144 850 36
169 817 441 858 testificatione3
476 818 539 851 sed
565 818 736 862 pleraque
763 817 869 852 etiam
897 829 975 857 vsu,
1012 820 1047 852 et
1083 818 1328 862 experimento
1363 820 1496 857 nostro,
1533 819 1568 851 et
1594 817 1727 851 oculati
1753 819 1866 851 testes

102 881 198 910 vera,
225 881 267 904 ac
293 873 391 904 certa
418 882 496 904 esse
523 873 647 904 sancte
683 871 865 905 affirmare
891 872 1100 915 possumus“
1133 871 1194 913 (ex
1225 871 1330 913 „Vita
1357 871 1396 905 B.
1425 870 1595 905 Stanislai
1622 870 1783 904 Kostkae
1803 897 1810 904 .
1831 897 1838 904 .
1860 898 1866 904 .

101 925 245 956 auctore
270 924 467 957 Francz‘sco
494 924 706 968 Sacehc‘no⁴‘,
733 924 898 968 Lugduni
928 924 1027 965 1616,
1054 924 1079 958 f.
1098 924 1341 966 A4b—A521).

219 975 273 1009 Ad
301 975 390 1010 haec
420 976 516 1010 aliud
552 977 692 1010 accedit
727 977 991 1011 testimonium:
1028 976 1115 1010 Cum
1153 977 1195 1011 de
1222 977 1400 1011 Stanislao
1436 977 1473 1010 in
1508 976 1629 1010 album
1656 975 1869 1010 Sanctorum

102 1028 286 1062 referendo
314 1029 446 1063 Romae
473 1032 651 1071 ageretur,
680 1030 718 1064 P.
738 1031 902 1064 Urbanus
927 1031 1094 1064 Ubaldim·
1119 1029 1152 1064 S.
1174 1030 1207 1064 J.
1233 1030 1407 1064 ruthenus
1434 1042 1464 1064 a.
1486 1029 1577 1064 1662
1604 1031 1638 1063 et
1665 1029 1709 1063 ab
1736 1029 1869 1063 Ioanne

102 1081 214 1115 Paulo
233 1081 339 1115 Oliva
358 1081 548 1116 Societatis
574 1084 777 1127 praeposito
801 1083 972 1126 generali,
999 1085 1034 1117 et
1052 1083 1096 1117 ab
1115 1083 1245 1117 Ioanne
1265 1083 1438 1118 Casimiro
1458 1082 1626 1117 Poloniae
1652 1094 1737 1126 rege
1763 1082 1869 1117 huius

101 1145 230 1168 causae
266 1135 485 1169 constitutus
520 1137 577 1169 est
603 1140 822 1180 procurator.
865 1137 899 1170 Is
926 1137 1039 1170 vitam
1063 1136 1235 1170 Stanislai
1261 1137 1423 1181 scripsit:
1453 1137 1495 1170 ad
1524 1147 1631 1180 quam
1658 1147 1868 1180 componen-

100 1187 191 1229 dam,
218 1189 259 1221 ut
283 1188 359 1232 ipse
386 1189 570 1222 asserebat
598 1192 647 1231 (v.
675 1191 848 1223 Analecta
874 1190 1110 1224 Bollandiana
1137 1189 1186 1223 IX
1213 1190 1430 1233 360—370),
1466 1191 1609 1235 praeter
1635 1189 1724 1223 alios
1750 1189 1869 1223 fontes

100 1240 264 1274 adhibuit
289 1244 370 1275 acta
401 1244 672 1286 „processuuni“
703 1243 747 1276 ab
774 1254 804 1277 a.
827 1244 916 1278 1599
945 1243 1068 1277 multis
1097 1243 1186 1277 Iocis
1222 1243 1469 1277 institutorum
1497 1245 1533 1277 et
1558 1242 1728 1277 Stanislai
1754 1243 1867 1276 vitam

99 1305 207 1327 manu
241 1295 423 1339 scriptam,
459 1306 565 1339 quam
592 1296 631 1330 P.
660 1296 772 1330 Iulius
799 1296 922 1330 Fatius
961 1297 1019 1338 (de
1055 1308 1124 1340 quo
1160 1308 1268 1341 supra
1303 1308 1337 1341 p.
1362 1297 1446 1339 585)
1486 1308 1506 1330 3
1531 1307 1570 1329 56
1607 1307 1637 1330 3.
1668 1296 1758 1331 1568
1789 1307 1869 1330 6011·

98 1347 270 1392 scriptam
296 1349 331 1381 in
358 1348 579 1382 Lusitaniam
615 1350 763 1383 miserat
791 1350 851 1392 (cf.
879 1351 986 1383 etiam
1016 1351 1241 1394 Sacchinmn,
1278 1349 1370 1384 Hist.
1399 1349 1433 1384 S.
1453 1350 1486 1384 J.
1514 1349 1573 1390 111,
1601 1349 1623 1382 l.
1650 1350 1681 1386 4.
1708 1361 1742 1383 n.
1772 1349 1868 1392 104).

102 1400 299 1435 Ubaldinus
316 1402 428 1443 igitur
446 1413 497 1442 ea,
526 1413 617 1446 quae
644 1414 664 1436 a
683 1402 858 1436 Sacchino
885 1405 960 1436 tum
986 1403 1022 1437 in
1041 1403 1126 1437 Vita
1145 1403 1316 1437 Stanislai
1342 1405 1418 1437 tum
1447 1403 1480 1436 in
1500 1402 1660 1436 Historia
1678 1402 1869 1436 Societatis

99 1454 234 1498 scripta
259 1466 369 1499 supra
394 1456 506 1500 posui,
534 1456 664 1500 repetit
691 1456 816 1490 iisdem
844 1468 1000 1500 prorsus,
1027 1457 1058 1490 si
1084 1457 1303 1501 paucissima
1330 1456 1502 1501 excipias,
1538 1456 1670 1497 verbis,
1706 1455 1806 1489 nulla
1832 1467 1870 1489 re

101 1507 232 1547 addita,
259 1508 358 1541 nulla
384 1509 573 1542 emendata
603 1510 791 1551 (Analecta
816 1509 1052 1543 Bollandiana
1079 1509 1164 1543 XIII
1195 1511 1288 1553 154).

222 1560 353 1595 Exstat
386 1562 480 1606 apud
519 1564 645 1606 Geory.
675 1563 856 1596 Schlosser
881 1562 915 1597 S.
942 1563 975 1596 J.
1006 1563 1123 1605 (Beati
1159 1563 1256 1597 Petri
1293 1562 1427 1597 Canisii
1463 1561 1497 1596 S.
1524 1563 1558 1597 J.
1594 1561 1872 1596 Exhortationes

103 1613 331 1656 domesticae,
358 1614 632 1649 Ruraemundae
661 1616 762 1655 1876,
790 1615 993 1659 401-406)
1026 1616 1259 1659 „Exhortatio
1286 1628 1348 1661 pro
1374 1616 1548 1661 principio
1574 1615 1728 1649 mensis“
1759 1626 1779 1649 a
1807 1615 1871 1650 Ca-

103 1667 193 1701 111510
220 1667 360 1709 habita;
388 1668 494 1702 huius
519 1671 640 1702 tamen
667 1671 916 1712 argumentum
945 1670 989 1703 ab
1016 1681 1067 1710 eo,
1094 1670 1186 1713 quod
1214 1669 1410 1703 Sacchinus
1437 1669 1545 1714 ponit,
1573 1669 1702 1703 differt.

221 1721 261 1755 P.
281 1722 487 1756 Stam'slaus
505 1724 721 1756 Varsevitius
740 1723 1057 1766 (Warschewizki)
1079 1723 1111 1757 S.
1132 1723 1177 1764 J„
1205 1723 1266 1767 qui
1292 1735 1372 1757 cum
1391 1722 1572 1757 Stanislao
1591 1722 1732 1756 Kostka
1758 1733 1871 1766 usque

104 1774 147 1808 ad
184 1774 260 1808 eius
294 1777 445 1809 mortem
481 1776 515 1809 in
551 1776 655 1810 domo
690 1776 724 1810 S.
752 1776 917 1810 Andreae
952 1776 1180 1810 familiariter
1215 1776 1318 1817 vixit,
1354 1776 1389 1810 in
1425 1776 1583 1810 eiusdem
1620 1776 1695 1809 vita
1721 1787 1752 1810 a.
1782 1775 1872 1810 1568

103 1827 238 1872 scripta
275 1828 333 1871 (de
368 1840 437 1872 qua
471 1840 580 1874 supra
616 1841 648 1874 p.
676 1830 712 1872 5)
749 1831 839 1863 satis
875 1830 1016 1874 copiose
1051 1841 1239 1874 supremos
1270 1829 1384 1874 ipsius
1419 1830 1495 1864 dies
1530 1829 1717 1870 describit,
1756 1840 1871 1873 neque

103 1882 223 1914 tamen
250 1881 420 1916 orationis
446 1894 466 1916 a
485 1882 627 1916 Canisio
654 1882 797 1916 habitae
824 1883 1040 1916 mentionem
1065 1883 1164 1916 facit.
1208 1882 1298 1916 Silet
1324 1894 1464 1927 quoque
1491 1883 1534 1916 de
1560 1882 1685 1916 eadem
1712 1882 1871 1916 oratione

108 1935 304 1978 Greqorius
323 1935 594 1970 Samboritanus
618 1936 654 1969 111
681 1936 850 1970 Stanislai
878 1936 963 1970 Vita
989 1948 1019 1971 a.
1050 1936 1140 1970 1570
1168 1935 1363 1970 Cracoviae
1390 1936 1485 1970 edita
1515 1936 1564 1979 (v.
1583 1947 1693 1980 supra
1720 1947 1753 1980 p.
1773 1935 1872 1979 536).

223 1988 375 2022 Nomina
400 1989 622 2023 noviciorum
648 2001 886 2030 romanorum,
913 1989 975 2033 qui
1001 2001 1021 2024 a
1047 1989 1103 2024 25.
1129 1990 1284 2023 1311113111
1314 1990 1403 2024 1566
1429 2001 1543 2033 usque
1570 1989 1614 2023 ad
1643 1990 1696 2023 15.
1716 1989 1873 2033 Augusti

109 2041 198 2075 1568
226 2041 441 2076 Societatem
475 2042 629 2086 ingressi
663 2046 757 2084 sunt,
794 2046 974 2088 ponuntur
1000 2054 1020 2077 3
1048 2044 1186 2087 Μ’ίοῆεἷ,
1214 2042 1314 2077 Stan.
1341 2043 1540 2077 285-287.
1590 2042 1655 2076 Die
1682 2042 1715 2076 2.
1740 2042 1876 2087 Aprilis

106 2095 196 2129 1568
223 2094 438 2129 Societatem
473 2095 607 2130 Romae
641 2096 792 2130 intravit
828 2096 1038 2141 Rodulphus
1065 2099 1276 2141 Aquaviva,
1314 2096 1457 2130 Ioannis
1484 2096 1695 2141 Hieronymi
1722 2095 1872 2130 Hatria-e

107 2148 218 2192 (Atri)
247 2148 347 2183 ducis
372 2149 468 2183 filius
494 2152 530 2183 et
556 2149 694 2184 Claudii
711 2150 923 2194 Aquavivae
950 2161 1071 2195 nepos,
1098 2150 1159 2194 qui
1185 2161 1216 2184 a.
1240 2150 1329 2184 1583
1356 2150 1392 2184 in
1417 2150 1529 2184 Indiis
1555 2150 1791 2184 orientalibus
1819 2149 1871 2192 (in

104 2202 291 2246 peninsula
317 2202 570 2246 Salsettarum)
599 2203 812 2248 martyrium
847 2204 959 2238 subiit
984 2206 1021 2238 et
1046 2215 1076 2238 a.
1109 2204 1198 2238 1893
1225 2215 1246 2237 a
1272 2203 1389 2237 Leone
1417 2203 1513 2238 XIII.
1540 2203 1576 2237 in
1606 2203 1726 2237 Beatis
1752 2214 1873 2237 nume-

104 2257 204 2289 ratus
230 2258 295 2290 est.

224 2309 373 2344 Praeter
398 2309 558 2344 novicios
585 2311 781 2344 maximam
806 2312 945 2355 partem
972 2310 1190 2354 reliquorum
1218 2310 1394 2344 sodalium
1429 2311 1465 2344 in
1503 2310 1659 2344 romanis
1685 2309 1877 2344 Societatis

106 2362 269 2397 domibus
305 2375 345 2397 eo
380 2365 541 2408 tempore
576 2363 777 2398 viventium
813 2364 857 2398 ad
894 2364 928 2399 S.
957 2364 1122 2398 Andreae
1149 2364 1283 2398 Canisii
1318 2363 1484 2398 audiendi
1516 2363 1635 2405 gratia
1667 2363 1878 2397 convenisse

107 2416 238 2450 asserit
264 2418 396 2451 Daniel
422 2417 565 2451 Bartoli
592 2417 625 2451 S.
646 2417 679 2451 J.
706 2417 742 2450 in
769 2417 845 2451 vita
871 2416 905 2451 8.
931 2417 1111 2458 Stanislai,
1139 2428 1231 2461 quae
1256 2417 1410 2462 primum
1436 2428 1467 2451 a.
1490 2417 1580 2451 1670
1606 2417 1650 2451 ab
1677 2428 1717 2450 eo
1743 2415 1877 2451 Romae

107 2469 203 2503 edita
238 2472 304 2511 est,
340 2469 362 2504 l.
392 2473 420 2510 1,
448 2481 477 2504 c.
509 2470 568 2510 12;
605 2470 666 2514 qui
701 2470 831 2504 ibidem
869 2470 1002 2505 Canisii
1037 2470 1233 2504 orationem
1271 2469 1377 2514 paulo
1414 2469 1593 2514 copiosius
1628 2470 1739 2503 refert
1770 2481 1877 2513 quam

107 2522 304 2557 Sacchinus
332 2523 452 2567 (Della
486 2523 564 2557 vita
590 2535 608 2557 e
634 2523 795 2557 miracoli
831 2523 887 2557 del
913 2523 952 2557 B.
981 2523 1161 2558 Stanislao
1187 2523 1329 2558 Kostka
1354 2522 1451 2557 Libri
1488 2523 1566 2565 due,
1599 2523 1746 2557 Brescia
1774 2523 1875 2565 1843,

227 2629 409 2664 Canisium
435 2629 614 2664 Stanislao
640 2631 866 2664 sacramenta
892 2630 1118 2664 morientium
1144 2629 1353 2675 praebuisse
1379 2629 1505 2663 scribit
1539 2629 1625 2664 clar.
1652 2629 1694 2664 D.
1722 2631 1806 2664 Ant.
1833 2630 1874 2663 de

107 2684 220 2727 Waal,
247 2683 359 2717 Roma
378 2682 497 2725 Sacra,
524 2682 704 2718 Muiichen
726 2682 859 2726 [1905]‚
885 2683 974 2723 475;
1002 2683 1036 2717 id
1063 2683 1156 2717 unde
1183 2683 1353 2717 haustum
1379 2683 1427 2717 sit
1452 2682 1584 2717 nescio.

108 2815 207 2852 961
232 2816 312 2852 sive
338 2815 401 2853 it.
421 2814 550 2862 (14).
625 2815 660 2851 4.
675 2815 901 2863 Septembris
927 2815 1022 2851 1568.

226 2881 281 2916 Ex
308 2882 515 2928 apographo
541 2883 652 2916 eiusd.
680 2885 788 2926 temp.
836 2881 956 2916 Germ.
976 2882 1019 2916 67
1046 2881 1072 2915 f.
1093 2881 1171 2916 172.

226 2948 264 2981 Ρ.
284 2949 461 2982 Polaticus
487 2953 516 2981 et
543 2949 735 2982 Franciscs
761 2949 914 2990 Boryiae
941 2952 971 2980 et
995 2958 1059 2981 suo
1087 2952 1116 2980 et
1138 2948 1277 2981 Canisii
1302 2948 1443 2981 nomine
1464 2948 1655 2992 Georyium
1673 2949 1876 2991 Faqyerum

106 3005 232 3043 monet,
258 3006 296 3034 ut
325 3003 555 3035 Octavianum
580 3002 694 3043 filium
721 3012 764 3034 ea:
789 3001 930 3043 colleyio
954 3003 1169 3044 yermanieo.
1193 3006 1308 3034 avocet
1317 3013 1331 3043 ,·
1354 3001 1457 3034 illum
1483 3002 1574 3034 enim
1601 3006 1630 3034 et
1647 3003 1738 3035 male
1762 3002 1877 3035 valere.

107 3056 138 3085 et
161 3055 361 3088 studiorum
389 3066 458 3088 esse
477 3059 678 3098 pertaesum
704 3059 733 3087 et
757 3059 944 3097 propterea
970 3055 1149 3096 fratribus
1170 3055 1325 3097 exemplo
1342 3055 1545 3088 nociturum
1565 3065 1644 3089 esse.
1690 3055 1874 3089 Canisium

107 3116 151 3138 ex
175 3108 295 3141 morbo
322 3109 476 3142 nondum
505 3108 729 3141 convaluisse.
1530 3106 1532 3109 ’
