2044 3335
679 128 847 172 Augusta
873 127 980 163 Vind.
1007 127 1064 162 27.
1092 126 1185 170 Aug.
1207 126 1310 160 1567.
1828 127 1881 168 27

108 248 242 298 illum,
287 261 414 300 quem
455 247 510 289 ad
551 259 620 288 me
659 246 902 301 profectum
937 245 1166 300 putabant,
1208 242 1391 296 insignis
1424 242 1744 285 haereticorum
1778 245 1888 287 Con-

109 313 307 355 cionator
328 312 532 365 Dilingae
564 311 732 353 uicinus
763 311 848 353 iam
882 311 963 353 sibi
989 310 1193 352 uendicet
1208 311 1236 359 1,
1269 309 1452 361 illequea
1485 308 1539 350 ab
1568 307 1888 351 haereticorum

107 377 261 431 bestijs
302 377 566 419 dilaceratus
608 376 735 418 esse2
776 375 990 419 uideatur.
1054 375 1150 417 Hoc
1191 373 1309 416 tristi
1350 376 1395 415 et
1435 372 1631 415 horribili
1675 387 1780 415 casu
1813 373 1889 415 ad-

109 441 275 484 moneri
319 455 398 484 nos
441 444 571 496 puto,
618 444 667 483 ut
708 454 889 483 saeuere
927 439 1233 495 prohibeamus
1271 437 1590 492 disputationes
1627 441 1673 480 et
1711 440 1889 480 conten-

109 507 252 550 tiones
284 520 433 549 omnes
465 506 580 549 inter
611 506 775 548 fratres
808 506 861 547 de
893 504 1204 558 controuersijs
1237 503 1491 557 Religionis,
1535 516 1644 556 quas
1684 502 1889 545 timemus

110 572 210 615 huic
245 571 478 614 Edouardo
524 571 652 613 ualde
697 570 913 614 nocuisse.
976 570 1205 612 Monemur
1248 568 1380 610 etiam
1420 569 1500 610 hoc
1542 567 1757 621 exemplo,
1803 581 1888 609 non

113 637 191 680 abs
232 651 280 679 re
325 637 433 687 fore,
479 636 515 678 si
558 650 642 678 non
686 636 825 678 solum
868 650 895 678 a
934 634 1268 690 professoribus,
1318 633 1394 675 sed
1437 632 1568 675 etiam
1612 647 1638 674 a
1679 633 1889 675 fratribus

110 702 273 745 nostris
313 701 524 752 omnibus,
566 701 828 755 praesertim
861 701 901 742 in
939 699 1210 743 Germanicis
1245 700 1290 741 et
1323 698 1501 740 Gallicis
1533 697 1751 751 Collegijs‚
1798 697 1890 739 exi-

112 781 267 821 gamus
299 781 394 809 eam
426 766 527 808 fidei
559 766 887 820 professionem,
923 779 1052 819 quam
1086 763 1291 807 Pontifex
1322 762 1542 805 Maximus
1574 762 1617 804 in
1650 777 1730 804 sua
1762 762 1888 804 Bulla

111 832 393 887 praescripsit
407 833 436 875 ³.
483 832 720 874 Praeterea
742 830 840 873 hinc
868 831 1036 873 excitor
1057 829 1113 872 ad
1136 829 1183 872 P.
1208 829 1346 871 Tuam
1368 828 1623 881 rogandam,
1657 831 1706 870 ut
1727 827 1891 869 Rector

111 897 399 940 Parisiensis4
435 897 700 951 peculiarem
733 896 947 938 rationem
979 895 1142 938 habeat
1168 894 1226 937 M.
1260 893 1477 937 Simonis⁵
1508 892 1772 943 Leodiensis,
1817 892 1888 945 qui

110 963 277 1005 utinam
300 962 502 1015 Dilingae
535 975 754 1015 nunquam
786 961 956 1011 fuisset,
989 974 1070 1002 nec
1102 959 1268 1002 semina
1300 958 1514 1013 quaedam
1537 957 1776 1012 impietatis
1798 957 1889 999 fra-

110 1030 227 1071 trum
275 1027 545 1081 quorundam
593 1027 747 1069 animis
794 1025 1028 1068 iniecisset.
1093 1024 1346 1067 Testabitur
1390 1024 1442 1065 de
1485 1023 1559 1065 illo
1603 1023 1890 1066 Matthaeusss

112 1093 315 1144 PolonuS,
349 1106 476 1146 quem
510 1092 672 1135 diutius
704 1091 784 1134 sibi
807 1091 1082 1134 retinendum
1105 1091 1268 1132 Rector
1290 1089 1493 1142 Dilingae
1514 1102 1600 1130 non
1622 1087 1809 1142 putauit,
1844 1089 1890 1129 et

113 1158 185 1212 qui
216 1161 309 1201 tum
343 1156 421 1200 deb
452 1158 537 1199 fide
568 1160 660 1201 tum
695 1157 771 1199 dec
801 1157 994 1198 moribus
1016 1157 1182 1198 Romae
1205 1154 1502 1197 admonendus
1525 1153 1761 1206 seduloque
1791 1167 1890 1207 pro-

112 1224 280 1266 bandus
302 1223 488 1273 uidetur,
522 1225 570 1264 ut
602 1225 834 1265 ueterem
867 1221 1149 1264 hominem7
1183 1223 1317 1262 exuat
1338 1220 1530 1263 tandem.
1573 1219 1638 1261 De
1660 1219 1734 1261 illo
1758 1219 1889 1261 etiam

114 1289 276 1331 scribet
307 1289 472 1331 Rector
505 1287 771 1342 Dilingensis
784 1289 812 1337 3,
856 1301 983 1341 quem
1024 1286 1213 1328 nondum
1257 1299 1437 1339 corpore
1470 1284 1579 1327 satis
1610 1285 1781 1326 firmum
1813 1284 1892 1326 ha-

114 1355 276 1405 bemus,
326 1357 371 1396 et
418 1353 538 1396 cuius
585 1353 877 1395 imbecillitati
920 1352 1062 1405 magis
1109 1354 1314 1401 metuam,
1364 1364 1460 1392 cum
1509 1349 1645 1392 abibit
1692 1349 1894 1392 Minister

115 1420 161 1464 P.
197 1419 410 1473 Georgius
443 1419 498 1461 ad
531 1418 769 1472 Collegium
804 1433 927 1460 suum
962 1417 1279 1472 Herbipolense
1293 1417 1321 1460 9.

232 1484 316 1527 Hic
346 1484 433 1527 iam
467 1484 663 1527 adferam
697 1483 995 1534 difficultates,
1030 1496 1141 1536 quae
1173 1482 1276 1524 mihi
1309 1495 1406 1523 sese
1429 1482 1617 1523 offerunt
1639 1480 1756 1522 circa
1778 1479 1892 1521 idem

115 1550 353 1604 Collegium
388 1550 716 1604 Herbipolense,
761 1549 933 1602 quando
974 1548 1038 1591 ita
1078 1548 1200 1590 iubet
1232 1547 1278 1590 P.
1313 1547 1419 1596 Tua,
1462 1548 1511 1588 ut
1549 1559 1689 1588 meam
1723 1559 1894 1598 quoque

114 1615 377 1659 sententiam
400 1616 541 1658 dicam
557 1617 605 1658 ¹⁰.
629 1615 777 1657 Prima
799 1614 1035 1656 difficultas
1058 1616 1139 1663 est,
1171 1613 1283 1666 quod
1306 1610 1712 1654 Reuerendissimus
1735 1609 1894 1652 Herbi-

111 1681 301 1737 polensis
323 1684 423 1735 post
446 1681 692 1724 confectum
725 1680 949 1733 negotium
982 1678 1250 1721 fundationis
1269 1679 1314 1728 ¹1,
1349 1676 1566 1719 monuerit
1599 1676 1790 1724 tandem,
1824 1675 1893 1716 fu-

113 1751 211 1790 turo
245 1746 435 1800 Collegio
468 1750 619 1789 nostro
651 1746 732 1788 hoc
766 1759 874 1787 onus
897 1759 1115 1787 annexum
1140 1758 1247 1794 esse,
1281 1746 1330 1785 ut
1352 1757 1409 1785 ex
1431 1742 1586 1784 annuis
1608 1740 1893 1796 prouentibus

113 1812 168 1854 ad
209 1826 346 1854 annos
387 1812 537 1854 decem
569 1813 640 1863 40,
683 1811 728 1853 ni
769 1811 913 1860 fallor,
956 1810 1108 1852 floreni
1151 1809 1399 1863 pendantur
1441 1811 1486 1850 et
1521 1807 1805 1849 conferantur
1838 1806 1892 1848 ad

113 1891 382 1920 communem
425 1877 545 1919 illam
588 1875 979 1919 contributionemd
1004 1874 1086 1929 [?],
1134 1888 1246 1928 quae
1290 1874 1373 1917 toti
1418 1873 1542 1915 Clero
1588 1871 1892 1925 Herbipolensi

111 1943 289 1996 eiusque
312 1943 515 1997 Collegijs
549 1944 594 1985 et
625 1941 907 1995 Monasterijs
940 1941 1104 1983 indicta
1138 1942 1218 1991 est,
1252 1939 1306 1981 ad
1340 1939 1549 1981 soluenda
1582 1937 1783 1980 nimirum
1816 1937 1891 1978 de-

111 2008 203 2051 bita
233 2008 370 2051 totius
403 2007 578 2050 ditionis
609 2007 696 2050 iam
730 2007 803 2048 diu
835 2010 938 2049 ante
972 2007 1213 2048 contracta.
1258 2005 1412 2047 Altera
1446 2006 1491 2046 et
1523 2003 1660 2045 maior
1687 2006 1755 2045 est
1778 2002 1890 2044 diffi-

112 2074 266 2123 cultas,
306 2074 420 2127 quod
452 2074 506 2115 ab
540 2074 691 2115 eodem
726 2072 942 2127 Episcopo
975 2073 1076 2126 post
1108 2071 1268 2113 dictam
1301 2069 1645 2112 transactionem
1679 2067 1891 2110 admoniti

112 2145 296 2190 sumuse,
321 2153 376 2181 ex
399 2138 590 2180 eiusdem
609 2138 789 2192 Collegij
812 2137 951 2180 nostri
975 2136 1260 2191 prouentibus
1278 2134 1513 2188 quotannis
1535 2133 1681 2176 deberi
1702 2134 1890 2175 florenos

232 2237 261 2269 a)
282 2238 330 2263 Ita
348 2238 381 2262 ‘in
399 2238 479 2262 arch.
493 2240 653 2262 correctum
673 2240 714 2261 est
735 2245 771 2261 ez·
790 2234 949 2268 putabant,
969 2235 1029 2260 iam
1049 2241 1177 2267 prorsus
1198 2233 1339 2259 amisisse
1359 2232 1399 2259 et.
1455 2231 1485 2263 b)
1507 2232 1533 2264 c)
1555 2233 1589 2257 In
1610 2232 1690 2257 arch.
1704 2239 1779 2256 corr.
1793 2239 1829 2255 ex
1842 2236 1889 2255 ne.

113 2279 144 2312 d)
164 2280 212 2305 Ita
231 2280 384 2311 leyendum
403 2287 464 2304 esse
485 2280 602 2304 videtur
619 2280 671 2304 Ιιοσ
692 2287 725 2309 Lu,
751 2279 825 2310 quod
846 2286 883 2303 ea·
902 2278 981 2302 arch.
998 2284 1095 2309 paene
1115 2276 1244 2301 evanuit.
1307 2277 1334 2306 e)
1363 2276 1532 2306 Sequuntur
1554 2281 1594 2298 rc.
1616 2272 1652 2298 de
1673 2272 1742 2303 alio,
1762 2273 1853 2297 omitt.

236 2387 247 2407 ²
272 2386 506 2422 Tilemannus
532 2385 738 2421 Heshusius
763 2385 994 2426 lutheranus,
1031 2384 1256 2418 contionator
1282 2381 1494 2425 Wolfgangi
1531 2379 1690 2414 Palatini
1716 2378 1890 2424 principis

114 2441 393 2485 neoburgensis;
423 2441 484 2485 qui
510 2452 592 2475 cum
607 2439 831 2483 Wolfgango
851 2438 1036 2481 Lauingae
1057 2437 1277 2481 (Lauingen)
1306 2447 1417 2481 prope
1443 2434 1628 2478 Dilingam
1652 2433 1890 2472 versabatur;

115 2495 198 2529 vide
225 2506 318 2539 quae
343 2494 410 2529 sub
436 2495 535 2539 ipsas
561 2493 628 2528 has
654 2494 798 2527 litteras
826 2492 1003 2526 dicentur.

235 2548 248 2568 ²
275 2547 329 2582 Cf.
356 2548 404 2582 Ps
432 2548 487 2588 73,
516 2548 578 2588 19;
615 2547 665 2581 Ez
690 2547 724 2586 4,
753 2546 797 2580 14
823 2548 891 2580 etc.

236 2602 249 2622 ³
275 2601 540 2636 Professionem
580 2600 664 2634 fidei
701 2599 954 2639 tridentinam,
991 2610 1012 2632 a
1038 2598 1102 2632 Pio
1130 2597 1190 2631 IV.
1229 2608 1260 2631 a.
1291 2596 1382 2630 1564
1417 2594 1700 2640 praescriptam;
1739 2605 1774 2628 v.
1806 2593 1892 2627 Can.

115 2655 167 2689 IV
193 2655 271 2690 654.
417 2657 430 2676 4
456 2655 497 2689 P.
526 2654 737 2688 Edmundus
764 2653 891 2687 Haius.

236 2709 249 2729 ⁵
274 2709 452 2749 Damerii;
481 2709 524 2742 de
551 2720 620 2752 quo
651 2708 738 2742 Can.
758 2705 791 2741 V
810 2706 880 2741 260
906 2706 975 2740 448
1002 2705 1071 2740 455
1098 2706 1188 2745 469;
1226 2704 1306 2738 vide
1333 2703 1453 2744 etiam,
1491 2713 1583 2746 quae
1610 2701 1676 2736 sub
1703 2702 1801 2746 ipsas
1827 2699 1894 2734 has

118 2762 260 2797 litteras
287 2763 461 2796 dicentur.
608 2762 622 2782 ⁶
648 2760 839 2795 Michonis.

238 2817 250 2837 ⁷
278 2815 341 2850 Col
367 2816 398 2856 3,
426 2816 459 2850 9.
510 2815 589 2860 Eph
615 2815 647 2855 4,
676 2814 731 2848 22.
784 2814 874 2847 Rom
901 2813 933 2853 6,
961 2813 993 2846 6.

238 2870 250 2889 ⁸
276 2869 430 2914 Scripsit
458 2869 488 2903 1.
515 2867 739 2913 Septembris
767 2868 878 2907 1567;
906 2866 990 2900 vide
1016 2877 1108 2910 quae
1135 2865 1202 2899 sub
1228 2864 1327 2909 ipsas
1353 2863 1463 2898 hasce
1488 2863 1632 2897 litteras
1658 2862 1834 2896 dicentur.

238 2923 251 2942 ⁹
277 2923 317 2957 P.
345 2921 524 2966 Georgius
551 2922 670 2956 Bader
695 2921 780 2955 huic
806 2920 960 2963 collegio
987 2919 1193 2954 destinatus
1219 2920 1298 2952 erat
1323 2920 1460 2958 rector:
1488 2928 1523 2951 v.
1550 2927 1662 2961 supra
1688 2927 1721 2960 p.
1744 2916 1797 2949 13.

227 2977 253 2996 ¹⁰
277 2975 430 3019 Borgias
456 2976 507 3010 ita
533 2975 683 3010 iussisse
709 2975 855 3008 videtur
879 2973 1014 3008 litteris
1039 2973 1095 3007 26.
1122 2971 1206 3006 Iulii
1232 2972 1345 3012 datis;
1378 2982 1470 3015 quae
1496 2971 1567 3005 iam
1594 2981 1664 3004 non
1691 2970 1848 3003 exstant.

226 3030 254 3049 ²¹
280 3029 447 3064 Oanisius
474 3031 509 3063 et
538 3029 576 3063 P.
603 3029 784 3063 Antonius
798 3027 917 3062 Vinck
943 3026 1181 3072 provincialis
1207 3025 1390 3060 rhenanus
1417 3027 1572 3058 exeunte
1599 3035 1646 3057 m.
1672 3022 1774 3056 Iunio
1804 3022 1893 3056 1567

118 3082 304 3127 Herbipoli
339 3094 420 3116 cum
457 3082 639 3117 Friderico
676 3093 697 3116 a
723 3081 916 3124 Wirsberg
951 3080 1119 3125 episcopo
1154 3078 1397 3124 herbipolensi
1433 3080 1469 3112 et
1500 3076 1675 3112 Franciae
1710 3074 1895 3109 orientalis

118 3136 208 3171 duce
235 3137 277 3170 de
304 3135 514 3170 fundatione
540 3136 603 3170 illa
630 3135 914 3170 constituerant:
944 3146 978 3168 V.
1010 3135 1097 3167 Can.
1117 3133 1150 3167 V
1169 3133 1248 3168 504.
