2044 3335
107 91 191 132 604
745 84 840 119 Mon.
867 83 936 118 975
961 83 1039 117 sive
1065 94 1142 117 oen.
1165 81 1229 126 (3).

104 203 378 248 destomacharj,
405 204 499 236 sicut
524 201 612 235 fecit
637 211 779 234 rursum
807 210 887 233 cum
914 198 1167 237 intellexisset,
1203 208 1259 231 me
1286 197 1423 231 dixisse
1457 196 1551 231 nolle
1586 207 1651 230 nos
1678 196 1871 230 exturbare

103 256 245 291 omnino
270 258 411 290 nostros
437 254 576 289 vicinos
601 265 667 288 sua
693 253 806 294 domo,
834 254 870 286 et
895 263 1000 296 posse
1026 263 1091 285 nos
1118 251 1161 284 ad
1195 252 1338 295 tempus
1372 250 1503 284 iterum
1530 249 1699 292 restringi
1727 259 1769 283 ac
1795 249 1872 283 dor-

104 310 193 344 mire
229 321 271 343 ac
303 309 449 342 studere
483 307 520 341 in
554 306 772 341 bibliotheca
802 316 896 339 noua
923 307 959 338 et
984 304 1020 338 in
1046 304 1271 349 hypocausto
1298 314 1428 347 magno
1455 315 1547 337 nouo
1573 314 1688 337 vacuo
1715 305 1751 336 et
1775 302 1872 348 alibj.

104 363 214 396 Porro
241 373 322 395 cum
347 362 418 395 iam
445 362 628 395 constaret
654 360 696 393 de
722 360 800 393 loco
826 358 886 392 ubi
912 358 1002 392 haec
1028 368 1121 391 noua
1147 356 1285 391 fabrica
1320 358 1518 401 pararetur,
1550 358 1586 390 et
1611 356 1646 389 in
1673 367 1804 398 genere
1830 355 1874 389 de

104 416 226 449 futura
252 414 428 448 collecta³
455 414 691 448 constitutum
718 414 825 453 esset,
852 411 1015 455 quaestio
1042 410 1159 445 adhuc
1185 410 1400 444 versabatur
1430 410 1523 444 inter
1550 409 1718 450 Primam,
1745 410 1781 443 et
1806 408 1875 443 sibi

105 468 352 508 adhaerentes,
379 478 533 511 quonam
559 469 665 511 pacto
692 466 839 500 deberet
863 464 942 498 fieri
968 464 1058 498 haec
1093 463 1244 498 collecta
1270 465 1307 497 et
1336 475 1417 497 cum
1442 462 1529 497 mihi
1566 463 1726 497 diuersos
1752 462 1876 496 modos

106 524 269 555 narraret
294 520 507 563 designatus
531 519 744 560 Collector¹‚
771 518 846 552 dixi
872 530 940 552 non
967 516 1079 552 semel
1105 517 1191 551 mihi
1217 528 1287 550 non
1322 516 1464 561 probari
1491 527 1568 550 eam
1596 515 1806 549 aedificandi
1832 527 1877 549 ex

106 573 266 609 collectis
301 574 383 608 hinc
419 574 500 607 inde
534 572 697 618 pecunijs
732 572 907 606 rationem
943 582 1022 605 cum
1050 570 1224 615 Princeps
1259 570 1358 604 solus
1387 569 1569 612 obligatus
1604 568 1729 613 [esset]
1760 567 1805 612 [22]
1832 579 1878 602 ex

105 628 274 661 mandato
302 627 448 661 Patris2
481 626 655 672 templum
683 625 842 669 Collegio
879 624 1069 659 aedificare
1104 627 1140 658 et
1174 624 1250 657 fore
1285 623 1442 668 Principi
1478 622 1642 656 dedecori
1675 622 1879 656 huiusmodi

106 680 386 714 mendicitatem.
437 680 600 714 Secundo
635 681 784 713 conatus
819 689 898 712 sum
934 677 1059 721 Crispo
1095 677 1303 711 dissuadere
1337 688 1381 710 ne
1417 687 1495 710 eam
1540 674 1760 709 collectionis
1801 686 1879 720 pro-

107 734 264 768 uinciam
290 734 491 778 susciperet
526 745 617 777 quae
652 735 727 766 tam
763 731 896 766 multos
933 733 1030 765 esset
1064 730 1232 764 habitura
1267 729 1550 764 contradictores
1582 731 1618 762 et
1644 728 1880 769 oblocutores,

108 799 234 821 verum
261 799 341 821 cum
368 787 509 821 videret
534 799 573 821 se
598 787 748 820 nimium
776 784 906 827 stringi
934 783 1094 828 Crispus,
1130 783 1287 818 obuertit
1313 783 1381 817 sibi
1406 794 1538 817 munus
1574 781 1796 825 colligendae
1822 793 1880 826 pe-

108 841 235 875 cuniae
262 841 305 874 ab
333 840 588 875 Jllustrissimo
607 839 800 883 Principeb
827 839 950 872 exerte
975 837 1192 880 delegatum,
1220 839 1256 870 et
1281 837 1317 870 in
1343 836 1410 870 hoc
1436 847 1522 870 casu
1549 834 1662 880 viderj
1683 834 1880 869 Concilium

109 905 190 928 esse
215 905 325 938 supra
353 894 489 938 Papam
515 893 552 927 3⁰
572 891 675 936 [dixi]
695 892 742 936 [12]
778 891 862 925 mihi
890 902 960 924 non
987 890 1101 923 videri
1128 892 1169 923 ut
1194 892 1298 923 extra
1323 892 1398 923 tres
1416 889 1529 923 Aulas
1555 889 1620 922 has
1647 900 1709 922 seu
1728 888 1881 922 Domum

113 947 342 982 Austriacam
369 947 404 980 in
430 947 497 981 hoc
523 946 689 980 districtu
716 944 879 979 tirolensi
905 946 1110 977 manentem
1124 944 1146 985 ³,
1174 943 1337 977 collectio
1364 954 1444 977 sese
1471 942 1617 976 deberet
1635 941 1829 975 extendere
1847 943 1884 975 et

113 1001 317 1035 indecorum
335 1000 412 1034 fore
430 1000 460 1034 si
479 1000 612 1044 passim
632 999 742 1033 etiam
760 999 804 1033 ab
823 997 1026 1032 hominibus
1045 997 1225 1041 opulentis
1243 998 1426 1041 peteretur
1444 996 1653 1031 subsidium.
1689 995 1742 1029 Ne
1760 995 1883 1038 itaque

113 1055 304 1089 crabrones
330 1054 490 1088 iritarem
510 1053 621 1087 malui
638 1053 745 1087 silere
763 1063 805 1085 ac
823 1052 949 1086 cedere
969 1062 1076 1095 quam
1096 1050 1383 1084 contentionibus
1402 1049 1593 1090 deseruire,
1620 1048 1805 1083 Potuisset
1822 1047 1884 1082 ille

113 1110 199 1142 tunc
225 1108 297 1141 alia
322 1107 537 1152 respondere
556 1134 563 1141 .
584 1109 619 1140 et
646 1106 790 1150 quidem
816 1105 933 1148 magis
959 1104 1061 1146 regia
1086 1115 1190 1138 suum
1217 1115 1346 1137 munus
1371 1103 1561 1145 colligendi
1580 1113 1807 1147 propugnare
1827 1128 1834 1135 .
1853 1100 1884 1135 si

116 1161 306 1195 obiecisset
333 1160 419 1194 mihi
449 1160 517 1204 (uti
531 1172 626 1194 nunc
644 1160 750 1202 dixit)
779 1158 848 1193 sibi
874 1170 894 1192 a
913 1158 951 1192 P.
972 1157 1189 1191 Prouinciali
1217 1157 1300 1191 dum
1320 1157 1378 1191 hic
1396 1158 1493 1190 esset
1512 1156 1624 1189 fuisse
1643 1155 1883 1189 commissum.

236 1214 399 1248 Ecclesia
425 1213 523 1255 haec,
551 1214 590 1247 P.
619 1213 744 1257 Crispo
771 1211 1056 1246 aedificationem
1082 1212 1229 1244 curante
1257 1212 1292 1244 et
1317 1209 1504 1244 nobilitate
1530 1209 1768 1253 oenipontana
1793 1207 1885 1252 ipso-

116 1280 185 1313 que
211 1267 434 1302 Ferdinando
461 1267 653 1302 archiduce
687 1267 883 1300 maximam
917 1267 1057 1310 partem
1093 1266 1301 1309 sumptuum
1336 1263 1412 1307 (qui
1448 1265 1551 1297 erant
1576 1263 1669 1297 3600
1693 1260 1885 1304 florenum)

117 1321 485 1362 subministrantibus,
512 1319 687 1365 proximis
722 1319 824 1353 annis
861 1330 900 1352 eo
935 1318 1108 1363 perducta
1143 1321 1208 1358 est,
1243 1319 1284 1351 ut
1310 1318 1366 1351 26.
1393 1316 1473 1350 Iulii
1503 1317 1589 1350 1571
1621 1327 1641 1350 a
1666 1315 1787 1349 Blasio
1814 1313 1887 1348 Ali-

116 1375 291 1420 prandino
317 1374 483 1408 auxiliari
512 1374 677 1418 episcopo
703 1372 901 1407 brixinensi
932 1383 1012 1405 cum
1048 1371 1152 1405 titulo
1179 1370 1435 1404 Sanctissimae
1462 1369 1651 1403 Trinitatis
1687 1367 1887 1402 consecrari

117 1431 239 1474 posset
266 1428 453 1472 (Ayricola
479 1428 501 1462 1.
529 1440 558 1462 c.
586 1427 611 1469 I,
639 1426 724 1461 Dec.
754 1427 807 1467 13,
834 1437 866 1459 n.
893 1426 913 1459 2
941 1426 973 1460 3.
1017 1425 1135 1468 Dukr,
1162 1425 1236 1458 Jes.
1263 1424 1279 1457 Ι
1306 1424 1505 1458 608—610.
1548 1424 1689 1463 Brann,
1718 1421 1888 1455 Kirchen-

117 1483 250 1517 bauten
276 1482 310 1516 11
338 1481 505 1524 11—14).

120 1604 224 1641 975
251 1604 330 1639 sive
358 1613 478 1639 oen.
500 1601 599 1648 (3).
674 1600 727 1637 Ab
753 1600 779 1636 1.
798 1599 957 1647 Augusti
983 1599 1029 1635 ad
1055 1598 1113 1635 30.
1134 1597 1359 1645 Septembris
1384 1596 1479 1634 1567.

238 1670 292 1704 Ex
319 1668 553 1713 autographo.
605 1668 647 1702 G.
668 1668 730 1712 Ep.
749 1667 836 1702 VIII
863 1667 887 1700 f.
909 1665 1139 1700 1962—19712.

238 1730 277 1763 P.
305 1730 468 1762 Lanoias
493 1729 630 1771 collegii
656 1729 887 1770 oenipontam'
917 1731 1034 1759 rector
1057 1725 1260 1768 praeposito
1284 1725 1444 1767 yeneralt'
1471 1724 1671 1766 apoloyiam
1698 1723 1803 1755 mittit
1829 1722 1891 1755 aa'-

120 1794 239 1817 versas
260 1783 443 1816 Canis-lam
467 1782 732 1825 provincialem,
760 1782 822 1824 qui
847 1782 883 1813 in
911 1780 1112 1813 visitatione
1137 1778 1241 1811 varia
1262 1788 1454 1820 perperam
1473 1777 1713 1810 constitnerit:
1738 1777 1777 1809 P.
1798 1777 1890 1809 Mer-

122 1837 272 1881 quitiam
297 1837 404 1879 pueri
431 1837 546 1868 instar
570 1836 726 1868 tractari
752 1836 873 1875 ἐκπίμ-
900 1837 937 1866 at
962 1838 991 1866 et
1018 1833 1075 1865 ille
1101 1837 1130 1865 et
1155 1833 1292 1874 fratres
1317 1831 1403 1863 laiee'
1429 1831 1575 1874 quidam
1600 1840 1713 1862 serere
1738 1831 1892 1862 tractari

122 1891 251 1923 debent.
303 1889 448 1922 Natalis
480 1890 653 1932 visitator,
690 1899 780 1931 Quae
815 1888 940 1920 cotidie
966 1897 1009 1919 ex
1034 1886 1155 1918 culina
1182 1885 1287 1918 (culae
1311 1886 1514 1927 mittantur,
1545 1894 1614 1926 pro
1642 1883 1727 1915 cibis
1752 1883 1893 1915 usitatis

118 1945 218 1987 poni,
257 1954 328 1975 non
362 1943 461 1975 ¹ultra
496 1953 551 1975 eos
586 1942 720 1984 apponi
756 1942 866 1974 iussit.
918 1939 1135 1981 Illayclalena
1170 1938 1427 1980 archidiae-issa,
1463 1948 1540 1970 cum
1575 1937 1738 1969 Lanoias
1772 1939 1893 1968 vestem

117 1997 302 2040 pelliceam
326 1996 395 2028 sibe·
420 1996 463 2028 ab
490 2007 529 2028 ea
555 1996 698 2028 missam
725 1995 910 2027 admittere
933 1996 1134 2025 constanter
1160 1993 1341 2033 renuisset,
1368 1990 1549 2033 respondit
1574 2000 1609 2022 se
1632 1990 1827 2032 facturam,
1857 1992 1892 2021 ut

122 2050 171 2083 acl
205 2060 280 2082 eam
315 2049 568 2081 adinittendam
602 2060 666 2091 per
704 2048 890 2081 Canisiam
925 2050 1116 2088 σοφεν-εἴην.
1168 2045 1388 2087 Reyz‘narnm
1425 2045 1635 2085 confessarii
1671 2044 1708 2075 sn
1735 2042 1893 2075 eubiculo

117 2103 301 2146 prandent
326 2103 412 2135 ethis
437 2103 576 2145 aulicis,
603 2103 684 2134 vino
712 2102 910 2142 neccarum,-
935 2109 1056 2132 eoram
1083 2099 1182 2141 alter,
1210 2102 1246 2130 ut
1271 2098 1402 2140 fertur,
1428 2097 1496 2130 siba·
1522 2096 1666 2129 liberam
1694 2096 1895 2128 discedendi

120 2157 326 2199 facultatem
353 2166 421 2188 esse
446 2157 609 2188 asseruit.
660 2155 853 2197 Pmperam
880 2154 992 2197 igyitm·
1022 2152 1189 2185 Canistus
1215 2152 1362 2184 rectoris
1387 2151 1602 2183 severitatem
1630 2149 1839 2192 improbavit
1865 2153 1895 2181 et

121 2212 167 2243 iis
193 2210 353 2253 credidit,
381 2209 443 2252 qni
468 2209 623 2251 reliquos
641 2208 688 2240 acl
714 2207 1016 2240 murmurandum
1043 2206 1207 2238 excitant.
1248 2205 1471 2247 Oem'pontem
1491 2204 1692 2245 mittuntur,
1720 2203 1781 2245 qui
1807 2202 1896 2235 alibi

122 2264 217 2305 ferri
243 2274 313 2296 non
338 2267 496 2305 possunt.

241 2324 289 2365 P.
318 2323 522 2364 Nicotaus
554 2322 748 2363 Lametus
780 2321 938 2375 eolleyz‘i
970 2320 1242 2373 oentpomcmi
1273 2323 1407 2359 rector
1440 2317 1667 2371 Oeniponte
1699 2318 1768 2357 30.
1794 2317 1892 2369 Sep-

122 2389 293 2430 tembris
327 2390 442 2429 1567
475 2388 533 2428 ad
555 2388 598 2429 S.
629 2387 902 2428 Franciseam
927 2385 1128 2439 Borqtam
1160 2385 1450 2438 praepositum
1473 2382 1707 2436 yeaeralem
1732 2382 1893 2422 litteras

127 2454 255 2505 dedit,
295 2455 340 2494 in
373 2453 523 2508 quibas
557 2453 608 2493 de
641 2452 764 2493 rebus
797 2465 822 2491 a
858 2451 1030 2492 Canisto
1061 2450 1300 2504 praeposito
1327 2448 1586 2502 provinciali
1617 2461 1669 2488 m.
1704 2447 1893 2500 Au‘qusto

127 2534 164 2561 a.
200 2520 316 2560 1567
356 2520 402 2559 in
434 2519 672 2559 visitatione
713 2518 830 2558 illias
863 2517 1022 2570 eolleqil
1060 2516 1187 2569 (lestis
1221 2520 1255 2555 et
1287 2513 1519 2556 constitutis
1551 2513 1675 2552 varta
1707 2511 1893 2552 notabat.

126 2585 188 2625 Ac
222 2585 408 2638 primum
443 2584 608 2638 (scaldem
645 2583 694 2623 cle
727 2582 776 2623 P.
811 2582 971 2623 Ioanne
1004 2581 1230 2634 Merquz'tc'o
1272 2593 1429 2620 saxone
1462 2579 1505 2620 S.
1538 2577 1595 2630 J„
1632 2577 1896 2631 paroehialis

128 2650 321 2690 ecelesiae
353 2650 659 2703 oenlpontaome
682 2649 976 2700 contionatore,
1004 2646 1173 2687 scribit:
1205 2644 1247 2686 Jl
1272 2643 1316 2685 P.
1343 2641 1613 2684 Prouinciale
1646 2641 1701 2682 ha
1733 2641 1895 2682 hauuto

129 2713 167 2753 d'
192 2713 286 2754 fare
320 2727 399 2754 con
442 2713 501 2754 lui
541 2713 585 2754 in
619 2713 774 2765 questa
808 2711 962 2761 Visita‚
1006 2713 1050 2752 et
1082 2710 1210 2751 vuole
1244 2709 1321 2750 che
1354 2708 1418 2749 sia
1450 2708 1637 2749 trattato
1671 2706 1725 2747 da
1756 2707 1894 2759 puttO.

129 2777 392 2819 Veramente
424 2792 510 2819 non
542 2777 579 2819 si
610 2791 694 2831 puo
727 2778 917 2818 trattare
947 2776 1210 2824 altrimente‚
1245 2776 1349 2828 pero
1381 2773 1445 2815 tal
1477 2772 1597 2814 uolta
1630 2770 1799 2824 quando
1833 2769 1896 2811 di-

130 2843 287 2883 manda
320 2857 406 2884 vna
448 2857 549 2884 cosa
591 2842 811 2885 contraria
852 2856 878 2883 a
909 2842 935 2882 1'
960 2839 1232 2882 edificatione
1266 2838 1335 2879 del
1368 2837 1579 2891 prossimo
1614 2850 1636 2877 0
1671 2838 1823 2878 contra
1854 2834 1897 2876 la

249 2917 275 2947 a)
296 2917 360 2941 Duo
383 2925 422 2941 ev.
443 2925 500 2948 sqq.
522 2925 537 2940 a
563 2917 633 2941 Lan.
654 2917 685 2941 in
705 2916 837 2947 mar-(sine
858 2916 959 2940 addita
980 2917 1056 2939 simt-
1148 2913 1179 2946 b)
1199 2913 1338 2944 Sequitur
1357 2913 1483 2937 alterum
1503 2909 1570 2936 sibi.

255 3022 261 3040 ¹
291 3022 329 3055 P.
358 3022 517 3066 Crispus.
663 3023 675 3042 ²
701 3022 917 3056 Ferdinandi
943 3022 971 3055 Ι.
997 3020 1236 3065 imperatoris.

253 3074 265 3093 ³
292 3074 403 3107 Aulas
430 3075 642 3108 Fer-dinandi
669 3075 723 3116 H„
750 3075 998 3118 Magdalenae,
1025 3073 1184 3107 Helenae
1210 3073 1328 3106 dicere
1354 3071 1506 3105 videtur.
