2044 3335
344 96 446 130 1624.
472 95 512 130 Ρ.
532 94 740 140 Alphonsus
766 94 922 129 Pisanus
948 93 1102 129 Canisio.
1153 91 1300 136 Dilinga
1328 91 1382 126 13.
1401 90 1524 125 Martii
1545 91 1647 125 1569.
1792 92 1873 133 271

409 214 573 263 Ihesus,
607 213 862 254 Reuerende
895 212 1124 254 admodum
1158 210 1199 252 in
1235 209 1406 252 Christo
1439 212 1578 263 pater,

634 277 691 319 sit
723 291 895 331 semper
926 277 1163 326 nobiscum,
1197 275 1349 317 Amen.

223 343 373 386 Voluit
420 342 701 385 Reuerendus
750 342 796 385 P.
830 342 1035 392 Rectorl,
1085 343 1133 383 ut
1178 353 1259 392 ego
1304 339 1628 393 Responderem
1676 337 1731 379 ad
1780 351 1877 391 pro-

104 408 341 463 positiones
383 408 436 450 de
467 408 614 449 Indice
654 407 862 449 librorum
904 405 1232 461 prohibitorum,
1277 407 1429 458 utpote
1470 403 1737 454 Doctoralia,
1782 417 1877 445 cuni

106 474 199 528 ipse
233 474 287 515 ad
320 472 570 515 Rectoralia
604 474 721 514 esset
754 472 1072 526 Responsurus.

224 538 281 580 Et
327 537 511 592 primum
566 537 736 590 quidem
783 537 862 578 hoc
908 536 1187 585 occurrebat,
1232 533 1528 576 intelleximus
1571 532 1757 575 Galliam
1804 545 1880 586 per

108 603 382 646 Cardinalem
416 602 729 654 Lotharingum
763 601 1021 656 impetrasse
1054 613 1259 653 magnam
1291 598 1634 640 moderationem
1667 597 1821 639 indicis
1855 610 1880 639 a

105 682 272 710 summo
306 668 552 722 pontifice2,
594 667 657 709 ita
691 667 822 708 etiam
855 681 934 720 per
965 664 1392 707 Reuerendissimum
1436 666 1646 713 nostrum,
1690 665 1738 704 ut
1772 662 1880 704 Ger-

105 733 276 775 maniae
308 735 600 787 protectorem
614 733 643 782 3,
678 732 750 784 qui
782 732 904 774 nouit
937 745 1066 784 quam
1100 729 1275 772 difficile
1308 731 1352 770 et
1380 727 1652 782 jmpossibile
1685 727 1742 769 sit
1773 727 1881 769 talia

106 798 273 840 seruari
295 798 338 839 in
363 797 608 848 Germania,
643 799 791 851 posset
822 796 1060 850 impetrari,
1095 798 1143 837 ut
1176 794 1256 836 soli
1287 794 1350 835 illi
1384 792 1879 843 excommunicarentur,

106 863 179 917 qui
218 864 418 916 legerent
458 863 590 904 libros
632 876 686 902 ex
724 861 921 916 professo
955 863 1108 903 contra
1140 859 1395 913 religionem
1428 860 1688 907 tractanteS,
1732 859 1777 899 et
1810 856 1881 910 qui

106 943 161 971 ex
194 928 390 982 professo
423 928 634 981 legerent,
668 941 752 968 non
787 927 841 968 ad
871 925 1230 981 jmpugnandum,
1274 938 1414 977 neque
1447 937 1550 965 casu
1583 926 1664 965 etc.
1700 923 1776 964 sed
1810 923 1880 975 qui

106 997 234 1036 notas
266 993 469 1035 haereses
501 993 695 1045 gaudent
727 992 875 1045 legere
887 993 916 1034 4.

224 1059 288 1100 De
321 1058 560 1112 purgandis
592 1057 724 1100 etiam
757 1057 878 1098 libris
892 1058 920 1107 5,
956 1059 1134 1111 propter
1165 1055 1228 1097 rei
1261 1054 1565 1096 difficultatem
1599 1055 1749 1107 posset
1780 1067 1882 1106 sup·

105 1124 271 1178 plicari,
315 1126 363 1166 ut
403 1123 534 1165 liceat
575 1122 788 1165 catholico
831 1122 983 1164 lectori
1027 1121 1163 1163 cuiuis
1206 1120 1364 1169 delere,
1409 1133 1520 1172 quae
1562 1121 1716 1161 contra
1754 1118 1881 1160 fidem

107 1189 364 1232 catholicam
407 1202 502 1231 esse
534 1188 804 1230 intellexerit
836 1188 890 1229 ab
922 1187 988 1241 ijs,
1033 1187 1105 1240 qui
1139 1186 1296 1228 docent
1327 1185 1370 1226 in
1404 1184 1776 1227 Vniuersitatibus
1811 1197 1883 1225 ca—

106 1253 279 1297 tholicis
312 1257 393 1297 eto.
429 1257 505 1296 aut
546 1255 594 1295 ut
635 1252 877 1294 huiusmodi
920 1253 1044 1294 labor
1076 1251 1401 1306 purgandorum
1444 1249 1666 1300 librorum,
1710 1249 1782 1302 qui
1816 1250 1884 1290 est

106 1320 312 1369 infinitus
347 1319 612 1361 diuideretur
634 1318 749 1360 inter
771 1318 1046 1367 Academias,
1080 1315 1271 1370 alioquin
1303 1330 1457 1370 parum
1491 1318 1568 1357 aut
1590 1315 1693 1356 nihil
1727 1315 1768 1355 in
1802 1313 1884 1356 hac

109 1388 234 1439 parte
265 1384 475 1435 facturas,
509 1384 542 1426 si
577 1384 661 1425 illis
693 1398 780 1425 non
813 1383 1067 1437 injungitur.

227 1450 406 1493 Interim
439 1453 584 1492 autem
609 1450 709 1490 dum
742 1449 850 1491 haec
871 1449 1175 1502 impetrantur,
1210 1445 1376 1488 seruari
1410 1448 1630 1500 poterunt,
1664 1445 1740 1486 illa
1773 1458 1884 1497 quae

111 1516 332 1558 commode
364 1515 456 1557 fieri
489 1517 682 1569 possunt,
718 1516 763 1556 et
794 1514 837 1556 in
871 1513 1021 1568 primis
1054 1512 1196 1554 Biblia
1229 1511 1442 1565 vulgaria,
1483 1514 1530 1553 ut
1564 1525 1647 1552 non
1681 1511 1886 1563 legantur

108 1582 152 1623 in
187 1582 432 1632 Germania,
467 1580 681 1623 Editionis
714 1580 976 1629 Catholicae,
1020 1578 1194 1620 memini
1228 1592 1296 1619 me
1330 1577 1503 1619 audisse
1537 1591 1562 1619 a
1595 1576 1884 1618 Reuerendis-

111 1647 219 1689 simo
261 1649 411 1689 nostro
429 1647 457 1698 6,
498 1646 542 1688 id
583 1660 667 1688 non
710 1660 837 1700 posse
880 1645 1047 1687 seruari
1089 1644 1131 1685 in
1175 1642 1419 1686 Germania.
1491 1642 1582 1691 Quo
1625 1642 1740 1684 dicto
1782 1640 1886 1683 mihi

112 1712 283 1754 uidetur
324 1712 493 1754 dedisse
534 1712 805 1761 facultatem,
850 1713 898 1753 ut
938 1711 981 1752 in
1023 1724 1100 1751 suo
1133 1708 1401 1763 Episcopatu
1434 1708 1678 1761 legantur7.
1743 1706 1885 1756 Quare

235 1814 243 1833 ¹
269 1812 511 1846 Theodoricus
538 1812 714 1846 Canisius.

231 1867 244 1887 ²
271 1865 363 1907 Quid
391 1866 541 1900 Carolus
561 1865 708 1900 Guisius
734 1864 1028 1909 archiepiscopus
1052 1863 1253 1898 rhemensis
1275 1861 1453 1905 (Rheims)
1483 1866 1518 1895 et
1545 1861 1640 1895 sedis
1668 1860 1886 1906 apostolicae

112 1932 176 1965 per
194 1919 350 1954 Galliam
375 1920 518 1963 legatus
546 1919 807 1964 impetraverit,
836 1919 974 1957 nescio;
1003 1929 1069 1952 nec
1095 1917 1289 1961 quidquam
1319 1915 1426 1949 huius
1452 1915 1596 1958 generis
1623 1917 1746 1949 exstat
1770 1926 1887 1958 neque

111 1975 148 2008 in
175 1974 302 2018 synodi
328 1973 561 2018 provincialis
588 1975 743 2007 exeunte
770 1985 801 2006 a.
824 1973 914 2006 1564
941 1971 1089 2005 Rhemis
1116 1971 1160 2005 ab
1189 1982 1229 2004 eo
1254 1969 1400 2004 habitae
1430 1970 1479 2011 (v.
1503 1970 1588 2003 Can.
1608 1968 1641 2002 V
1660 1969 1760 2012 643⁴)
1794 1971 1887 2010 „sta-

111 2027 222 2062 tutis“
261 2027 339 2061 sive
375 2027 540 2067 decretis,
577 2038 669 2070 quae
706 2026 849 2070 quidem
876 2026 1030 2070 vulgata
1063 2027 1149 2059 sunt
1186 2023 1316 2066 (multa
1351 2023 1443 2056 enim
1482 2023 1607 2056 deesse
1634 2022 1812 2063 videntur,
1848 2024 1888 2055 ut

112 2083 215 2115 notat
249 2082 478 2125 Harduinus,
514 2081 607 2115 Acta
634 2079 872 2114 Conciliorum
900 2079 932 2112 X
959 2079 1057 2120 478),
1093 2089 1210 2122 neque
1245 2077 1339 2122 apud
1378 2077 1442 2111 Fr.
1470 2079 1513 2110 A.
1543 2077 1733 2120 Zaccaria,
1769 2075 1888 2110 Storia

111 2134 288 2179 polemica
315 2134 406 2168 delle
432 2133 641 2179 proibizioni
668 2133 721 2167 de'
737 2133 829 2175 libri,
849 2133 962 2167 Roma
984 2133 1085 2172 1777,
1108 2130 1306 2170 147-162,
1333 2142 1450 2173 neque
1477 2130 1570 2174 apud
1592 2131 1720 2163 Heinr.
1739 2129 1887 2171 Ιίειιπῖι,

113 2187 185 2221 Der
213 2188 323 2221 Index
350 2188 413 2221 der
439 2188 657 2222 verbotenen
684 2187 827 2221 Bucher
854 2187 881 2227 I,
909 2186 1010 2220 Bonn
1040 2186 1141 2227 1883,
1169 2184 1369 2219 343—344.

235 2242 247 2261 ³
279 2241 480 2275 Cardinalis
507 2240 592 2275 Otto
618 2240 819 2275 Truchsess
855 2240 1044 2285 episcopus
1081 2242 1318 2283 augustanus,
1352 2237 1412 2281 qui
1443 2238 1626 2281 protector
1661 2235 1887 2279 germanicae

113 2295 269 2330 nationis
295 2295 387 2339 apud
415 2295 538 2329 sedem
564 2294 799 2339 apostolicam
826 2294 1045 2328 constitutus
1072 2295 1150 2327 erat
1169 2292 1277 2336 (Can.
1293 2291 1324 2325 V
1342 2292 1454 2334 174⁷),
1481 2290 1549 2324 hoc
1573 2292 1735 2335 tempore
1754 2290 1887 2323 Romae

114 2349 332 2383 morabatur.

235 2404 247 2422 4
274 2403 388 2436 Index
414 2401 469 2436 Pii
495 2401 556 2438 IV.
583 2401 672 2436 haec
699 2401 873 2436 habebat:
911 2401 968 2444 „Si
996 2400 1077 2445 quis
1103 2399 1215 2434 libros
1240 2397 1505 2433 haereticorum
1532 2397 1591 2431 vel
1619 2396 1781 2441 cujusvis
1807 2408 1888 2431 auc-

114 2456 203 2490 toris
230 2456 364 2500 scripta
391 2455 434 2489 ob
453 2455 631 2489 haeresim
660 2455 717 2489 vel
744 2455 787 2488 ob
814 2455 898 2489 falsi
918 2454 1098 2498 dogmatis
1117 2453 1358 2498 suspicionem
1379 2452 1549 2485 damnata
1576 2453 1684 2495 atque
1709 2450 1889 2495 prohibita

114 2509 245 2552 legerit
271 2510 349 2543 sive
376 2509 554 2549 habuerit,
589 2509 713 2542 statim
750 2508 786 2542 in
822 2507 1205 2542 excommunicationis
1241 2505 1457 2540 sententiam
1485 2505 1656 2538 incurrat.
1709 2502 1777 2545 Qui
1806 2515 1889 2537 vero

114 2563 225 2597 libros
253 2563 322 2597 alio
348 2562 491 2596 nomine
518 2562 728 2596 interdictos
754 2562 884 2605 legerit
910 2564 973 2595 aut
998 2561 1175 2599 habuerit.
1212 2561 1357 2604 praeter
1383 2558 1522 2603 peccati
1548 2557 1713 2592 mortalis
1739 2560 1889 2598 reatum,

116 2628 185 2661 quo
212 2616 381 2658 afficitur,
404 2616 539 2661 judicio
566 2616 813 2660 episcoporum
840 2626 968 2649 severe
986 2616 1175 2660 puniatur“
1193 2627 1200 2648 :
1228 2613 1367 2656 Regula
1387 2612 1418 2645 X
1439 2611 1522 2655 (Die
1541 2613 1680 2645 Indices
1705 2613 1772 2645 etc.
1792 2611 1889 2655 251).

236 2671 249 2690 ⁵
274 2670 326 2703 De
352 2670 419 2704 hac
445 2669 623 2713 purgandi
649 2668 787 2703 ratione
814 2681 847 2702 v.
867 2680 977 2713 supra
1005 2680 1037 2712 p.
1057 2668 1125 2704 267
1153 2668 1233 2702 269.

236 2724 249 2743 ‘³
276 2722 458 2757 Oardinali
485 2723 705 2763 Truchsess;
732 2722 777 2756 cf.
801 2722 886 2756 Can.
914 2721 964 2755 IV
984 2722 1072 2762 744;
1101 2721 1133 2755 V
1153 2722 1208 2755 37.

238 2778 249 2797 ⁷
277 2777 315 2810 111
342 2778 464 2810 Indice
490 2776 544 2810 Pii
571 2775 632 2810 IV.
651 2777 828 2810 statutum
857 2777 954 2809 erat:
986 2775 1149 2817 „Judicio
1176 2774 1333 2819 episcopi
1360 2774 1423 2808 aut
1448 2772 1672 2817 inquisitoris
1698 2775 1825 2813 stetur,
1852 2774 1892 2806 ut

117 2842 198 2865 cum
225 2830 374 2864 consilio
400 2829 547 2874 parochi
573 2829 632 2863 vel
659 2828 869 2863 confessarii
894 2828 1091 2862 Bibliorum
1120 2840 1140 2862 a
1167 2827 1356 2862 catholicis
1383 2826 1590 2861 auctoribus
1608 2837 1796 2859 versorum
1823 2825 1891 2860 lec-

117 2884 250 2918 tionem
284 2884 321 2917 in
353 2884 498 2926 vulgari
532 2882 658 2926 lingua
693 2883 744 2917 eis
781 2882 976 2916 concedere
1011 2882 1161 2927 possint,
1198 2893 1287 2926 quos
1326 2879 1573 2914 intellexerint
1607 2891 1652 2913 ex
1687 2879 1892 2924 hujusmodi

117 2937 271 2971 lectione
296 2949 364 2971 uon
391 2937 573 2977 damnum,
609 2936 672 2970 sed
699 2936 781 2970 fidei
808 2938 918 2980 atque
944 2935 1091 2980 pietatis
1118 2937 1352 2979 augmentum
1380 2945 1508 2979 capere
1535 2944 1659 2978 posse3
1698 2944 1802 2977 quam
1841 2932 1892 2967 fa-

119 2990 292 3025 cultatem
318 2990 355 3024 in
381 2990 527 3035 scriptis
553 2990 721 3024 habeant.
757 2989 825 3031 Qui
851 2992 970 3023 autem
998 2989 1135 3033 absque
1162 2988 1226 3022 tali
1252 2987 1427 3023 facultate
1454 2999 1496 3021 ea
1521 2987 1643 3030 legere
1669 2998 1734 3020 Seu
1760 2987 1892 3021 habere

119 3044 412 3089 praesumpserit,
439 3043 507 3078 nisi
526 3044 627 3088 prius
646 3043 774 3078 Bibliis
793 3042 971 3077 ordinario
989 3042 1150 3085 redditis,
1178 3044 1407 3087 peccatorum
1427 3040 1689 3075 absolutionem
1708 3040 1892 3085 percipere

119 3110 189 3132 non
215 3098 372 3142 possit“:
401 3097 542 3140 Regula
570 3097 617 3131 [V
636 3096 718 3140 (Die
746 3098 884 3131 Indices
911 3098 977 3131 etc.
1006 3096 1104 3140 248).
