2044 3335
591 90 687 124 Mon.
714 91 783 126 933
809 91 888 124 sive
914 90 974 125 dil.
994 90 1061 134 (6).
1107 91 1160 125 16.
1180 90 1270 125 Iunii
1298 90 1401 125 1569.
1793 93 1877 132 539

116 205 185 261 (eo
217 206 328 249 enim
363 206 557 248 Canisius
590 209 851 262 secesserat)
885 207 1134 261 quotidiano
1167 222 1247 250 vsu
1280 221 1542 261 cognoscere
1574 220 1634 257 se,
1669 206 1879 261 experiri-

117 285 198 325 que
237 271 498 314 testabatur.
562 273 616 314 Id
662 278 799 315 autem
842 274 977 315 Sociis
1017 275 1208 315 romanis
1250 288 1327 328 per
1370 275 1532 315 litteras
1577 277 1750 314 testatus
1797 286 1882 314 esse

114 337 279 379 videtur
312 337 517 391 Georyius
549 338 755 379 Rotarius
788 339 831 380 S.
855 338 913 390 J„
950 343 1104 380 aestate
1137 353 1177 380 a.
1201 340 1317 380 1569
1349 339 1486 380 Roma
1518 339 1564 379 in
1600 338 1882 379 Germaniam

115 403 373 457 superiorein
416 403 572 443 nzissus
618 401 848 457 (Hoffaeus
894 403 1097 458 Boi-fiae,
1143 403 1369 457 Oeuiponte
1412 405 1480 446 1¹7.
1514 404 1697 457 Auyusti
1740 403 1884 454 1569,-

117 467 167 509 G.
201 467 281 522 Ep.
315 466 361 508 X
398 466 433 519 f.
470 468 753 520 117—118);
799 469 865 509 hie
907 469 1015 509 enini
1059 482 1084 508 a
1123 468 1171 509 P.
1212 468 1465 509 Tlieoctorieo
1512 468 1683 510 Canisio
1728 472 1883 509 rectore

116 532 335 586 dilinqano
378 532 425 573 in
465 532 616 573 litteris
648 533 843 587 Aaqusta
886 534 954 574 19.
988 533 1235 574 Novembris
1268 534 1383 574 1569
1426 533 1485 573 act
1523 533 1725 586 Borqiain
1769 532 1882 573 (latis

116 598 276 652 colleyii
308 598 524 651 dilinyani
556 599 749 639 minister
780 602 952 639 vocatur
983 597 1054 648 (ex
1087 602 1274 652 autoyr.,·
1307 597 1358 639 G.
1383 597 1463 651 Ep.
1488 597 1537 638 X
1561 597 1596 650 Γ.
1622 598 1741 650 104).

233 662 284 703 In
329 662 505 703 Litteris
553 667 692 704 aicteni
746 664 905 704 annuis
951 664 1108 716 eolleyii
1157 662 1392 716 diltuqani,
1442 662 1620 717 Dilinqa
1669 662 1883 704 Kalendis

116 727 360 770 Octobribus
383 742 422 769 a.
445 729 560 769 1569
585 729 710 780 datis,
745 728 820 769 Fr.
843 727 1059 769 Henricus
1084 726 1362 780 „Vinsenius“
1389 727 1680 779 (Winsenius)
1704 728 1746 769 S.
1766 727 1809 769 J.
1834 727 1883 768 de

117 792 290 833 Canisio
311 792 515 847 Dilinyae
537 797 698 833 morato
734 792 909 847 indeque
931 793 1045 833 eirea
1076 793 1262 833 inedium
1293 793 1355 833 vel
1388 797 1598 833 exeuntem
1624 806 1677 833 m.
1702 792 1884 847 Septem-

115 857 227 899 brem
268 858 506 912 Auyustanz
550 857 610 898 ad
652 862 814 911 tempus
853 856 1039 912 profecto
1080 857 1136 907 (v.
1171 871 1305 911 supra
1344 871 1386 911 p.
1419 856 1526 908 364)
1569 861 1749 898 narrat:
1796 856 1884 909 Pijs

112 920 299 964 fratrum
340 922 517 976 studiJ'S,
564 935 649 962 non
690 921 868 963 minima
909 920 1100 963 accessio
1142 921 1263 964 facta
1305 924 1372 963 est
1409 956 1417 963 .
1457 956 1464 963 .
1503 956 1511 964 .
1549 935 1604 963 ex
1646 921 1885 975 praeclaris

113 985 330 1028 seniorum
361 989 536 1041 patrum
568 986 612 1027 in
639 985 754 1028 omni
776 986 989 1029 virtutum
1012 999 1173 1039 genere
1196 985 1420 1040 exemplis,
1455 986 1713 1040 praesertim
1737 988 1884 1028 autern

113 1064 168 1092 ex
200 1050 444 1093 Reuerendi
476 1051 523 1094 P.
557 1051 758 1092 Doctoris
795 1051 911 1093 Petri
944 1051 1102 1104 Canisij
1144 1050 1470 1105 religiosissimo
1513 1051 1628 1105 apud
1668 1065 1747 1093 nos
1783 1065 1885 1093 con-

111 1115 243 1158 uictu.
308 1116 545 1169 Postquam
578 1115 691 1157 enim
723 1116 759 1157 is
792 1115 925 1159 Pater
957 1115 1208 1158 difficillimo
1250 1130 1296 1158 se
1328 1116 1566 1171 praepositi
1598 1115 1884 1158 Prouincialis

112 1194 303 1231 munere,
338 1180 452 1234 quod
483 1181 581 1235 plus
603 1180 744 1223 minus
772 1183 838 1224 14.
862 1195 1012 1232 annos,
1045 1181 1089 1223 in
1121 1181 1202 1223 hac
1227 1181 1461 1224 Germania
1483 1184 1635 1224 nostra
1656 1182 1884 1235 praeclare

111 1245 337 1297 sustinuit,
381 1246 434 1288 ob
476 1246 760 1299 grauissimas
802 1246 912 1288 alias
951 1261 977 1288 a
1009 1246 1184 1288 Summo
1225 1246 1435 1288 Pontifice
1476 1246 1555 1288 sibi
1599 1246 1883 1289 demandatas

112 1311 430 1365 occupationes,
466 1311 744 1366 Superiorum
776 1314 885 1353 nutu
917 1311 1149 1361 abdicauit,
1189 1311 1343 1353 mirum
1378 1314 1541 1365 quanta
1583 1312 1881 1363 submissione,

111 1376 339 1427 charitate,
373 1376 673 1420 familiaritate
706 1377 927 1419 nobiscum
962 1379 1162 1419 uersetur
1194 1379 1239 1420 et
1270 1379 1388 1430 agat.
1452 1377 1572 1419 Nihil
1609 1377 1671 1419 illi
1703 1377 1882 1432 perinde

111 1443 285 1495 gratum
319 1443 363 1484 et
393 1441 625 1484 iucundum
658 1442 855 1484 accidere
878 1445 1036 1497 potest,
1071 1445 1204 1496 atque
1226 1445 1398 1496 tempus
1421 1456 1559 1493 omne,
1595 1443 1708 1496 quod
1732 1456 1882 1485 neces-

111 1507 239 1561 sarijs
271 1507 425 1562 studijs
458 1507 660 1549 suffurari
693 1509 853 1562 potest,
887 1521 1118 1562 puerorum
1151 1521 1202 1550 ac
1224 1507 1394 1549 rudium
1418 1509 1508 1549 tam
1531 1507 1731 1562 priuatae
1754 1522 1884 1562 quam

111 1573 309 1626 publicae
349 1572 614 1616 institutioni
655 1573 927 1627 impendere,
971 1573 1306 1626 domesticisque
1337 1572 1500 1616 nostris
1533 1573 1881 1624 necessitatibus,

111 1637 370 1692 praesertim
387 1638 431 1680 in
446 1638 713 1693 excipiendis
729 1639 1042 1681 Germanorum
1058 1637 1414 1689 confessionibus,
1434 1637 1639 1681 alacriter
1652 1638 1881 1688 inseruire3

113 1702 214 1745 Non
235 1703 298 1746 ita
319 1703 500 1758 pridem,
535 1718 630 1746 cum
655 1704 960 1757 Augustanam
984 1704 1157 1745 domum
1180 1703 1442 1758 Confessarij
1466 1703 1647 1758 penuria
1668 1704 1881 1753 laborare,

111 1783 319 1822 suamque
361 1783 538 1823 operam
579 1770 635 1812 ad
679 1772 851 1823 tempus
894 1769 1132 1811 desiderari
1172 1768 1485 1819 intellexisset,
1531 1783 1617 1811 non
1661 1768 1882 1822 grauatim

109 1833 335 1887 neglectiS,
370 1848 477 1887 quas
509 1834 578 1877 hic
610 1835 812 1884 habebat,
846 1834 1106 1889 necessarijs
1139 1834 1530 1885 commoditatibus,
1571 1848 1621 1876 eo
1655 1833 1805 1877 statim
1835 1847 1882 1876 se

112 1899 308 1950 contulit,
342 1899 414 1942 ubi
437 1899 674 1942 etiamnum
697 1914 856 1954 magno
880 1900 1122 1942 animarum
1144 1899 1381 1942 multarum
1404 1899 1641 1950 commodo,
1675 1902 1885 1942 moratur.

230 1975 393 2016 Eramus,
419 1975 537 2020 inquit
554 1977 767 2019 Winsenius,
794 1975 861 2010 hoc
880 1988 973 2010 anno
992 1975 1159 2019 Dilingae
1185 1975 1326 2010 sodales
1357 1976 1417 2018 „ut
1442 1975 1657 2020 plu1·imum“
1678 1974 1744 2015 453
1772 1985 1790 2008 e
1809 1974 1887 2017 qui·

110 2028 178 2063 bus
195 2029 217 2064 8
234 2029 450 2070 sacerdotes,
480 2029 523 2064 10
540 2029 774 2074 professores,
801 2029 847 2064 20
869 2029 1039 2071 „studiosi
1066 2029 1291 2063 diversarum
1314 2028 1564 2071 facultatum&
1593 2029 1612 2062 7
1632 2028 1765 2062 fratres
1791 2027 1888 2062 laici.

233 2082 427 2124 canisium,
455 2094 535 2117 cum
562 2083 795 2128 provincialis
821 2083 940 2117 officio
967 2094 1006 2117 se
1032 2082 1246 2124 abdicasset,
1273 2084 1309 2117 et
1334 2082 1502 2125 Dilingae
1529 2084 1565 2116 et
1591 2083 1778 2124 Augustae
1809 2082 1890 2124 „mi-

112 2135 237 2170 nistri“
267 2135 426 2170 officium
461 2136 632 2171 habuisse
666 2137 793 2171 scribit
821 2137 906 2171 Car.
933 2138 1046 2171 Henr.
1074 2138 1116 2170 de
1141 2138 1264 2181 Lany,
1301 2135 1520 2171 Geschichte
1555 2135 1618 2170 der
1654 2135 1818 2170 Jesuiten
1852 2134 1889 2168 in

112 2189 253 2230 Baiern,
280 2189 472 2232 Niirnberg
501 2189 602 2232 1819,
629 2190 685 2224 94.
737 2191 785 2224 At
810 2190 900 2224 haec
926 2201 1125 2235 perperam,
1152 2191 1261 2224 immo
1287 2189 1380 2224 falso
1407 2189 1647 2223 affirmantur.

232 2244 415 2287 Agyrio-ola,
440 2243 682 2277 monumentis
717 2244 883 2284 fortasse,
919 2255 1011 2288 quae
1047 2243 1117 2277 iam
1150 2255 1222 2277 non
1258 2244 1416 2284 exstant,
1449 2254 1549 2284 usus,
1585 2242 1636 2276 ita
1669 2241 1889 2284 dilinganam

112 2294 205 2330 hanc
233 2295 367 2330 Canisii
394 2296 508 2330 vitam
534 2295 724 2331 describit:
764 2296 1018 2339 „Communem
1052 2296 1184 2341 ubique
1210 2296 1356 2330 vivendi
1392 2295 1562 2337 ordinem,
1598 2294 1800 2329 communia
1825 2293 1890 2327 mi-

112 2349 262 2384 nisteria
289 2349 429 2384 culinae
455 2361 497 2383 ac
522 2349 668 2384 triclinii
703 2361 890 2394 prensans,
926 2351 962 2384 in
988 2351 1089 2384 victu
1124 2349 1225 2391 nihil,
1260 2349 1350 2383 nihil
1385 2350 1422 2383 in
1448 2348 1585 2383 vestitu
1620 2347 1804 2391 singulare
1831 2347 1890 2381 ad-

112 2402 222 2446 misit,
250 2403 336 2447 quin
354 2403 483 2438 viliora
506 2414 648 2448 semper
670 2403 807 2437 ambiit.
850 2403 946 2447 Erga
964 2403 1225 2438 Theodericum
1242 2403 1378 2437 Domus
1396 2403 1586 2437 Rectorem
1612 2401 1697 2435 licet
1715 2401 1889 2442 Fratrem,

114 2467 157 2490 ea
176 2456 415 2491 submissione
433 2468 475 2491 ac
493 2457 696 2490 reverentia
722 2468 761 2490 se
780 2456 905 2500 gessit,
931 2459 971 2491 ut
988 2459 1069 2502 tyro
1088 2456 1183 2490 haud
1202 2458 1324 2501 posset
1340 2455 1477 2499 magis:
1506 2455 1593 2489 Cum
1612 2455 1715 2496 ratio,
1742 2453 1890 2498 legesve

113 2510 352 2545 cessationem
377 2522 398 2544 a
424 2510 661 2555 scriptitando
687 2509 896 2551 indicerent,
923 2509 1000 2544 sola
1026 2510 1158 2544 mentis
1189 2509 1418 2554 corporisque
1445 2507 1660 2543 refocillatio
1697 2509 1775 2542 erat
1810 2519 1890 2541 con-

113 2563 300 2598 fitentibus
335 2575 440 2598 aures
467 2564 561 2605 dare,
589 2563 674 2597 dare
700 2574 824 2598 sacras
849 2563 1106 2598 instructiones
1141 2563 1300 2604 rudibus,
1334 2562 1516 2607 explicare
1543 2561 1769 2600 Catechesin,
1805 2560 1890 2595 alio-

113 2629 265 2661 rumque
298 2617 398 2651 vices
433 2616 574 2651 dicendi
601 2629 619 2651 e
645 2619 822 2660 suggestu
856 2616 1044 2662 supplere,
1081 2627 1162 2650 cum
1197 2615 1342 2650 interim
1377 2615 1473 2649 haud
1508 2615 1685 2649 modicum
1718 2614 1890 2659 temporis

114 2671 338 2716 surriperent
362 2671 502 2716 plebeii,
529 2682 572 2705 ac
596 2670 745 2712 nobiles,
773 2669 834 2714 qui
860 2670 896 2704 in
922 2670 1063 2704 animae
1094 2669 1238 2713 negotio
1274 2669 1423 2704 consilia
1458 2669 1610 2714 petitum
1637 2667 1884 2702 ventitabant“

118 2725 157 2769 (l.
176 2736 204 2760 c.
224 2725 249 2766 I,
276 2724 361 2759 Dec.
384 2725 435 2767 14,
462 2737 496 2760 n.
517 2725 566 2768 7).

119 2852 225 2889 933
253 2853 331 2888 sive
358 2851 454 2888 dil.
475 2852 577 2898 (6).
650 2851 699 2888 16.
718 2850 814 2887 Iunii
841 2850 936 2886 1569.

236 2913 293 2947 Ex
319 2912 403 2948 cod.
434 2913 542 2956 „Can
569 2913 634 2947 32‘
665 2912 690 2947 f.
711 2912 941 2947 lom—106³.

239 2974 407 3007 Canisius
432 2974 600 3016 Ditinyae
626 2973 667 3005 de
692 2974 818 3005 missae
842 2971 1021 3012 sacrificio
1050 2967 1373 3015 „exhortationem“
1401 2969 1513 3004 habet.

234 3033 363 3066 Exstat
389 3032 680 3065 commentar-im
713 3031 757 3064 ab
782 3032 900 3073 iynoto
934 3032 1106 3073 scriptum
1134 3034 1164 3062 et
1189 3040 1210 3062 a
1242 3029 1385 3063 Canisio
1420 3029 1638 3072 recoqnitum
1672 3028 1890 3071 multumque

114 3086 383 3129 amplificatum,
410 3087 468 3119 eui
489 3085 654 3118 Canisius
670 3095 737 3117 sua
755 3095 865 3117 manu
887 3084 972 3116 haec
997 3084 1200 3126 inscripsit:
1228 3083 1243 3116 1
1266 3081 1478 3116 Exhortatio
1497 3082 1539 3116 de
1556 3081 1670 3116 Missa
1696 3081 1732 3114 in
1763 3082 1889 3115 octauo
