2044 3335
133 77 216 117 352
640 74 741 107 1679.
769 73 801 108 S.
823 73 1034 107 Franciscus
1062 73 1212 116 Borgias
1239 73 1392 108 Canisio.

130 190 256 244 gione
297 190 477 232 haberet
519 203 613 231 cum
652 188 934 243 amplitudine
966 193 1056 232 tua.
1120 190 1272 243 Neque
1306 191 1466 241 dubito,
1507 191 1608 244 quin
1641 206 1696 234 ex
1729 207 1778 235 eo
1812 193 1896 235 col-

130 255 272 308 loquio
306 255 401 308 plus
434 254 614 303 fructus,
656 268 785 307 quam
819 268 874 296 ex
907 254 1058 307 quouis
1091 255 1253 309 scripto
1286 259 1461 310 caperet
1493 256 1677 310 propitio
1711 257 1895 301 Christo.

130 320 396 373 Quamquam
444 332 620 368 uerear,
675 333 805 372 aegre
853 319 1083 361 admodum
1130 320 1247 362 illam
1295 335 1422 375 posse
1469 321 1637 372 sanari,
1692 323 1895 375 quamdiu

130 385 333 427 maritum
367 386 410 425 et
442 383 582 424 locum
614 383 733 425 illum
767 398 793 426 a
819 384 907 431 ,fide
940 386 1090 426 nostra
1122 399 1299 438 prorsus
1332 386 1518 428 alienum
1536 387 1562 435 1,
1596 386 1813 437 retinebit,
1853 390 1896 430 et

130 449 181 490 in
226 448 401 490 medio
443 448 723 502 luporum2
764 449 1022 492 uersabitur.

248 531 274 581 ἦ·
307 530 682 572 Reuerendissimo
715 531 758 572 in
781 530 950 573 Christo
992 531 1107 585 patri
1140 545 1190 573 ac
1224 532 1419 583 Domino,
1464 533 1646 575 Domino
1678 533 1836 575 Joanni
1870 547 1895 576 a

131 596 281 649 Spaur,
316 595 563 637 Coadiutori
590 596 812 637 Ecclesiae
834 596 1120 647 Brixinensis,
1155 597 1345 639 Patrono
1378 597 1600 650 singulari,
1635 598 1696 639 Zu
1719 598 1894 642 Brixen.

249 692 339 734 Quid
366 693 422 727 his
448 693 581 727 litteris
608 693 775 728 effectum
803 694 860 735 sit,
888 706 956 727 non
984 694 1106 738 liquet.
1146 695 1247 728 Anno
1277 695 1367 730 1570
1393 695 1568 729 Matthias
1586 695 1785 730 WVertwein
1812 707 1894 730 can-

130 746 298 780 cellarius
324 746 543 780 brixinensis
579 747 699 781 iussus
737 750 791 781 est
818 747 1048 781 Elisabethae
1084 748 1127 781 ad
1155 748 1260 782 fidem
1288 747 1501 782 catholicam
1529 748 1751 783 reducendae
1787 760 1894 793 quam

129 799 323 833 maximam
350 811 493 844 operam
522 800 624 840 dare:
663 802 701 834 at
737 800 798 834 illa
825 801 899 835 Deo
933 800 1051 844 magis
1078 812 1185 844 quam
1211 801 1413 835 hominibus
1449 801 1704 835 oboediendum
1736 813 1815 836 esse
1841 814 1895 836 re-

129 853 282 897 spondit.
334 853 438 887 Circa
474 853 567 887 idem
602 856 745 898 tempus
773 854 1004 888 Elisabethae
1039 856 1141 898 pater
1176 854 1243 898 ipsi
1280 855 1428 898 eiusque
1463 854 1591 888 marito
1623 855 1820 899 proposuit,
1855 859 1895 889 ut

129 906 375 940 molestiarum
404 907 633 940 vitandarum
661 908 779 950 gratia
815 908 849 941 in
877 907 1080 942 Carniolam
1106 907 1273 941 venirent
1308 910 1343 941 et
1369 908 1402 941 in
1430 919 1501 941 una
1537 919 1581 942 ex
1608 908 1894 953 possessionibus

130 959 242 1004 ipsius
281 959 527 999 considerent;
563 960 740 994 incertum
776 963 895 994 tamen
931 963 1005 1001 est,
1044 972 1127 994 num
1163 960 1373 994 Elisabetha
1408 973 1448 995 eo
1487 962 1646 1001 venerit;
1683 961 1760 995 eius
1798 965 1894 996 certe

130 1012 280 1046 maritus
307 1012 435 1047 maluit
462 1012 660 1047 catholicus
686 1013 761 1047 fieri
789 1016 825 1047 et
851 1014 885 1047 in
913 1014 1030 1058 patria
1056 1025 1199 1047 manere
1227 1014 1445 1057 (Sinnacher
1471 1014 1492 1048 l.
1520 1026 1549 1048 c.
1568 1014 1636 1048 VH
1663 1015 1742 1048 751.
1793 1016 1889 1049 Hirn

130 1065 151 1099 l.
177 1077 205 1099 c.
234 1066 247 1099 Ι
278 1066 491 1109 136-137).

132 1198 282 1235 1679.
350 1199 655 1236 SANCTUS
680 1199 1107 1237 FRANCISCUS
1133 1199 1443 1237 BORGIAS
1468 1203 1695 1247 praepositus
1713 1204 1893 1246 generalis

318 1253 508 1288 Societatis
535 1254 617 1288 Iesu
644 1254 844 1289 CANISIO.
1372 1255 1526 1289 Tusculo
1553 1256 1609 1290 21.
1630 1256 1710 1290 Iulii
1742 1257 1842 1291 1569.

248 1323 302 1357 Ex
337 1324 542 1369 apographo
570 1324 681 1359 eiusd.
709 1327 838 1370 temp.;
875 1326 910 1358 in
937 1326 1110 1369 margine,
1147 1325 1269 1359 eadem
1296 1337 1423 1360 manu:
1464 1326 1628 1370 „Dilinga
1654 1327 1692 1361 P.
1713 1326 1891 1362 Canisio“.

129 1375 248 1412 Germ.
276 1377 318 1410 67
338 1377 363 1412 f.
383 1376 614 1412 28512—2861‘.
667 1378 813 1413 Litteris
840 1390 926 1413 usus
953 1381 1008 1412 est
1034 1379 1151 1421 Dukr,
1179 1378 1287 1413 Jes.1
1315 1379 1393 1413 732.

251 1448 395 1481 Cam'sio
422 1450 499 1481 licet
516 1449 685 1492 Dilingyae
709 1450 894 1489 habitare‚·
920 1450 1166 1492 Fuyyerortcm
1192 1450 1423 1482 benet-olentia
1451 1451 1690 1483 conservanda
1717 1455 1775 1484 est.
1814 1451 1893 1484 Etsi

128 1500 270 1543 aliquae
296 1506 519 1535 mortuorum
545 1504 687 1535 animae
705 1504 773 1536 Dei
796 1503 945 1545 famulis
963 1504 1056 1535 visae
1074 1506 1156 1535 sunt
1181 1507 1211 1535 et
1237 1503 1280 1535 ab
1308 1504 1352 1535 iis
1371 1504 1552 1545 petiermzt
1576 1505 1795 1546 precationes
1820 1509 1891 1546 etc„

129 1555 246 1597 nequit
272 1559 386 1587 tamen
413 1555 598 1596 affirmari
625 1567 682 1588 eas
709 1558 746 1589 in
772 1558 927 1589 aliorum
954 1567 1104 1599 corpora
1130 1557 1181 1588 ita
1212 1557 1362 1598 inyredi,
1392 1561 1426 1588 nt
1453 1567 1492 1588 ea
1518 1557 1712 1598 <informent
1737 1558 1787 1589 vel
1812 1558 1891 1590 dae-

126 1618 266 1639 monum
286 1618 382 1640 more
400 1608 599 1648 obsz'de(mt;
625 1614 655 1642 et
676 1620 851 1652 personae
869 1610 1022 1642 obsessae,
1038 1610 1150 1642 multa
1173 1610 1376 1653 proferunt,
1403 1620 1492 1652 qnae
1516 1611 1611 1651 falsa
1629 1615 1721 1642 sunt.
1760 1610 1892 1651 Quodsi

128 1661 290 1703 Fuygsera
317 1663 418 1694 suari
443 1664 583 1695 *ratione
609 1674 679 1695 mm
709 1664 837 1705 poterit
863 1664 996 1696 adduci
1021 1664 1068 1695 ad
1093 1663 1298 1695 sententiam
1324 1663 1544 1705 mumadam,
1580 1664 1786 1696 instandum
1812 1664 1890 1706 erit,

126 1718 164 1746 ut
190 1725 264 1746 eccm
289 1726 404 1758 papae
429 1717 560 1749 {udicio
577 1716 767 1750 submittat.
803 1718 947 1749 Iuvenes
966 1718 1002 1749 in«
1022 1718 1203 1758 eolleffi'um
1218 1717 1459 1758 yet-manicam
1478 1717 1648 1750 mittendi.
1684 1717 1723 1750 P.
1746 1717 1891 1759 Boseffti

127 1768 304 1800 contiones
331 1769 470 1810 vulgari
493 1773 670 1812 poterunt,
697 1781 772 1802 cum
805 1770 970 1803 Cam'sius
996 1774 1025 1803 et
1052 1770 1225 1812 Hoffaezcs
1250 1780 1308 1802 eas
1334 1772 1605 1811 recogynorerint.

248 1837 314 1879 ΗΟ
348 1839 541 1881 riceuuto
575 1841 718 1892 quella
751 1840 792 1882 di
820 1841 870 1883 V.
896 1841 945 1884 R.
980 1840 1020 1882 di
1055 1842 1122 1882 23.
1157 1840 1226 1881 del
1259 1842 1448 1894 passato.
1483 1854 1560 1894 per
1592 1840 1634 1881 la
1666 1841 1792 1893 quale
1824 1840 1888 1881 in-

128 1902 256 1943 tendo
289 1903 329 1944 le
361 1904 631 1957 occupationi
657 1905 697 1946 di
721 1905 772 1948 V.
796 1906 847 1947 R.
881 1906 1052 1948 intorno
1086 1906 1169 1946 alle
1204 1905 1409 1954 centurie,
1445 1909 1488 1947 et
1520 1905 1670 1959 poiche
1702 1905 1729 1946 il
1764 1906 1887 1947 luoco

129 1967 180 2008 de
210 1967 384 2020 Dilinga
415 1969 445 2010 li
476 1969 597 2023 piace
630 1984 707 2023 per
738 1970 777 2011 le
811 1971 1071 2013 commodita
1104 1970 1181 2011 che
1214 1970 1269 2012 ha
1302 1970 1353 2011 de
1386 1969 1483 2011 libri
1517 1973 1560 2012 et
1592 1983 1775 2024 persone
1809 1984 1887 2011 con

128 2031 194 2073 chi
221 2033 450 2085 ragionare
484 2036 527 2075 et
549 2035 661 2076 altre
685 2049 825 2086 cause,
860 2035 899 2077 io
932 2035 990 2076 mi
1022 2035 1196 2077 rimetto
1229 2037 1255 2076 a
1277 2035 1328 2077 V.
1354 2035 1402 2077 R.
1428 2038 1472 2076 et
1494 2049 1539 2076 se
1573 2037 1699 2088 potra
1732 2035 1888 2077 lasciar

128 2099 246 2139 stare
278 2099 321 2139 la
353 2098 588 2141 residentia
621 2099 662 2141 di
695 2100 908 2153 Augusta,
944 2100 1105 2141 benche
1137 2100 1387 2141 haveriamo
1421 2114 1520 2141 caro
1553 2100 1589 2141 si
1622 2100 1892 2142 conseruassi

128 2163 170 2204 la
192 2163 493 2206 beneuolentia
515 2164 555 2205 di
580 2165 710 2217 quelli
734 2165 904 2217 Signori
927 2165 1127 2218 Fuggeri,
1162 2165 1191 2206 il
1225 2165 1301 2206 che
1334 2165 1370 2206 si
1402 2166 1739 2206 raccomandara
1762 2165 1891 2207 etiam

129 2229 171 2269 al
205 2228 250 2271 P.
277 2228 441 2269 Paulo-‘³
474 2229 742 2271 Prouinciale
775 2233 819 2272 et
852 2231 902 2272 V.
928 2230 978 2273 R.
1013 2230 1053 2271 di
1086 2244 1164 2271 sua
1196 2232 1321 2284 parte
1355 2231 1393 2271 lo
1428 2229 1612 2283 procuri.

247 2293 368 2335 Circa
409 2293 449 2335 le
490 2294 745 2336 reuelationi
787 2294 828 2336 di
867 2295 1009 2348 quella
1043 2295 1226 2348 Signora
1258 2297 1381 2337 tanto
1414 2294 1679 2336 benemerita
1693 2295 1722 2344 4,
1766 2293 1801 2335 ci
1836 2294 1891 2335 ha

129 2358 231 2399 dato
277 2359 372 2411 quel
418 2358 496 2400 che
528 2359 580 2402 V.
615 2359 666 2402 R.
705 2360 843 2401 scriue
884 2374 969 2401 non
1014 2361 1151 2413 pocha
1193 2359 1479 2401 sollicitudine
1524 2373 1600 2413 per
1641 2359 1683 2401 la
1724 2358 1891 2400 charita

129 2423 391 2475 particulare
434 2424 659 2477 delaquale
699 2424 729 2466 li
776 2425 911 2466 siamo
960 2425 1165 2474 debitori,
1216 2428 1259 2466 et
1308 2438 1427 2466 come
1472 2438 1573 2466 cosa
1621 2424 1697 2466 che
1745 2437 1890 2477 preme

130 2488 154 2527 l'
174 2488 356 2529 hauemo
389 2488 504 2531 fatta
536 2490 872 2531 raccomandare
904 2492 927 2531 a
958 2490 1085 2531 Jddio
1109 2490 1163 2531 N.
1189 2489 1369 2542 Signore
1401 2490 1513 2530 nelle
1545 2502 1685 2530 messe
1718 2491 1761 2530 et
1794 2502 1890 2530 ora-

129 2552 233 2593 tioni
267 2553 379 2594 della
402 2554 665 2608 Compagnia
698 2558 847 2597 nostra
880 2555 921 2596 di
944 2555 1081 2597 Roma
1113 2557 1157 2596 et
1180 2555 1222 2596 di
1245 2554 1454 2603 Frascati,
1489 2554 1779 2595 conuerrebbe
1812 2553 1888 2595 che

131 2631 208 2657 con
241 2618 412 2660 suauita
445 2623 487 2661 et
511 2620 721 2662 desterita
753 2620 789 2662 si
822 2620 1068 2674 procedessi
1101 2634 1179 2662 con
1203 2620 1324 2661 detta
1351 2619 1534 2672 Signora
1557 2619 1772 2671 allaquale
1805 2632 1889 2659 non

130 2681 165 2721 si
208 2685 290 2734 puo
322 2697 375 2724 ne
409 2684 514 2725 deue
549 2699 709 2738 negare
742 2685 819 2727 che
852 2686 906 2727 ad
940 2685 1081 2727 alcuni
1113 2685 1227 2726 serui
1261 2686 1299 2726 d’
1319 2684 1438 2725 Iddio
1472 2698 1575 2725 sono
1609 2697 1793 2737 appar-se
1818 2684 1889 2724 ,al-

131 2759 237 2787 cune
279 2748 419 2788 anime
462 2752 505 2790 et
537 2749 566 2789 li
609 2750 750 2792 hanno
791 2750 1038 2792 dimandato
1072 2750 1265 2803 suffragij
1301 2753 1381 2791 etc.
1446 2748 1532 2790 Con
1567 2752 1719 2801 questo
1751 2748 1889 2790 intrar

132 2810 215 2851 neli
250 2812 366 2865 corpi
401 2813 441 2853 di
465 2814 564 2855 altri
586 2814 903 2865 informandoli,
938 2830 961 2856 ο
984 2829 1087 2856 uero
1111 2815 1151 2857 al
1175 2814 1299 2856 modo
1323 2813 1400 2854 che
1423 2813 1452 2854 li
1476 2813 1659 2867 demonij
1693 2813 1886 2866 sogliono

131 2877 277 2916 tenere
319 2877 482 2918 obsessi
519 2878 549 2919 li
582 2879 711 2933 corpi,
754 2895 838 2921 non
871 2883 893 2921 e
926 2881 1037 2921 bona
1070 2893 1122 2921 ne
1155 2893 1260 2921 sana
1294 2878 1496 2927 dottrina,
1541 2881 1585 2920 et
1616 2879 1655 2920 le
1688 2878 1887 2931 spiritate

255 3007 263 3025 ¹
289 3004 381 3038 Num
410 3006 442 3039 in
471 3006 633 3040 Cal-uiola
661 3008 902 3041 versabatur?
946 3008 1036 3042 Vide
1062 3019 1171 3052 supra
1197 3019 1230 3052 p.
1249 3007 1327 3040 212.
1474 3007 1486 3026 ‘²
1512 3006 1565 3040 Mt
1593 3007 1645 3047 10,
1676 3007 1728 3040 16.

253 3059 264 3077 ³
290 3058 446 3092 Hoffaeo.
591 3061 603 3078 4
632 3060 782 3093 Ursulae
810 3061 1014 3103 Fuggerae3
1043 3073 1077 3095 v.
1104 3072 1211 3105 supra
1239 3072 1270 3104 p.
1291 3059 1370 3093 334.
