2044 3335
939 657 1056 700 VIII.

574 737 998 795 MONUMENTA
1037 734 1420 792 CANISIANA.

384 910 840 954 MONUMENTA
874 831 1322 952 Anissnsmm
1356 904 1654 949 CANISII.

612 990 654 1047 a)
688 991 838 1043 Varia,
873 989 1067 1046 exceptis
1102 987 1387 1032 contionibus.

116 1068 208 1105 911
235 1069 311 1103 sive
339 1077 462 1112 aug.
484 1067 541 1112 (a
553 1066 621 1112 1).
696 1065 725 1101 A
752 1075 876 1101 mense
902 1063 1109 1112 Septembri
1134 1063 1217 1100 1566
1244 1062 1289 1099 ad
1316 1061 1567 1109 Septembrem
1592 1059 1684 1097 1567.

231 1127 289 1162 Ex
306 1127 471 1172 exemplo
490 1126 697 1171 archetypo.
733 1126 775 1161 G.
795 1126 858 1171 Ep.
877 1125 965 1160 VIII
990 1125 1014 1159 f.
1034 1124 1264 1159 2662—2672.
1300 1123 1519 1157 Litterarum
1537 1120 1752 1167 particulam
1771 1120 1891 1166 posuit

114 1182 313 1216 Schelllzass
337 1181 360 1215 l.
388 1193 417 1215 0.
444 1180 494 1215 IV
521 1180 647 1214 XX1115.

235 1241 404 1275 Cani-sins
415 1240 653 1284 provincialis
670 1240 854 1282 Auyustae
872 1239 993 1272 Socios
1011 1239 1058 1272 ced
1071 1240 1235 1281 pietatem
1261 1237 1391 1270 esceitat
1417 1240 1474 1270 etc.
1508 1235 1694 1269 Novicium
1721 1234 1886 1268 admittit.

231 1302 284 1344 In
309 1302 512 1354 „Litteris
539 1298 723 1342 annui3“
751 1301 899 1342 domus
922 1300 1142 1343 Societatis
1165 1302 1442 1351 auqustanae,
1477 1297 1673 1350 Auyusta
1696 1295 1883 1337 Vindeli-

114 1382 255 1410 corum
288 1369 359 1410 16,
392 1366 648 1422 Septembris
680 1367 798 1407 1567
831 1366 958 1419 (latis,
992 1365 1093 1406 haee
1126 1365 1178 1405 de
1209 1364 1257 1406 P.
1291 1363 1546 1417 Hieronymo
1581 1361 1735 1403 Natale
1767 1366 1803 1403 et
1836 1360 1886 1402 de

117 1433 290 1475 Canisio
330 1434 571 1488 praeposito
607 1432 865 1486 provinciali
907 1430 1178 1483 referuntur:
1221 1428 1274 1471 R.
1308 1428 1354 1470 P.
1388 1426 1605 1469 Visitator
1651 1428 1885 1479 antequam

116 1497 376 1540 Germaniae
408 1496 625 1539 inferioris
648 1498 799 1550 partes
821 1497 1007 1550 peteret,
1041 1495 1180 1537 multa
1202 1508 1280 1548 pro
1303 1507 1382 1535 sua
1404 1491 1637 1547 prudentia
1660 1490 1887 1534 constituit

116 1563 240 1606 utilia
264 1566 308 1606 et
340 1562 588 1605 necessaria
619 1561 689 1604 hic
723 1561 993 1615 degentibus,
1029 1560 1101 1614 qui
1133 1573 1305 1614 semper
1333 1559 1425 1601 fere
1457 1558 1537 1600 1100
1570 1571 1683 1600 anno
1717 1559 1884 1611 septem

112 1629 285 1678 1111111113,
327 1628 587 1671 Sacerdotes
619 1630 723 1678 tres,
763 1626 917 1680 reliqui
951 1626 1065 1669 laici.
1131 1625 1256 1668 Jdem
1290 1624 1395 1667 fecit
1428 1624 1478 1667 R.
1514 1624 1559 1666 P.
1594 1626 1744 1666 noster
1777 1622 1883 1664 Pro-

115 1694 334 1744 uincialis;
367 1707 468 1735 nam
501 1696 549 1736 ut
581 1692 793 1746 singulari
826 1705 973 1734 amore
1007 1691 1198 1734 afficitur
1229 1704 1335 1744 erga
1362 1689 1622 1742 Augustam,
1657 1689 1721 1731 ita
1754 1687 1887 1730 etiam

114 1773 216 1814 sepe
258 1758 524 1801 transeundo
567 1757 945 1800 exhortationibus
984 1757 1036 1798 ad
1081 1756 1258 1810 digne
1298 1753 1718 1797 ambulandum
1759 1752 1802 1794 in
1836 1765 1888 1794 ea

113 1823 430 1874 uocatione,
465 1824 529 1866 ad
563 1837 717 1876 quam
749 1822 985 1865 miserante
1008 1821 1192 1864 Domiuo
1216 1820 1407 1863 uocati
1439 1833 1623 1862 sumus
1642 1820 1667 1870 1,
1706 1820 1888 1872 paterne

115 1903 194 1931 nos
236 1889 495 1932 adhortatus
536 1891 616 1940 est,
661 1888 849 1931 omnium
891 1888 1069 1942 insuper
1107 1885 1402 1929 confessiones
1436 1884 1673 1927 Generales
1706 1882 1887 1933 audiuit,

115 1958 304 2008 uotaque
335 1956 487 1997 nostra
524 1954 710 2009 benigne
742 1954 946 2008 suscepit.
968 1988 976 1996 .
997 1988 1032 1997 ..
1068 1952 1251 2007 Recepit
1282 1952 1328 1995 P.
1363 1949 1649 1993 Prouincialis
1680 1949 1761 1991 1100
1794 1949 1888 1990 1000

116 2020 159 2061 111
193 2020 458 2063 Societatem
490 2020 689 2062 iuuenem
723 2020 863 2062 bonae
895 2019 1064 2062 indolis.

233 2090 274 2124 In
300 2090 426 2125 iisdem
445 2090 600 2125 *litteris
625 2091 714 2125 haec
737 2092 947 2125 narrantur:
979 2089 1135 2132 „Missus
1153 2088 1236 2122 hino
1262 2100 1325 2133 pro
1344 2086 1505 2132 Spirensi
1522 2086 1628 2120 uinea
1646 2084 1694 2119 M.
1714 2083 1891 2118 Hermes²

117 2143 364 2185 concionator,
397 2145 432 2178 in
459 2145 536 2179 eius
561 2144 679 2178 locum
705 2146 825 2178 autem
858 2144 1079 2178 substitutus
1111 2153 1132 2176 a
1158 2142 1197 2176 P.
1225 2141 1423 2176 Visitatore
1458 2140 1604 2185 quidam
1630 2139 1670 2172 P.
1698 2147 1892 2181 germanus

117 2210 163 2232 ex
192 2197 286 2232 Vrbe
321 2198 470 2232 ueniens
483 2198 506 2239 ³,
544 2198 760 2232 timebamus
795 2197 888 2232 hanc
923 2196 1161 2231 mutationem
1196 2196 1314 2229 minus
1352 2196 1495 2238 gratam
1533 2194 1609 2228 fore
1648 2190 1893 2235 Augustanis:

115 2263 241 2285 verum
272 2250 432 2294 (Christo
458 2251 553 2294 laus)
583 2251 670 2285 adeo
697 2250 875 2285 foeliciter
900 2262 958 2285 res
986 2250 1127 2292 cecidit,
1153 2251 1194 2283 ut
1221 2249 1294 2283 tale
1321 2248 1537 2282 auditorium
1565 2247 1599 2280 in
1619 2244 1821 2280 Catholica²²
1845 2242 1892 2288 [‘?]

117 2304 279 2339 Ecclesia
305 2316 325 2338 a
351 2304 474 2338 multis
501 2304 605 2338 annis
631 2304 693 2338 uix
719 2304 837 2338 uisum
864 2304 985 2345 fuerit,
1013 2303 1118 2348 quale
1145 2303 1249 2337 modo
1281 2301 1413 2337 uisitur
1438 2300 1596 2335 maxima
1623 2297 1890 2334 Catholicorum

118 2357 381 2399 Consolatione,
417 2357 477 2402 qui
512 2357 628 2392 indies
662 2357 811 2391 meliora
846 2359 1004 2402 sperant.
1057 2356 1212 2402 Sparsus
1247 2358 1302 2390 est
1336 2367 1467 2396 rumor,
1503 2355 1544 2388 ut
1579 2352 1656 2387 fieri
1693 2351 1828 2387 assolet
1858 2350 1895 2384 in

116 2411 240 2456 initijs,
268 2414 304 2445 et
328 2411 426 2446 fama
452 2410 565 2445 nostri
591 2410 711 2445 Patris
738 2422 801 2456 per
828 2410 1022 2445 Ciuitatem
1050 2410 1242 2451 celebrata,
1269 2409 1448 2453 simulque
1475 2407 1583 2442 timor
1608 2406 1776 2440 incussus
1804 2404 1892 2440 Con-

118 2464 362 2499 cionatoribus
396 2464 608 2505 haereticis,
645 2464 706 2508 qui
735 2465 778 2498 14
805 2475 885 2498 esse
911 2464 1039 2498 solent.
1090 2463 1193 2497 Vnde
1229 2461 1524 2497 concitatissimis
1559 2460 1689 2494 animis
1724 2458 1896 2504 populum

118 2530 181 2563 pro
208 2518 446 2553 Concionibus
472 2518 609 2552 hortari
635 2518 805 2552 uidentur
830 2518 899 2551 sibi
926 2529 946 2551 a
973 2517 1125 2551 Jesuitis
1151 2519 1192 2551 ut
1218 2528 1347 2551 cauere
1373 2515 1497 2549 uelint.
1549 2514 1774 2559 Jmpostores
1800 2512 1896 2546 enim

119 2574 155 2606 et
181 2572 337 2606 omnium
373 2571 628 2606 fallacissimos
664 2583 754 2611 esse,
790 2572 850 2615 qui
885 2570 961 2604 suis
997 2570 1138 2604 technis
1174 2572 1210 2604 et
1248 2569 1402 2614 argutijs
1436 2567 1641 2613 propediem
1675 2577 1803 2612 purum
1830 2564 1898 2599 Dei

120 2625 356 2668 Euangelium
385 2625 545 2659 euersuri
572 2625 654 2667 sint,
681 2624 750 2659 nisi
777 2623 994 2669 tempestiue
1020 2624 1163 2658 illorum
1190 2623 1378 2657 conatibus
1414 2621 1643 2656 obsistatur.“
1699 2620 1798 2654 Inter
1825 2630 1896 2660 eos,

119 2680 179 2723 qui
215 2691 259 2712 ex
294 2679 589 2724 protestantismo
625 2678 670 2712 ad
706 2678 897 2713 ecclesiam
940 2677 1156 2711 catholicam
1191 2677 1391 2718 redierunt,
1428 2676 1587 2710 eminent
1622 2674 1713 2708 civis
1749 2673 1896 2717 quidam

119 2732 220 2767 dives
247 2735 283 2767 et
313 2733 387 2775 „uir
413 2733 558 2777 quidam
585 2732 760 2773 iuuenis“‚
796 2731 898 2766 cuius
924 2734 1038 2776 pater,
1074 2742 1120 2764 ex
1145 2729 1320 2764 monacho
1356 2729 1581 2764 contionator
1616 2727 1895 2773 protestantium

120 2785 278 2827 effectus,
315 2787 504 2830 Augustae
531 2786 650 2829 degit,
690 2785 883 2829 „emeritus
917 2785 1022 2819 miles
1057 2784 1229 2818 haeretici
1265 2783 1481 2818 exercitus⁴.
1502 2811 1508 2817 .
1530 2810 1537 2817 .
1558 2810 1565 2817 .
1616 2780 1897 2816 Jllustrissimus

241 2850 269 2882 a)
291 2851 503 2882 Cerri-(lendum
522 2851 668 2881 fortasse:
689 2848 871 2875 Cathedrali.

244 2947 253 2967 ¹
280 2946 359 2991 Eph
385 2946 417 2987 4,
448 2947 486 2985 1;
514 2946 559 2980 cf.
582 2946 597 2980 1
628 2945 697 2980 Cor
723 2946 754 2986 7,
781 2944 838 2979 20.
985 2946 998 2964 ²
1023 2944 1222 2989 Halbpaur.
1369 2944 1382 2964 ³
1409 2943 1607 2986 Gregorius
1634 2941 1826 2976 Roseffius.

241 3002 253 3020 ⁴
279 2999 319 3034 P.
336 2999 485 3034 Roseffii
504 3011 611 3044 opera
628 2999 672 3034 ad
692 2998 883 3033 ecclesiam
902 2998 1009 3032 rediit
1026 2997 1164 3039 Daniel,
1180 2997 1322 3032 Ioannis
1333 2997 1606 3042 Matschperger
1618 2994 1894 3040 (Mattsperger)

121 3053 327 3098 augustani,
354 3053 414 3097 qui
434 3052 721 3087 Lutheranorum
742 3054 929 3096 Augustae
957 3052 999 3086 ad
1021 3051 1056 3086 S.
1076 3053 1202 3085 Annae
1220 3051 1428 3085 ministrum
1447 3052 1584 3095 egerat,
1610 3050 1707 3084 filius
1729 3049 1765 3094 (†
1787 3048 1892 3090 1607)

121 3107 250 3142 Daniel
287 3107 472 3151 aliquanto
507 3109 589 3151 post
624 3118 705 3140 cum
739 3106 881 3140 nomine
912 3104 1180 3150 „Christophori
1207 3104 1382 3139 Mariani⁸
1419 3105 1455 3139 in
1491 3104 1710 3139 Societatem
1745 3101 1896 3137 intravit
