2044 3335
123 111 208 153 380
514 110 612 144 1697.
642 109 805 144 Canisius
832 108 954 142 Ottoni
981 108 1182 143 Truchsess
1207 109 1250 143 de
1275 108 1488 159 VValdburg.

119 226 276 280 gratia,
311 230 359 269 ut
390 227 528 280 possit
559 226 747 279 seipsum
779 225 966 277 uincere,
1003 228 1047 267 et
1079 226 1286 268 cathenas
1319 227 1473 279 quibus
1506 226 1766 269 constrictus
1799 228 1878 277 est,

118 305 331 345 rumpere.
394 291 477 332 Vix
513 292 760 332 mutaturus
792 290 965 333 uidetur
998 290 1223 341 animum³,
1257 291 1332 333 sed
1365 291 1507 333 omnia
1538 293 1799 342 tentaturus
1833 292 1883 333 ut

119 357 356 398 secularem
386 369 587 409 pompam
621 357 665 397 et
687 355 894 398 aulicamb
916 355 1051 397 uitam
1074 355 1129 397 ad
1151 357 1321 410 tempus
1354 356 1617 410 experiatur,
1652 358 1882 409 quantum—

119 421 183 462 uis
214 421 256 462 id
289 423 587 474 sumptuosum
621 423 665 462 et
697 419 984 474 periculosum
1007 419 1086 462 tali
1109 419 1167 461 sit
1188 420 1401 463 Canonico
1425 423 1631 463 futurum.
1676 421 1759 463 Sed
1781 420 1883 473 quid

118 485 254 527 facias
278 485 529 527 obstinato?
562 488 639 527 aut
661 488 779 528 certe
802 485 973 538 quidem
996 484 1224 528 fascinato.
1269 486 1414 528 Habet
1446 486 1587 539 pietas
1615 489 1692 529 tua
1723 486 1881 528 iustam

118 563 292 591 causam
316 549 468 591 orandi
491 549 708 591 dominum
742 564 818 604 pro
852 550 1094 604 nepotibus,
1128 564 1182 592 ne
1215 550 1479 603 degenerent
1510 550 1650 604 magis
1682 551 1736 593 ab
1770 550 1884 591 omni

117 629 291 657 suorum
325 614 537 657 maiorum
570 617 770 669 spectata
802 614 965 657 uirtute
998 617 1130 668 atque
1162 614 1456 658 sinceritate1.

234 679 442 734 Princeps
465 679 682 722 Bauariae
703 694 840 721 nouos
863 679 1090 734 deputauit
1113 679 1389 722 Consiliarios
1413 694 1467 722 ex
1489 679 1720 733 Theologis
1753 679 1841 721 suis
1853 680 1883 728 2,

116 758 350 798 eorumque
372 745 591 788 sententia
623 745 880 799 permissum
904 748 984 795 est,
1018 748 1066 787 vt
1087 745 1330 788 tolerentur
1355 744 1575 795 haeretici,
1610 745 1683 798 qui
1713 747 1884 788 tantum

117 809 253 853 uelint
293 824 388 852 esse
430 810 655 860 Calixtini,
705 824 784 852 usu
826 823 980 863 nempe
1021 810 1168 852 calicis
1208 809 1251 852 in
1294 808 1633 864 communio[ne]
1678 809 1884 852 contenti.

117 875 277 918 Datum
311 875 377 916 his
409 875 617 929 templum
650 878 718 918 est
738 875 878 918 tribus
901 874 1139 917 miliaribus
1171 889 1197 917 a
1218 875 1446 917 Monachio
1480 875 1693 925 dissitum,
1725 875 1769 916 in
1802 888 1886 928 quo

118 941 196 982 sub
229 943 414 994 utraque
437 940 582 994 specie
597 946 608 960 ⁰
630 943 804 982 sumant
827 940 1167 982 communionem
1181 941 1210 983 3.
1255 941 1349 993 Ego
1373 940 1567 995 inprimis
1591 954 1675 982 non
1698 939 1888 982 arbitror

118 1006 198 1047 hoc
230 1005 394 1048 factum
429 1005 710 1048 Sanctissimo
744 1006 794 1047 D.
828 1005 915 1048 N.4
947 1005 1222 1059 placiturum,
1266 1005 1348 1048 etsi
1379 1003 1734 1060 praetendatu[r]
1768 1005 1887 1046 facta

118 1070 204 1112 iarn
242 1073 373 1113 antea
414 1070 640 1124 permissio
674 1085 699 1113 a
732 1070 808 1112 Pio
842 1072 997 1123 quarto
1031 1070 1133 1112 Pon.
1167 1070 1316 1113 MaX.5
1379 1070 1543 1112 Deinde
1585 1070 1700 1112 docti
1740 1083 1889 1111 sumus

121 1135 404 1189 experientia,
446 1138 679 1178 nouatores
711 1136 792 1177 hac
825 1135 1096 1188 indulgentia
1129 1138 1173 1177 et
1205 1135 1480 1178 conniuentia
1509 1135 1719 1189 Principis
1750 1135 1888 1177 multo

121 1200 243 1243 reddi
276 1200 527 1251 deteriores,
560 1213 691 1255 saepe
722 1200 970 1254 perturbari
1003 1200 1133 1242 etiam
1168 1202 1212 1243 et
1234 1200 1391 1242 offendi
1414 1200 1671 1251 Catholicos,
1706 1214 1812 1253 quos
1844 1199 1888 1240 in

123 1265 312 1308 Bauaria
359 1266 428 1307 uel
475 1265 663 1307 maxime
716 1279 976 1308 conseruare
1028 1268 1073 1308 et
1123 1279 1379 1319 promouere
1426 1265 1669 1319 oportebat.
1747 1264 1889 1314 Quare

123 1330 330 1373 maiorem
363 1331 406 1372 in
435 1331 608 1373 modum
631 1344 752 1384 rogo,
787 1334 836 1373 vt
860 1331 911 1372 de
943 1331 1023 1372 hoc
1046 1330 1236 1373 tollendo
1259 1331 1478 1379 scandalo,
1513 1330 1626 1384 quod
1648 1329 1890 1372 Bauaricae

124 1395 339 1438 nobilitati
369 1396 598 1438 admodum
632 1395 780 1447 officit,
815 1399 858 1438 et
885 1396 936 1437 de
959 1395 1045 1438 ritu
1068 1395 1192 1437 unius
1215 1395 1374 1449 speciei
1397 1396 1614 1438 duntaxat
1635 1395 1678 1436 in
1700 1394 1890 1436 Bauaria

123 1461 364 1512 retinendo,
398 1461 578 1503 consilia
609 1461 737 1504 isthic
766 1461 916 1504 statim
939 1461 1179 1515 capiantur.
1219 1461 1360 1503 Vnam
1384 1460 1419 1502 si
1442 1460 1675 1503 Bauariam
1698 1459 1890 1502 studiose

122 1540 208 1568 non
251 1525 543 1577 defendimus,
592 1526 695 1568 nihil
737 1526 829 1568 fere
871 1526 1159 1568 orthodoxum
1200 1539 1388 1579 uereque
1429 1525 1696 1568 Catholicum
1740 1528 1891 1568 nostra

123 1594 272 1633 seruat
311 1591 557 1642 Germania,
601 1591 676 1633 sed
718 1591 866 1634 statim
910 1592 1125 1645 parebunt
1165 1590 1310 1632 omnia
1350 1590 1563 1645 sectarijs.
1627 1590 1719 1640 Qua
1759 1589 1803 1631 in
1843 1603 1891 1631 re

241 1667 269 1697 a)
299 1667 371 1691 Tria
391 1673 433 1691 Μ’.
454 1673 512 1697 sqq.
533 1674 551 1691 (ι
572 1668 600 1691 C.
624 1667 652 1691 in
673 1666 805 1697 maryiMe
833 1666 937 1691 addita.
963 1669 1039 1690 sunt.
1178 1664 1209 1697 b)
1236 1667 1281 1690 Ita
1303 1667 1331 1690 ⁴).
1352 1666 1480 1691 correxit
1506 1674 1542 1690 er
1568 1664 1653 1690 aulae
1681 1665 1723 1690 vel
1743 1663 1888 1690 aulacam.

124 1708 148 1739 c)
170 1709 292 1733 Com-exi
312 1716 348 1732 ew
368 1706 469 1739 spicio.

245 1821 255 1841 ¹
281 1821 494 1862 Fridericus,
531 1821 590 1865 qui
625 1820 778 1854 filiorum
816 1832 860 1854 ex
896 1819 1086 1854 Guilielmo
1115 1819 1156 1853 ΙΙ.
1184 1818 1375 1853 cardinalis
1410 1818 1552 1852 Ottonis
1588 1819 1699 1852 fratre
1734 1820 1891 1852 ortorum

124 1874 302 1909 maximus
329 1877 407 1908 erat
434 1874 715 1917 (1546—1570),
743 1876 865 1918 potum
892 1873 998 1907 nimis
1024 1872 1178 1907 amabat.
1227 1871 1355 1913 Caroli,
1383 1871 1640 1916 Christophori,
1667 1871 1892 1913 Ferdinandi,

125 1928 184 1972 qui
201 1930 289 1961 natu
307 1927 442 1961 minimi
462 1930 574 1968 erant,
601 1927 793 1961 cardinalis
811 1938 880 1960 una
899 1938 979 1961 cum
998 1925 1188 1960 comitibus
1205 1925 1385 1959 Friderico
1404 1925 1448 1959 ab
1468 1917 1641 1968 Ottingen
1660 1927 1696 1959 et
1712 1924 1892 1959 Ioachimo

124 1993 144 2016 a
171 1980 414 2024 Furstenberg
448 1980 598 2014 tutelam
634 1980 794 2023 gerebat.
844 1982 897 2014 Ac
922 1979 1169 2014 Ferdinandus
1205 1979 1347 2023 quidem
1374 1978 1633 2013 cathedralium
1659 1978 1892 2013 ecclesiarum

125 2034 337 2068 coloniensis
372 2037 408 2067 et
433 2033 692 2078 herbipolensis
727 2033 919 2067 canonicus
949 2034 1068 2066 factus
1095 2035 1169 2073 est;
1205 2043 1284 2066 cum
1311 2043 1396 2066 vero
1424 2031 1646 2073 Gebhardus,
1681 2032 1752 2066 iam
1779 2031 1893 2066 archi-

125 2087 313 2132 episcopus
332 2085 546 2120 coloniensis
570 2086 781 2131 imperiique
807 2086 975 2131 princeps
992 2085 1126 2120 elector
1143 2085 1372 2126 constitutus,
1399 2085 1547 2119 incestis
1564 2084 1699 2129 nuptiis
1715 2084 1892 2128 Agnetem

122 2152 142 2174 a
161 2139 340 2174 Mansfeld
367 2139 435 2173 sibi
460 2139 650 2180 iunxisset,
679 2139 827 2174 Carolus
845 2150 985 2183 quoque
1013 2140 1047 2172 et
1065 2138 1311 2172 Ferdinandus
1330 2149 1351 2172 a
1369 2138 1438 2172 fide
1457 2138 1665 2172 defecerunt
1690 2139 1726 2172 et
1743 2138 1892 2172 fratrem

123 2193 158 2227 in
185 2192 290 2233 bello,
317 2204 386 2237 quo
413 2192 761 2238 archiepiscopatum
789 2192 1009 2227 Calvinismo
1035 2192 1239 2236 mancipare
1267 2191 1475 2231 conabatur,
1503 2191 1736 2231 adiuverunt;
1773 2190 1892 2224 Ferdi-

122 2247 262 2280 nandus
281 2246 461 2280 exercitus
479 2246 698 2280 neerlandici
716 2246 820 2280 miles
834 2245 1033 2280 Buscoduci
1049 2246 1189 2279 occisus
1204 2247 1259 2279 est
1277 2244 1464 2288 (Vochezer
1478 2244 1500 2279 1.
1516 2256 1545 2279 c.
1560 2244 1611 2278 ΙΙΙ
1627 2245 1647 2278 2
1666 2244 1710 2278 53
1730 2243 1774 2278 73
1795 2243 1892 2287 132).

239 2300 252 2320 ²
278 2299 528 2333 Sebastianum
546 2299 768 2334 Pfersfelder
787 2298 958 2333 ecclesiae
977 2297 1011 2332 S.
1023 2298 1120 2332 Petri
1145 2298 1370 2332 monacensis
1389 2298 1573 2339 decanum,
1600 2300 1636 2331 et
1649 2297 1709 2331 Dr.
1722 2297 1890 2330 Ioannem

120 2365 140 2386 a
166 2352 244 2393 Via,
281 2353 341 2387 Dr.
370 2353 493 2386 Ionam
518 2352 647 2394 Adler,
682 2353 743 2386 Dr.
771 2352 965 2395 Georgium
1002 2351 1178 2392 Lauther,
1215 2351 1409 2396 Gasparem
1445 2350 1601 2392 Frankh,
1636 2350 1676 2384 P.
1696 2349 1889 2393 Georgium

122 2405 302 2446 Schorich,
330 2405 594 2440 contionatores
621 2405 767 2440 aulicos.
811 2405 947 2447 Quibus
973 2416 1102 2438 novem
1129 2404 1203 2438 fere
1233 2403 1431 2439 consiliarii
1457 2403 1677 2438 accedebant
1705 2403 1894 2446 (Kno‘pfler

121 2458 143 2492 l.
159 2470 187 2493 c.
214 2459 291 2493 161.
343 2460 433 2492 Masi·
460 2471 487 2493 v.
507 2459 697 2503 Freybergs,
728 2457 1000 2502 Pragmatische
1028 2456 1245 2491 Geschichte
1272 2457 1333 2491 der
1360 2456 1595 2501 bayerischen
1615 2456 1892 2499 Gesetzgebung

122 2512 192 2545 und
226 2512 578 2555 Staatsverwaltung
613 2512 683 2546 seit
717 2512 784 2545 den
821 2511 942 2545 Zeiten
979 2510 1204 2545 Maximilian
1231 2511 1256 2544 Ι.
1283 2510 1345 2551 ΙΙΙ,
1372 2510 1519 2555 Leipzig
1547 2509 1647 2550 1838,
1676 2508 1891 2552 181—182).

241 2565 254 2585 ⁸
280 2565 319 2598 In
354 2576 446 2609 pago
473 2565 551 2599 sive
584 2565 751 2610 oppidulo
778 2564 987 2599 Schwaben.
1038 2563 1137 2598 Haec
1162 2567 1284 2598 tamen
1311 2563 1510 2598 communio
1536 2582 1580 2586 —
1607 2562 1641 2596 id
1668 2561 1760 2606 quod
1788 2561 1890 2596 Cani-

123 2617 197 2651 sius
223 2617 408 2660 ignorasse
434 2618 578 2652 videtur
596 2619 702 2652 —iis
728 2618 815 2652 solis
841 2617 1126 2662 permittebatur,
1164 2616 1224 2661 qui
1250 2616 1404 2661 parocho
1429 2615 1654 2650 schwabensi
1680 2615 1888 2649 facultatem

124 2681 144 2703 a
170 2680 234 2703 suo
261 2670 431 2714 cuiusque
458 2670 613 2715 parocho
639 2671 810 2716 scriptam
837 2671 983 2705 allaturi
1010 2673 1147 2710 essent3
1186 2681 1302 2714 neque
1328 2668 1483 2704 facultas
1509 2668 1571 2702 illa
1597 2668 1677 2702 aliis
1703 2679 1809 2712 quam
1836 2668 1892 2708 iis,

124 2734 273 2765 quorum
299 2722 387 2757 fides
413 2735 433 2757 a
459 2723 637 2768 theologis
673 2724 745 2758 illis
772 2724 913 2758 Alberti
933 2724 975 2758 V.
995 2723 1095 2757 ducis
1121 2723 1191 2757 iam
1226 2724 1368 2757 tentata
1402 2723 1488 2762 erat,
1524 2721 1600 2755 dari
1635 2722 1793 2766 poterat3
1831 2720 1891 2764 qui

125 2775 232 2808 etiam
258 2776 393 2819 primae
426 2779 652 2820 peccatorum
681 2777 914 2812 confessionis
941 2788 1050 2811 causa
1076 2779 1138 2811 aut
1163 2775 1350 2819 theologos
1376 2775 1519 2809 eosdem
1546 2776 1609 2808 aut
1634 2774 1661 2808 F
1663 2773 1892 2808 ranciscanos

125 2829 187 2860 aut
212 2827 366 2861 lesuitas
392 2829 490 2863 adire
516 2830 740 2873 iubebantur,
779 2830 871 2874 quod
897 2830 921 2864 ii
948 2829 1015 2864 soli
1050 2829 1224 2863 facultate
1260 2828 1469 2862 absolvendi
1496 2827 1539 2861 ab
1570 2827 1710 2861 haeresi
1736 2826 1891 2871 praediti

126 2883 265 2919 essent;
301 2883 486 2924 praeterea
512 2884 722 2926 promittere
749 2883 936 2923 debebant,
962 2894 1001 2917 se
1027 2882 1146 2916 officia
1173 2881 1294 2915 divina
1321 2880 1574 2924 contionesque
1601 2881 1891 2924 frequentaturos

126 2935 162 2966 et
179 2932 287 2966 libros
305 2933 415 2966 bonos
434 2933 590 2968 lecturos
609 2947 696 2969 esse.
730 2936 784 2969 [ta
802 2948 846 2969 ex
865 2936 963 2970 illius
981 2935 1152 2980 temporis
1170 2934 1410 2968 monumentis
1421 2935 1596 2977 Knb'pfler
1613 2933 1635 2967 1.
1648 2944 1678 2967 c.
1695 2932 1889 2966 161—162.

126 2985 180 3018 Ex
207 2985 336 3028 quibus
361 2985 584 3027 refelluntur,
611 2999 701 3031 quae
732 2988 851 3022 odiose
878 2989 1013 3033 scripta
1038 2990 1123 3022 sunt
1150 2999 1170 3022 a
1196 2989 1267 3021 Per.
1287 2988 1379 3021 Phil.
1399 2988 1503 3031 Wolf,
1532 2984 1749 3020 Geschichte
1775 2984 1889 3018 Maxi-

126 3038 269 3072 milians
296 3038 321 3071 I.
348 3038 418 3071 und
445 3039 561 3072 seiner
587 3040 662 3073 Zeit
687 3041 712 3081 Ι,
740 3041 918 3075 Miinchen
948 3041 1048 3082 1807,
1077 3040 1226 3075 32--33.
1316 3074 1320 3078 .

249 3092 260 3110 ⁴
288 3090 352 3124 Pio
371 3091 413 3125 V.
560 3092 573 3111 ⁵
598 3092 650 3125 De
677 3092 744 3127 hac
771 3105 803 3127 v.
835 3095 921 3128 Can.
942 3094 990 3127 IV
1017 3094 1085 3128 575
1113 3094 1310 3128 621—62‘2.
