2044 3335
194 107 278 148 582
689 104 782 139 Mon.
811 104 878 139 956
905 104 983 138 sive
1008 105 1046 138 it.
1068 105 1133 148 (9).
1175 105 1231 139 23.
1252 105 1330 139 Iulii
1359 105 1459 140 1568.

187 236 275 263 sum
321 235 415 272 esse,
458 225 502 261 ut
544 221 602 260 ibi
643 225 679 260 et
719 221 904 274 ipsorum
946 221 1307 274 „]»·oeu›·alorem“
1345 228 1494 277 (meret,
1538 228 1574 264 et
1615 223 1673 263 ad
1716 224 1938 265 Gentio-ias

187 286 568 339 Maqdeburffenses
613 284 864 337 refutandas
910 299 934 325 (ι
979 285 1102 326 libris
1145 286 1354 342 doctisque
1393 289 1497 328 viris
1537 289 1729 329 subsidia
1771 294 1936 342 peteret.

186 351 330 404 Itaque
370 349 413 390 in
445 349 591 390 vrbem
634 348 718 391 iter
758 349 964 402 corripuit
1002 350 1054 390 ab
1088 349 1179 403 ipso
1213 350 1365 392 ductus
1397 351 1611 393 Cardinali
1645 352 1854 403 Othone&
1889 356 1937 395 vt

185 414 310 455 simul
334 428 429 455 cum
447 414 653 456 Pontifice
670 413 858 455 maximo
882 415 1093 466 quaedam
1112 414 1162 456 de
1182 415 1412 457 Germania
1434 416 1621 458 iuuanda
1639 419 1913 460 tractaret...
1927 452 1936 460 .

184 479 232 519 In
266 479 414 520 vrbem
447 481 641 520 sanctam
673 479 885 532 peruenit,
924 479 1005 532 ipsi
1037 479 1311 521 sanctissimo
1345 480 1420 522 Pio
1453 481 1600 533 quinto
1633 481 1830 523 Pontifici
1862 495 1938 523 ex-

183 545 396 596 pectatus,
432 543 619 597 cupienti
652 557 796 585 coram
829 557 883 585 ex
907 558 955 585 eo
979 544 1031 584 de
1059 558 1201 585 rerum
1225 547 1344 586 statu
1366 545 1640 599 remedioque
1664 559 1936 599 cognoscere.

184 607 276 650 Nec
309 608 468 660 exigua
500 622 600 662 pars
632 608 723 662 ipse
755 608 837 651 fuit
863 609 1070 658 Canisius,
1105 613 1154 651 vt
1176 609 1407 651 Consilium
1442 613 1627 663 quatuor
1649 611 1938 653 Cardinalium

184 672 535 724 constitueretur,
570 687 747 726 quorum
773 687 900 715 curae
932 673 974 714 in
1001 673 1188 715 iuuando
1212 674 1514 728 Septentrione
1537 676 1836 728 excogitandis
1859 676 1939 717 viis

181 737 360 788 idoneis,
404 739 686 791 vrgendaque
717 738 993 780 restitutione
1026 739 1246 792 religionis
1278 754 1355 793 per
1387 754 1461 781 eas
1494 754 1592 782 oras
1624 741 1796 794 proprie
1828 740 1939 794 vigi-

185 802 342 844 larent.
404 804 519 845 Idem
555 805 788 846 Sacclzi‘nus
828 806 874 845 in
906 804 1125 845 Historiae
1156 805 1373 846 Societotis
1406 804 1500 846 Iesu
1539 811 1661 860 parte
1701 807 1825 847 tertia
1863 806 1938 848 sub

183 882 223 910 a.
258 869 373 909 1622
407 868 595 909 absoluta
630 870 680 910 dc
712 870 754 911 S.
784 869 1012 910 Francisco
1045 869 1204 923 Boryia
1238 870 1454 911 societatis
1484 873 1721 925 praeposito
1752 872 1941 926 yenerctli

184 938 220 974 et
258 934 308 974 cle
339 933 554 975 sodalibus
588 935 630 975 in
664 939 862 975 concentu
898 935 965 975 illo
994 940 1321 988 procuratorum
1354 937 1611 990 conqreyatis
1643 936 1795 989 refert:
1836 935 1939 977 Cum

182 997 238 1038 ad
262 997 495 1048 Orientem,
530 1001 660 1051 atque
683 999 737 1040 ad
762 998 1038 1040 Occidentem
1071 999 1375 1053 propagationi
1407 1000 1505 1041 fidei
1536 1000 1793 1042 latissimam
1816 1003 1940 1054 pate-

181 1062 277 1104 fieri
308 1064 477 1116 portam
501 1066 730 1105 narrarent
752 1063 949 1106 Pontifici
974 1064 1139 1114 Patres,
1173 1067 1304 1117 atque
1336 1068 1679 1119 peropportunas
1702 1065 1756 1106 ad
1788 1066 1940 1107 iuuan-

183 1127 284 1168 dum
326 1127 674 1181 Septentrionem
715 1128 852 1170 eidem
896 1128 1090 1170 Canisius
1129 1129 1223 1171 vias
1264 1132 1536 1184 proponeret,
1580 1130 1846 1183 multumque
1887 1130 1954 1185 ijs.

183 1192 312 1233 rebus
344 1192 501 1234 Pastor
541 1193 839 1235 sanctissimus
880 1194 1142 1243 laetaretur;
1185 1208 1443 1248 suggessere
1483 1195 1658 1249 insuper
1689 1195 1826 1236 videri
1865 1209 1940 1249 op-

183 1256 337 1299 timum
369 1257 502 1308 factu,
537 1257 571 1299 si
604 1258 739 1312 ipsius
772 1258 991 1301 Sanctitas
1024 1259 1189 1312 aliquot
1215 1259 1466 1301 Cardinales
1498 1260 1760 1313 designaret,
1795 1260 1866 1312 qui
1898 1261 1941 1302 in

183 1321 264 1363 has
295 1322 409 1364 tanti
441 1323 647 1364 momenti
673 1337 799 1365 curas
821 1323 1026 1378 peculiari
1049 1324 1291 1367 attentione
1312 1324 1621 1367 incumberent.
1670 1324 1940 1378 Consilioque

183 1385 300 1428 inter
339 1400 385 1428 se
426 1387 586 1438 habito,
629 1390 721 1430 tum
756 1403 891 1430 nouas
925 1389 1228 1442 excogitarent
1268 1393 1446 1432 sanctae
1478 1389 1599 1431 Fidei
1630 1389 1939 1441 restituendae,

185 1464 237 1493 ac
268 1452 576 1506 propagandae
607 1453 819 1496 rationes:
852 1456 944 1495 tum
976 1456 1096 1496 recte
1129 1454 1324 1496 consulta
1351 1455 1405 1496 ad
1437 1455 1636 1496 effectum
1669 1454 1941 1508 perducenda

187 1520 404 1560 curarent.
454 1517 574 1568 Quod
597 1519 775 1560 audiens
799 1518 1014 1569 Pontifex,
1048 1519 1089 1560 id
1112 1533 1216 1561 vero
1240 1519 1410 1561 omnino
1436 1520 1681 1562 faciendum
1705 1519 1939 1571 affirmans,

186 1582 384 1636 protinus
407 1583 627 1625 nominare
650 1584 911 1633 Cardinales‚
946 1585 1016 1636 qui
1039 1584 1181 1626 idonei
1203 1584 1468 1636 viderentur,
1498 1584 1650 1639 coepit.
1699 1584 1767 1625 Ex
1790 1585 1942 1637 quibus

188 1647 353 1689 decimo
378 1648 596 1690 Kalendas
619 1649 807 1691 Sextiles
824 1651 840 1676 2
867 1649 910 1690 in
943 1663 1066 1691 sacro
1091 1649 1252 1691 Senatu
1284 1650 1420 1693 lectos
1450 1664 1475 1692 a
1501 1664 1547 1692 se
1579 1651 1812 1703 quaternos
1845 1663 1943 1703 pro-

188 1712 425 1766 mulgauit:
460 1713 730 1756 Cardinalem
762 1715 1078 1768 Augustanum,
1113 1715 1184 1767 qui
1216 1715 1344 1769 paulo
1378 1718 1479 1757 ante
1512 1715 1668 1757 comite
1701 1714 1868 1756 Canisio
1901 1715 1944 1756 in

188 1777 349 1819 Vrbem
391 1781 593 1820 venerat:
636 1779 951 1830 Bordesieram,
997 1780 1331 1831 Granuelanum,
1374 1784 1418 1822 et
1454 1779 1829 1829 Commendonum,
1872 1780 1944 1832 qui

189 1842 434 1885 Haereticis
466 1845 720 1885 reuocandis
752 1845 806 1886 ad
837 1845 964 1886 fidem
996 1846 1299 1899 praeessent3:
1333 1845 1612 1898 totidemque,
1646 1844 1718 1898 qui
1750 1844 1945 1887 Ethnicis

189 1908 503 1959 conuertendis‚
546 1909 717 1951 adiecit.
780 1909 975 1952 Marcum
1006 1909 1243 1952 Antonium
1276 1910 1505 1960 Amulium,
1550 1909 1822 1952 Guilielmum
1855 1910 1944 1952 Sir-

189 1971 338 2022 letum,
373 1973 609 2015 Antonium
641 1974 867 2025 Caraffam,
903 1977 946 2016 et
977 1975 1275 2017 Alexandrum
1309 1975 1568 2017 Cribellium.

307 2043 460 2086 Prosper
495 2045 538 2076 ab
564 2046 665 2078 Arcu
699 2046 818 2078 orator
853 2056 1041 2079 caesareus
1076 2045 1188 2079 Roma
1223 2045 1278 2079 24.
1305 2045 1386 2079 Iulii
1415 2045 1504 2080 1568
1538 2045 1784 2079 Maximiliano
1810 2045 1854 2080 II.
1883 2045 1944 2079 im·

188 2095 343 2139 peratori
370 2096 533 2140 scripsit:
565 2097 641 2139 „Ha
667 2097 764 2130 detto
783 2097 853 2131 Sua
872 2097 1011 2132 Santita
1037 2098 1071 2132 al
1094 2098 1253 2132 cardinal
1278 2098 1465 2142 d'Agusta
1491 2098 1556 2132 che
1582 2098 1780 2132 conferisca
1804 2098 1838 2132 le
1864 2109 1945 2132 cose

187 2148 223 2181 di
249 2149 432 2191 germania
459 2161 523 2183 con
549 2149 574 2183 il
600 2150 779 2184 cardinale
806 2151 978 2193 granvela
1005 2153 1041 2185 et
1064 2151 1231 2186 Cardinal
1258 2151 1350 2186 della
1369 2152 1585 2194 Bordigiera,
1612 2154 1648 2185 et
1673 2163 1802 2186 ancora
1828 2163 1893 2186 con
1914 2150 1945 2196 jl

188 2200 357 2235 cardinal
385 2201 607 2237 Comendone
633 2204 774 2247 quando
800 2204 830 2238 si
855 2206 1022 2238 truouera
1044 2204 1084 2250 jn
1103 2205 1225 2245 Roma,
1252 2204 1381 2249 perche
1407 2217 1470 2249 per
1495 2204 1592 2238 molt⁹
1607 2205 1697 2239 altre
1723 2204 1945 2249 occupationi

187 2252 279 2288 Essa
305 2266 373 2288 non
400 2255 435 2300 uj
462 2267 530 2300 puo
557 2257 760 2290 attendere“
786 2257 847 2300 (ex
872 2259 1029 2301 autogr.;
1057 2258 1140 2292 Cod.
1159 2257 1301 2292 vindob.
1325 2258 1444 2300 „Rom.
1463 2258 1560 2292 Corr.
1579 2259 1643 2292 30“
1665 2258 1689 2292 f.
1708 2258 1942 2299 273⁶—274⁸;

190 2307 298 2340 etiam
324 2309 418 2353 apud
439 2309 618 2352 Schwarz,
647 2310 765 2344 Briefe
791 2310 863 2344 und
880 2312 994 2344 Acten
1013 2311 1044 2344 Il
1071 2321 1147 2351 x11;
1175 2311 1219 2345 cf.
1241 2311 1348 2345 etiam
1367 2312 1606 2345 Laderchz'um
1632 2311 1655 2346 l.
1675 2323 1704 2346 c.
1731 2312 1766 2345 in
1792 2322 1822 2346 a.
1844 2311 1943 2351 1568,

189 2372 222 2394 n.
249 2360 346 2404 206).
397 2361 437 2395 In
464 2362 651 2397 Societatis
677 2365 856 2397 *Litteris
889 2364 1016 2398 annuis
1042 2364 1155 2398 Roma
1181 2365 1236 2399 31.
1263 2364 1471 2399 Decembris
1508 2365 1598 2400 1568
1632 2365 1726 2399 datis
1760 2376 1802 2398 ea
1828 2365 1871 2398 de
1905 2375 1944 2398 re

188 2413 276 2447 haec
302 2419 511 2450 narrantur:
543 2415 651 2459 „Quia
678 2415 837 2450 Societas
862 2428 932 2450 non
956 2417 1071 2451 solum
1098 2417 1292 2452 Catholicis
1327 2418 1495 2463 prodesse
1520 2418 1652 2458 studet,
1686 2418 1749 2452 sed
1775 2418 1882 2452 etiam
1908 2417 1944 2451 in

187 2466 376 2502 haereticis
412 2471 448 2502 et
474 2468 719 2504 Schismaticis
754 2470 798 2504 ab
833 2482 950 2504 errore
985 2471 1215 2513 reuocandis,
1251 2474 1287 2505 et
1321 2471 1524 2505 infidelibus
1558 2471 1603 2505 ad
1638 2470 1771 2505 Christi
1807 2470 1942 2505 cultum

186 2519 418 2555 traducendis
443 2521 594 2556 multum
620 2534 748 2567 operae
775 2534 816 2557 ac
842 2523 950 2569 studij
977 2524 1094 2569 ponit;
1121 2526 1353 2569 vtrorumque
1378 2525 1468 2558 bono
1493 2525 1587 2570 apud
1612 2524 1716 2558 Pont.
1742 2536 1836 2558 max.
1864 2535 1943 2558 con-

188 2573 322 2608 sultum
348 2576 413 2609 est.
456 2575 502 2608 Et
520 2586 588 2619 quo
606 2575 733 2610 melius
759 2579 795 2610 et
820 2576 962 2611 facilius
981 2577 1023 2611 de
1048 2577 1245 2612 rationibus
1263 2578 1528 2612 conseruandae
1553 2578 1589 2611 in
1606 2577 1943 2622 septentrionalibus

188 2626 329 2670 populis
355 2627 553 2662 catholicae
578 2629 762 2673 religionis
788 2629 848 2672 agi
874 2633 1010 2674 posset;
1047 2631 1245 2676 perfectum
1273 2634 1337 2673 est,
1372 2633 1413 2665 vt
1439 2634 1591 2675 quatuor
1625 2643 1669 2665 ex
1697 2630 1944 2665 Cardinalibus

189 2678 271 2713 huic
295 2680 348 2713 rei
373 2681 659 2725 praeficerentur,
687 2683 757 2726 qui,
793 2694 872 2716 cum
903 2695 992 2728 opus
1026 2684 1144 2725 fuerit,
1179 2684 1224 2718 ad
1250 2683 1460 2718 Pontificem
1495 2685 1662 2725 referant,
1699 2686 1734 2718 et
1768 2684 1860 2727 quod
1886 2683 1943 2717 de-

189 2734 325 2766 cretum
353 2735 428 2775 erit,
456 2746 562 2778 quam
588 2735 862 2779 diligentissime
880 2739 1005 2770 curent
1022 2737 1279 2771 conficiendum
1292 2738 1315 2771 4.
1357 2737 1518 2770 Totidem
1537 2736 1764 2771 Cardinales“
1794 2739 1861 2771 ete.
1883 2737 1944 2779 (ex

312 2816 321 2834 ¹
347 2815 555 2852 Truchsess.
700 2819 714 2838 ²
739 2818 804 2852 Die
830 2819 886 2853 23.
914 2819 1005 2853 Iulii.

309 2868 322 2886 ³
346 2868 582 2904 Philibertum
608 2871 730 2906 Babou
759 2871 956 2916 (Naldium)
985 2873 1028 2906 de
1054 2871 1089 2906 la
1115 2872 1364 2906 Bourdaisiere
1391 2873 1595 2917 episcopum
1626 2871 1943 2906 antisiodorensem

192 2917 405 2963 (Auxerre);
434 2924 625 2957 Antonium
644 2925 815 2959 Perrenot
841 2925 883 2958 de
902 2925 1098 2960 Granvella
1115 2925 1421 2970 archiepiscopum
1439 2925 1747 2965 mechliniensem;
1775 2925 1943 2959 Ioannem

191 2970 420 3007 Franciscum
448 2975 746 3011 Commendonum
775 2978 833 3020 (de
859 2989 926 3022 quo
953 2989 1061 3023 supra
1087 2990 1119 3022 p.
1138 2978 1236 3022 223).

310 3026 322 3044 ⁴
349 3025 422 3059 Iam
449 3029 687 3072 compluribus
714 3031 816 3064 annis
850 3037 932 3065 ante
962 3031 1008 3074 (a.
1038 3031 1127 3066 1560
1138 3031 1172 3075 5²)
1200 3030 1314 3065 simile
1341 3030 1527 3065 consilium
1553 3031 1687 3065 Romae
1721 3029 1941 3076 propositum

193 3086 272 3112 esse
297 3079 452 3112 ostendit
479 3081 647 3114 Soka-ar:
672 3082 694 3116 1.
722 3093 751 3116 c.
778 3083 811 3116 ΙΙ
837 3095 992 3118 xr—xn.
