2044 3335
161 114 216 155 90
409 112 510 146 1515.
537 111 577 145 P.
596 110 766 145 Nicolaus
793 110 948 144 Lanoius
974 109 1060 144 Can.
1108 108 1308 154 Oeniponte
1334 109 1400 144 sub
1426 121 1472 144 m.
1491 108 1571 144 Oct.
1594 109 1694 144 1567.

284 230 472 263 Torrensz‘s
500 228 533 262 in
560 227 687 262 iisdem
714 227 892 261 *littei-is:
934 226 1096 269 „Quanto
1122 226 1179 260 ala
1206 226 1438 268 vniuersita“,
1464 227 1591 271 inquit,
1624 239 1705 272 „per
1731 226 1847 271 gratia
1873 226 1922 261 dil

159 282 303 325 signore
339 282 370 316 si
396 281 442 315 ha
468 284 547 315 rota
572 281 608 315 la
634 280 783 324 giacoia,
810 281 841 314 si
867 280 913 314 ha
939 280 1171 323 significatoa
1197 280 1242 314 ali
1270 280 1425 315 senatori
1452 280 1647 314 academici
1677 292 1746 324 que
1771 280 1828 314 noi
1855 280 1923 314 dua

160 336 235 370 coie
271 335 296 368 il
322 334 363 369 D.
391 334 597 368 Theodoro¹
624 336 659 368 et
685 335 728 374 io,
763 333 788 367 11
815 333 913 377 quali
949 333 1015 367 soli
1046 333 1218 368 restiamo
1252 333 1311 367 nel
1337 335 1461 368 senato
1474 333 1497 374 ²,
1534 333 1569 367 di
1594 344 1665 377 qua
1690 334 1818 373 inanzi,
1853 345 1924 367 non

162 389 305 423 daremo
332 388 357 421 il
385 390 506 421 nostro
533 387 705 430 suffragio
731 386 811 421 nele
837 386 1049 431 promotioni
1076 399 1096 420 o
1123 386 1278 428 eletioni,
1317 398 1356 421 se
1382 398 1452 421 non
1478 398 1543 420 con
1570 386 1780 425 conditione.
1808 385 1873 420 che
1898 385 1924 420 il

160 441 399 486 promouendo
426 453 445 474 o
472 440 637 483 eligendo
653 440 766 484 prima
784 440 899 474 faccia
917 439 1139 484 professione
1165 440 1208 473 de
1234 439 1269 473 la
1287 439 1367 474 fede
1386 439 1562 474 catholica
1580 439 1732 474 secondo
1758 439 1783 473 il
1803 438 1924 473 Concil

160 494 368 528 Tridentino
395 495 431 527 et
456 492 491 527 13
518 492 617 527 bulla
635 492 666 526 d'
682 493 747 526 Pio
766 493 810 527 ,4.
838 492 943 527 credo
970 491 1036 527 che
1062 492 1182 527 alcuni
1208 492 1242 538 dj
1261 493 1420 527 senatori
1446 492 1479 527 ci
1504 492 1710 526 imittarano
1737 492 1924 526 almancho

160 547 185 581 il
211 548 253 581 D.
281 546 433 581 Roscio-⁹·
460 549 496 580 et
522 558 570 580 vn
596 557 661 580 suo
688 547 871 589 cognato.“
926 545 973 580 Et
999 546 1104 590 paulo
1130 545 1225 580 infra
1259 545 1302 580 de
1330 545 1453 580 eadem
1479 546 1563 580 fidei
1588 545 1828 590 professione:
1868 545 1924 587 „Jl

159 600 201 635 D.
229 600 355 634 Boscio
382 600 417 634 13
443 599 489 633 ha
515 600 575 642 gia
601 600 694 634 fatta
720 599 781 643 qui
807 599 843 632 in
869 601 990 633 nostro
1018 599 1210 643 Collegio.“

281 654 358 687 Hoc
384 663 524 697 quoque
548 652 736 687 Torrensis
761 652 796 685 in
823 652 950 686 iisdem
976 651 1139 687 *litteris
1164 653 1323 686 testatus
1350 655 1424 686 est:
1458 652 1518 694 „Ci
1545 651 1590 686 ha
1616 651 1789 686 consolati
1814 651 1924 686 molto

159 706 194 740 13
219 706 448 748 resolutione,
484 717 553 750 que
578 705 736 751 potiamo
770 705 806 739 in
832 707 959 750 queste
985 708 1089 750 parte
1114 716 1200 740 vsar
1226 705 1304 739 dele
1330 704 1467 739 faculta
1493 707 1614 739 nostre
1649 717 1693 739 ne
1718 704 1751 739 le
1776 704 1924 739 admini-

159 760 332 794 stratione
358 760 402 794 de
428 760 438 793 i
465 759 700 800 Sacramenti,
728 760 829 793 entre
854 760 956 793 tanto
982 758 1048 793 che
1074 770 1144 793 non
1171 758 1201 793 si
1227 756 1417 804 promulga
1442 758 1469 792 il
1496 757 1653 793 Concilio
1679 757 1921 792 Tridentino.“

160 813 211 847 De
238 825 308 858 qua
333 825 372 847 re
398 813 444 848 cf.
475 813 560 848 Can.
587 812 638 846 IV
663 812 863 854 473—476,
888 815 924 846 et
950 823 1059 857 supra
1086 824 1118 857 p.
1145 813 1202 846 47.

159 927 300 964 1515.
399 928 460 963 P.
487 926 829 964 NIGOIAAUS
865 925 1164 964 LANOIUS
1202 926 1255 963 S.
1279 926 1334 963 J.
1370 927 1513 972 collegii
1547 927 1775 972 oenipontani
1809 928 1926 961 rector

349 981 550 1017 CANISIO.
883 980 1084 1025 Oeniponte
1110 981 1177 1015 sub
1203 993 1250 1015 m.
1269 980 1462 1015 Octobrem
1491 979 1745 1024 (exeuntenffl)
1775 980 1877 1014 1567.

278 1052 334 1086 Ex
360 1052 484 1086 Lanoii
510 1052 553 1086 ad
581 1051 750 1095 Borgiam
777 1051 932 1097 epistula
958 1051 1194 1096 autographa.
1246 1051 1288 1086 G.
1315 1051 1380 1096 Ep.
1408 1051 1456 1085 IX
1483 1051 1508 1086 f.
1538 1052 1632 1086 1902.

278 1123 343 1157 Fr.
367 1123 603 1167 Geldrensem,
631 1123 725 1167 quod
742 1123 935 1166 discipulos
959 1124 1115 1156 severius
1140 1127 1276 1167 tractet,
1302 1133 1371 1156 non
1393 1123 1513 1156 debere
1532 1123 1698 1165 parvulis
1715 1122 1800 1155 dari
1818 1132 1925 1165 prae-

159 1180 329 1219 ereptorem
336 1189 350 1219 ;
374 1177 504 1211 horum
529 1178 622 1210 enirn
648 1177 765 1210 nudas
790 1187 916 1209 earnes
941 1177 1052 1218 vimis
1078 1177 1178 1209 caedi
1203 1180 1375 1219 oportere.

277 1242 318 1275 P.
345 1242 518 1275 Nicolaus
550 1242 713 1274 Lanoizcs
747 1246 862 1274 rector
897 1240 1032 1284 colleqii
1066 1242 1296 1284 oenipontani
1334 1241 1525 1284 Oeniponte
1564 1243 1594 1274 6.
1628 1241 1800 1274 Ianuarii
1836 1241 1926 1273 1568

160 1294 357 1328 France'seo
396 1295 552 1338 Boryiae
582 1295 790 1337 praeposito
830 1294 993 1337 yenerali
1028 1294 1193 1337 scripsit:
1235 1295 1415 1338 „Maestro
1457 1295 1623 1328 Gerardo
1662 1293 1844 1336 yeldreizse
1883 1293 1925 1335 fa

160 1348 330 1381 mandato
357 1348 379 1381 l’
394 1358 492 1381 anno
511 1349 685 1390 passato⁴
711 1348 773 1380 dal
798 1348 837 1380 P.
865 1348 1067 1391 Visitatore,
1102 1358 1124 1380 a
1151 1347 1342 1381 Monac-hio
1371 1359 1439 1390 per
1465 1348 1678 1390 riformarsz'
1712 1346 1804 1379 nella
1834 1346 1927 1379 Casa

159 1400 198 1433 di
217 1401 442 1444 probatione,
477 1402 567 1434 douo
591 1411 663 1434 non
689 1403 721 1434 si
746 1401 762 1433 ὲ
787 1401 959 1444 spoyliato
985 1405 1110 1443 troppo
1138 1401 1252 1441 (come
1278 1401 1403 1434 dieono
1430 1401 1457 1434 li
1482 1401 1589 1440 altri)
1616 1400 1716 1433 dalla
1736 1399 1828 1442 pelle
1860 1409 1926 1432 sua

158 1455 317 1496 vecclzla;
342 1455 388 1488 Jl
414 1455 453 1488 P.
473 1455 704 1488 Prouinciale
731 1455 763 1487 lo
790 1454 959 1487 rimando
984 1454 1082 1496 forse
1108 1464 1179 1487 non
1204 1454 1370 1487 hauendo
1396 1454 1491 1487 altro
1517 1454 1610 1487 nella
1636 1464 1703 1486 sua
1730 1453 1925 1486 Prouincia

160 1508 217 1540 ehi
241 1509 364 1551 leyesse
390 1509 453 1551 qui
478 1508 572 1541 nella
600 1508 708 1540 classe
733 1512 877 1550 quarta.
905 1508 961 1540 La
989 1511 1135 1540 tornata
1160 1518 1227 1540 seta
1253 1518 1326 1540 non
1350 1508 1393 1551 fn
1408 1511 1517 1551 yrata
1544 1508 1657 1547 (come
1674 1507 1716 1549 jo
1734 1507 1857 1546 intest)
1884 1516 1927 1538 ne

160 1561 226 1594 alli
251 1562 366 1594 nostri
392 1572 433 1593 ne
459 1561 525 1593 alli
548 1561 747 1603 forastieri‚
774 1560 834 1593 che
860 1561 893 1593 lo
919 1570 1169 1604 conosceztano,
1189 1571 1259 1603 per
1285 1561 1344 1593 che
1369 1561 1510 1593 hauena
1536 1560 1563 1592 n
1588 1570 1688 1592 nome
1713 1560 1752 1592 oli
1775 1563 1928 1592 trattare

159 1618 284 1657 troppo
309 1615 589 1658 riyorosanzente
624 1615 651 1647 li
685 1615 765 1647 suoi
789 1614 924 1655 scolarj
949 1614 1044 1646 nella
1071 1614 1192 1647 vltima
1219 1613 1337 1657 classe,
1374 1624 1465 1647 corne
1490 1613 1650 1646 anchora
1684 1616 1794 1646 tratta
1820 1612 1928 1655 quelle?

160 1668 253 1701 della
279 1672 422 1711 qztarta.
473 1668 521 1701 Jo
546 1668 668 1700 scrissi
692 1667 751 1710 ρῖὰ
779 1668 947 1710 alquante
972 1668 1059 1700 volte
1084 1668 1120 1700 al
1146 1667 1184 1700 P.
1212 1667 1443 1700 Proninciale
1468 1666 1527 1699 che
1551 1677 1623 1699 non
1649 1676 1710 1699 era
1737 1666 1927 1708 espediente

164 1721 223 1754 che
248 1722 301 1754 lai
326 1722 528 1765 inse-anasse
563 1732 584 1753 a
607 1722 702 1764 palti
731 1746 739 1753 .
765 1721 792 1753 ll
819 1721 920 1764 Quali
945 1720 1066 1753 hanno
1101 1721 1140 1752 di
1166 1731 1258 1753 esser
1284 1722 1449 1762 castiyatz·
1483 1730 1547 1753 con
1572 1721 1668 1762 virye
1702 1724 1732 1752 et
1755 1729 1864 1762 sopra
1898 1719 1926 1751 il

160 1775 267 1817 nudo,
295 1801 301 1807 .
331 1802 337 1807 .
367 1801 373 1807 .
413 1775 547 1808 Anisae?
572 1774 734 1807 anchora
760 1775 890 1806 atlanti
923 1773 1015 1806 (Zella
1050 1774 1284 1806 renonatione
1319 1773 1402 1806 delli
1425 1774 1538 1815 studij
1570 1773 1626 1805 del
1651 1777 1772 1806 nostro
1795 1783 1926 1815 parere

159 1831 291 1871 qllanto
318 1829 391 1861 alla
418 1828 527 1861 classe
559 1828 655 1860 nella
691 1828 794 1870 quale
819 1828 930 1860 donea
957 1827 1101 1870 leyqere,
1137 1827 1284 1860 dicendo
1320 1827 1379 1860 che
1408 1828 1475 1869 pin
1509 1830 1596 1859 tosto
1631 1827 1830 1859 conuenz'na
1867 1825 1925 1858 che

157 1882 250 1922 fosse
274 1885 363 1914 stato
391 1882 443 1913 lni
468 1881 639 1914 destinato
665 1881 704 1912 di
730 1881 767 1914 S.
785 1880 989 1914 Rinerenza
1015 1880 1089 1912 alla
1119 1880 1236 1913 Classe
1260 1884 1359 1913 terea
1385 1880 1526 1923 laquale
1551 1881 1582 1912 si
1607 1880 1704 1912 daua
1730 1891 1750 1912 a
1777 1879 1924 1912 Jacomo

154 1938 326 1978 pontano,
358 1936 561 1978 yiouanetto
599 1935 638 1967 di
664 1936 733 1968 .18.
759 1935 849 1967 anni
884 1944 903 1966 o
929 1935 1067 1967 incirca
1094 1938 1124 1966 et
1149 1934 1188 1966 oli
1209 1943 1298 1976 poco
1323 1938 1446 1976 tempo,
1483 1933 1577 1965 nella
1607 1932 1835 1976 Compaynz'a.
1886 1932 1927 1965 Jl

160 1989 293 2020 motiuo
319 1987 375 2020 del
400 1987 439 2020 P.
466 1988 697 2020 Prouinciale
723 1997 745 2020 a
769 1987 852 2029 fare
877 1991 995 2030 questo
1019 1986 1061 2028 fa
1083 1997 1152 2029 per
1175 1986 1370 2019 humiliare
1395 1987 1422 2018 il
1448 1986 1539 2019 detto
1568 1986 1743 2029 Get-ardo.
1769 1986 1798 2018 il
1823 1984 1926 2028 quale

161 2041 315 2083 sapendo
341 2041 631 2074 mediocramente
656 2041 683 2073 il
707 2051 821 2083 yreco,
856 2041 939 2082 fare
964 2041 1066 2083 versi,
1100 2041 1301 2082 facilmente
1326 2040 1493 2072 ten-baria
1520 2040 1554 2071 la
1580 2039 1676 2072 scola
1708 2043 1738 2071 et
1763 2039 1925 2071 massime

159 2094 186 2127 ll
212 2094 299 2127 altri
325 2095 469 2136 inaesttjj
488 2104 555 2137 per
579 2093 616 2127 la
640 2104 708 2126 sna
727 2094 1007 2136 presumptione,
1035 2104 1127 2126 come
1152 2095 1185 2126 ci
1208 2094 1252 2135 fn
1279 2091 1464 2136 rispostof‘

278 2162 478 2208 Oeniponte
507 2163 560 2198 10.
589 2163 774 2197 Februarii
802 2163 892 2197 1566
920 2163 958 2197 Ρ.
987 2165 1138 2197 Ioannes
1164 2164 1331 2207 Dyr-sins,
1371 2163 1432 2206 qui
1459 2162 1609 2205 collegio
1634 2163 1720 2196 tunc
1746 2164 1922 2206 praeerat,

160 2217 313 2260 Borgiae
348 2218 554 2262 praeposito
589 2217 750 2260 generali
777 2216 966 2250 ssrettulit:
1003 2216 1172 2258 Quintam
1208 2216 1360 2250 classem
1397 2216 1492 2258 regit
1530 2216 1734 2258 „Gerardus
1760 2215 1924 2255 Flander,

161 2270 351 2314 diligenter
377 2271 521 2314 quidem
547 2270 584 2304 in
609 2269 743 2304 scholis
770 2270 884 2311 docet,
919 2270 982 2304 sed
1007 2270 1148 2313 indiget
1173 2269 1355 2304 continuis
1380 2269 1592 2303 calcaribus.
1643 2268 1698 2302 Ad
1725 2268 1843 2302 omnia
1867 2273 1925 2302 est

159 2327 288 2358 natura
313 2324 530 2368 pigerrimus
557 2325 594 2357 et
619 2323 798 2357 difficilis“
832 2323 892 2365 (ex
919 2325 1079 2366 autogr.;
1109 2322 1195 2357 GSO
1223 2323 1266 2357 66
1293 2323 1318 2357 f.
1345 2323 1563 2365 394—395).
1615 2321 1655 2356 P.
1682 2322 1924 2366 Hieronymus

158 2376 301 2411 Natalis
326 2389 372 2411 m.
400 2376 548 2411 Octobri
577 2377 678 2417 1566,
714 2388 796 2410 cum
822 2376 1013 2419 collegium
1040 2376 1318 2421 oenipontanum
1344 2376 1540 2417 visitasset,
1576 2375 1776 2410 Gerardum
1801 2386 1922 2409 secum

160 2430 311 2464 adduxit
336 2430 567 2464 Monachium
602 2430 722 2474 ibique
755 2441 834 2463 cum
861 2429 1013 2463 noviciis
1038 2429 1163 2463 vivere
1195 2429 1302 2463 iussit
1329 2428 1433 2473 (Epp.
1462 2429 1584 2462 Nadal
1609 2428 1660 2462 ΠΙ
1686 2427 1784 2472 291).
1835 2427 1924 2462 Cum

160 2484 289 2527 quibus
316 2483 422 2518 etiam
450 2484 654 2518 nominatur
683 2483 895 2526 („remissus
921 2482 1121 2527 Oeniponto
1148 2483 1191 2516 ad
1218 2482 1504 2527 probationem“)
1532 2482 1567 2515 in
1586 2481 1786 2525 *Catalogo
1804 2492 1922 2515 mona-

159 2536 258 2570 censi
292 2537 408 2571 medio
444 2537 502 2571 vel
535 2538 690 2571 exeunte
717 2535 864 2570 Octobri
893 2536 978 2570 1567
1015 2548 1035 2570 a
1062 2536 1101 2570 P.
1130 2537 1316 2570 Dominico
1343 2537 1510 2578 Menyc'no
1536 2538 1673 2568 rectore
1700 2534 1833 2579 scripto
1861 2534 1923 2577 (cf.

160 2601 268 2634 supra
304 2602 336 2634 p.
365 2590 430 2634 2¹¹).
482 2590 535 2624 De
562 2590 713 2634 collegio
740 2589 924 2633 dilingano
952 2589 989 2622 Ρ.
1024 2590 1176 2623 Thomas
1205 2590 1332 2623 Gallus
1357 2589 1503 2632 Dilinga
1531 2590 1562 2622 1.
1588 2587 1803 2622 Novembris
1832 2588 1920 2622 1567

268 2666 295 2696 a)
317 2668 342 2690 A
366 2667 448 2691 Tou-r.
467 2674 542 2691 corr.
562 2673 598 2690 ev
619 2665 713 2691 detto.

281 2782 289 2801 ¹
317 2781 356 2815 P.
383 2781 591 2816 Theodorus
617 2783 790 2817 Peltanus
817 2782 850 2817 S.
879 2784 911 2818 J.
939 2782 1141 2825 theologiae
1168 2783 1202 2816 in
1230 2781 1466 2816 universitate
1492 2781 1682 2826 professor.

280 2835 293 2854 ²
320 2834 374 2868 Cf.
400 2846 509 2879 supra
534 2847 568 2879 p.
594 2836 734 2870 41-42
761 2837 817 2870 45.

280 2888 293 2907 3
318 2888 471 2922 Ioannes
506 2888 670 2923 Lonaeus
705 2889 854 2923 Boscius
898 2889 1097 2923 medicinae
1136 2891 1171 2923 et
1208 2888 1483 2922 mathematices
1520 2887 1720 2932 professor3
1771 2886 1814 2920 de
1853 2897 1922 2930 quo

164 2942 252 2974 Can.
279 2940 328 2973 IV
355 2941 554 2975 932—933.

280 2996 293 3014 4
319 2994 460 3027 Annum
492 2994 580 3028 1566
612 2994 814 3037 significat;
851 2995 917 3029 hoc
953 2995 1046 3029 enim
1073 2994 1215 3028 Natalis
1252 2994 1442 3037 collegium
1470 2993 1653 3033 visitavit:
1690 2995 1766 3027 toto
1801 2994 1922 3026 autem

161 3059 191 3081 a.
222 3047 310 3080 1567
339 3049 444 3079 extra
472 3046 703 3081 Germaniam
728 3049 950 3092 superiorem
986 3048 1022 3081 in
1057 3047 1254 3092 provinciis
1280 3046 1395 3081 Rheni
1431 3049 1467 3080 et
1494 3046 1708 3080 Germaniae
1742 3044 1922 3079 inferioris

161 3102 328 3134 versatus
354 3101 420 3133 est.
