2044 3335
105 106 190 147 490
313 105 415 139 1759.
443 103 528 138 Can.
556 104 594 138 P.
615 104 833 147 Hieronymo
859 102 992 138 Natali.
1037 103 1237 148 Oeniponte
1264 103 1296 138 8.
1315 102 1530 138 Novembris
1560 103 1661 138 1571.

104 227 324 269 absoluam
359 226 525 278 reliqua
558 224 749 266 eiusdem
782 225 938 279 operis,
972 225 1014 267 in
1049 240 1132 278 quo
1165 225 1345 267 subinde
1379 226 1614 268 dormitare
1642 226 1790 268 uideor
1813 226 1866 268 ob

102 290 411 345 impedimenta
444 289 691 332 contionum
725 292 770 332 et
802 290 986 332 aliarum
1019 291 1363 345 occupationum.
1418 291 1628 333 Catholici
1660 291 1865 333 maiorem

102 356 145 397 in
176 356 348 397 modum
372 357 635 403 recreantur,
670 368 766 396 cum
789 355 969 398 audiunt
1002 355 1171 397 felicem
1195 369 1442 398 successum
1474 356 1576 398 belli
1608 356 1789 406 naualis,
1822 356 1867 398 in

104 435 186 474 quo
219 419 473 461 mirabiliter
504 419 664 461 nostris
687 419 876 462 adfuerit
898 420 1028 470 Deus,
1063 420 1130 462 cui
1163 435 1354 462 summas
1386 421 1591 462 debemus
1624 420 1791 474 gratias
1814 422 1866 463 ob

103 486 261 527 loetam
296 487 339 526 et
371 484 637 538 insperatam
670 485 781 527 hanc
812 485 1040 527 uictoriam
1056 489 1082 527 1.
1147 485 1340 539 Transijt
1371 486 1453 528 hac
1484 499 1621 540 nuper
1651 485 1867 528 Antonius

102 551 342 603 Fuggerus,
385 549 506 591 breui
547 549 763 603 petiturus
797 550 1049 599 Louanium,
1092 553 1140 593 ut
1182 551 1351 593 audio2.
1416 551 1462 593 P.
1497 551 1705 592 Toledum
1740 551 1867 593 audio

101 616 179 657 sub
212 615 333 669 prelo
366 614 526 657 habere
559 629 685 657 casus
719 615 1010 658 conscientiae
1026 617 1054 660 3.
1090 615 1340 658 benedictus
1372 617 1502 667 Deus,
1537 616 1609 669 qui
1641 630 1718 670 per
1740 616 1788 659 Τ.
1813 616 1863 659 R.

102 683 346 723 nostrorum
380 679 544 734 scripta
575 680 618 722 in
650 681 789 722 lucem
823 681 1031 731 extrudit,
1067 685 1111 723 et
1143 681 1366 735 paulatim,
1401 684 1449 723 ut
1481 695 1622 734 spero,
1656 681 1710 723 ad
1733 681 1868 735 scrip-

102 748 220 788 tores
253 745 579 788 constituendos
613 746 752 787 uiam³
783 748 912 800 parat
927 748 956 789 4.
1021 746 1139 788 Scire
1172 746 1310 800 cupio,
1356 760 1411 788 an
1443 747 1591 788 ualeat
1630 746 1866 800 publicatio

103 811 288 853 Jubilaei
322 811 391 852 uel
431 810 728 864 indulgentiae
761 811 998 865 plenariae,
1043 826 1138 853 cum
1173 811 1390 865 Ordinarij
1432 812 1558 854 tarde
1590 812 1869 865 promulgant

103 876 354 918 mandatum
390 876 513 919 Pont.
539 876 655 918 MaX.
681 878 725 918 et
758 876 991 930 aliquando
1024 876 1246 918 dimidium
1279 891 1438 918 annum
1472 879 1720 931 expectant,
1755 877 1868 930 quod

103 955 198 983 cum
239 942 333 996 ipsa
375 944 520 983 mente
559 941 684 984 Pont.
720 942 891 983 omnino
933 956 1128 996 pugnare
1171 941 1343 984 uidetur
1358 943 1387 984 5.
1450 941 1617 984 Deinde
1659 942 1770 995 quod
1813 942 1868 984 ad

102 1007 299 1048 hortulos
331 1006 504 1057 attinet,
548 1021 661 1048 noua
702 1007 774 1048 lex
816 1007 941 1050 Pont.
977 1021 1054 1049 nos
1096 1007 1246 1049 dubios
1288 1007 1444 1058 reddit,
1488 1021 1543 1049 an
1585 1007 1637 1048 de
1679 1007 1867 1049 omnium

102 1072 300 1114 manibus
342 1071 588 1114 excutiendi
634 1072 720 1113 sint
761 1075 935 1115 ueteres
976 1072 1018 1114 in
1060 1073 1140 1114 hoc
1181 1086 1341 1125 genere
1385 1072 1520 1114 libelli
1562 1072 1709 1123 latini,
1755 1072 1868 1115 sicut

102 1137 323 1178 Romanus
356 1136 553 1179 hortulus
586 1137 808 1191 postulare
830 1137 1003 1180 uidetur
1019 1139 1047 1180 6.
1097 1138 1210 1179 Nam
1244 1138 1356 1191 quod
1388 1137 1443 1179 ad
1467 1137 1746 1179 Germanicos
1767 1137 1868 1179 hor-

102 1203 216 1244 tulos
259 1201 432 1253 attinet,
477 1202 628 1244 scribit
669 1202 720 1245 D.
755 1203 1009 1254 Cardinalis‚
1051 1203 1307 1257 permittere
1339 1203 1591 1245 Pontificem
1627 1202 1867 1252 Germanis,

102 1271 150 1310 ut
182 1267 223 1308 in
247 1267 396 1321 lingua
419 1268 655 1310 uernacula
677 1282 778 1309 suos
801 1267 1046 1310 Catholicos
1070 1267 1238 1310 libellos
1261 1268 1450 1311 retinere
1473 1268 1652 1322 possint,
1688 1281 1868 1321 quorum

102 1333 292 1386 alioquin
334 1347 437 1374 usus
469 1333 600 1375 Jtalis
643 1332 815 1376 uidetur
856 1333 1098 1387 ademptus.
1161 1333 1336 1376 Jndicet
1377 1333 1499 1375 nobis
1541 1346 1700 1385 quaeso
1734 1333 1784 1375 R.
1819 1333 1866 1375 T.

103 1397 201 1452 quid
234 1398 358 1440 nobis
381 1401 426 1440 et
457 1398 667 1440 fratribus
701 1398 780 1440 hac
813 1398 856 1440 in
879 1412 924 1440 re
947 1399 1194 1440 faciundum
1219 1398 1288 1440 sit.
1337 1398 1465 1440 Nunc
1488 1412 1568 1451 ego
1592 1398 1696 1439 nihil
1729 1397 1867 1440 habeo

103 1463 215 1517 quod
248 1463 433 1506 scribam
468 1463 597 1513 aliud,
631 1463 712 1505 nisi
746 1464 858 1516 quod
892 1463 1142 1518 percupiam
1174 1477 1242 1505 me
1274 1463 1324 1505 R.
1354 1463 1402 1506 T.
1437 1463 1659 1517 sacrificijs
1693 1466 1737 1506 et
1768 1477 1867 1517 pre-

101 1528 219 1570 cibus
243 1528 426 1570 Domino
450 1528 754 1578 commendari,
789 1532 833 1570 et
860 1542 915 1570 ex
942 1543 1009 1570 me
1042 1530 1272 1583 praeterea
1296 1528 1345 1571 R..
1373 1528 1417 1570 P.
1445 1528 1638 1570 officiose
1670 1528 1866 1570 salutari.

219 1619 246 1641 al
269 1616 296 1639 C.
317 1616 368 1639 hoc
390 1623 411 1639 r.
429 1615 529 1646 posuit
545 1623 602 1646 pro
623 1614 748 1645 accedit,
768 1616 841 1646 quor]
861 1615 1037 1647 scripserat.

102 1762 273 1796 pontifice
308 1774 354 1796 ua
389 1763 498 1797 molto
533 1763 689 1797 ritenuto
724 1762 783 1797 nel
819 1762 1021 1797 Concedere
1056 1762 1310 1806 Jndulgentie“
1345 1762 1405 1806 (ex
1442 1774 1564 1807 apogr.
1601 1763 1712 1796 eiusd.
1738 1765 1867 1808 temp:

105 1816 254 1860 „Epistt
275 1816 329 1857 71,
359 1817 611 1850 1565—1567“
635 1816 660 1850 f.
679 1814 801 1860 322¹¹);
829 1816 960 1850 similia
979 1828 1010 1850 a.
1032 1817 1120 1850 1569
1148 1816 1192 1850 ad
1210 1816 1369 1850 Venetos
1387 1817 1522 1850 Paulus
1545 1816 1685 1859 Tiepolo
1710 1816 1868 1861 ipsorum

100 1871 219 1903 orator
258 1881 426 1904 romanus
460 1870 602 1904 rettulit
630 1869 735 1914 (Euy.
764 1869 898 1911 Albezri,
936 1869 973 1902 L‘
989 1869 1094 1903 Italia
1128 1869 1186 1903 nel
1220 1868 1337 1903 secolo
1374 1869 1608 1903 decimosesto
1635 1868 1695 1911 IV,
1723 1869 1869 1904 Firenze

103 1922 203 1964 1858,
234 1923 329 1965 173).

222 1978 230 1996 ¹
257 1975 454 2009 Victoriam
481 1976 523 2010 de
550 1976 676 2010 Turcis
703 1978 941 2020 reportatam;
970 1988 1005 2010 v.
1035 1987 1146 2020 supra
1172 1987 1204 2020 p.
1223 1975 1304 2010 487.

218 2030 231 2049 ²
256 2029 434 2063 Antonius
461 2029 538 2072 (II.)
569 2029 714 2072 Georgii
743 2030 818 2073 (II.)
848 2029 1005 2073 Fuggeri
1030 2029 1128 2063 filius
1157 2028 1290 2063 Romae
1317 2028 1352 2062 in
1380 2028 1529 2072 collegio
1556 2029 1760 2072 germanico
1787 2040 1867 2063 con-

101 2082 215 2116 victor
240 2083 378 2123 fuerat3
405 2095 439 2116 v.
466 2094 575 2127 supra
602 2094 633 2127 p.
661 2083 728 2117 281
757 2083 837 2117 359.

220 2136 232 2155 ³
260 2135 335 2169 Hoc
370 2135 551 2170 Francisci
588 2135 704 2169 Toleti
733 2137 770 2177 (†
798 2136 904 2178 1596)
942 2147 1030 2180 opus
1066 2135 1218 2180 primum
1256 2135 1391 2169 editum
1426 2137 1481 2169 est
1517 2134 1681 2179 Lugduni
1717 2147 1748 2170 a.
1778 2136 1867 2170 1599

102 2188 318 2231 („Summae‚
345 2188 396 2223 De
422 2188 657 2223 instructione
684 2189 915 2223 Sacerdotum
942 2189 1025 2223 libri
1051 2191 1209 2233 septem:
1236 2188 1288 2222 De
1314 2188 1474 2233 peccatis
1500 2188 1591 2222 liber
1616 2190 1728 2222 vnus“
1759 2189 1866 2232 etc.):

99 2242 225 2276 deinde
252 2242 462 2287 saepissime
498 2243 612 2276 denuo
648 2243 793 2282 editum,
828 2241 940 2276 variis
976 2253 1116 2286 quoque
1152 2242 1352 2276 rationibus
1387 2241 1643 2287 amplificatum
1672 2243 1728 2275 est
1756 2242 1805 2285 (v.
1833 2253 1867 2284 g.

103 2295 268 2336 „Summa
303 2307 451 2329 casuum
478 2295 739 2329 conscientiae“
770 2297 849 2336 etc„
886 2294 1052 2329 Coloniae
1082 2295 1201 2338 1599).
1253 2294 1343 2329 Vide
1372 2296 1636 2339 Sommereoyel,
1666 2293 1755 2329 Bibl.
1781 2294 1867 2328 VIII

100 2349 254 2385 70—77:
282 2348 333 2382 IX
358 2349 446 2389 876;
474 2349 519 2383 cf.
547 2348 656 2383 etiam
683 2350 823 2382 Hurter
848 2348 870 2382 l.
899 2359 929 2382 c.
957 2349 1024 2382 ΙΙΙ3
1050 2348 1249 2383 254-255,

218 2405 229 2422 ⁴
258 2402 311 2436 Cf.
338 2414 447 2446 supra
473 2414 506 2447 p.
533 2402 601 2436 417
628 2402 696 2435 425
723 2402 804 2436 460.

219 2456 232 2475 ⁵
257 2455 457 2500 Oeniponte
482 2455 518 2488 in
545 2455 692 2489 archivo
719 2454 966 2499 praefecturae
994 2466 1184 2489 caesareae
1210 2454 1464 2498 („Pestarchiv
1482 2453 1612 2488 XVIII.
1633 2453 1716 2497 29²)
1746 2455 1868 2488 exstat

99 2508 302 2553 exemplum
340 2510 439 2554 typis
478 2508 696 2553 descriptum
736 2508 862 2542 Bullae
898 2507 1031 2542 Romae
1070 2509 1165 2553 apud
1203 2508 1237 2542 S.
1273 2508 1420 2542 Petrum
1458 2508 1490 2542 8.
1518 2506 1738 2552 Septembris
1775 2507 1863 2541 1571

99 2572 119 2594 a
137 2561 171 2596 S.
191 2562 254 2595 Pio
273 2562 315 2599 V.
336 2563 440 2596 datae
461 2562 569 2607 (quae
594 2563 629 2596 in
648 2561 807 2596 Bullario
826 2561 1038 2596 Taurinensi
1058 2562 1184 2604 deest),
1213 2572 1283 2605 qua
1309 2560 1532 2604 indulgentia
1557 2559 1702 2594 jubilaei
1721 2560 1868 2594 offertur

98 2613 262 2649 fidelibus
289 2616 463 2657 omnibus,
501 2615 562 2659 qui
588 2619 643 2649 ter
669 2615 837 2656 ieiunent,
874 2615 1003 2659 stipem
1035 2615 1254 2659 pauperibus
1288 2614 1499 2656 largiantur,
1535 2615 1760 2647 sacramenta
1787 2624 1866 2647 con-

98 2667 264 2702 fessionis
291 2670 326 2702 et
352 2668 610 2702 communionis
635 2668 845 2713 suscipiant,
873 2667 997 2709 Deum,
1033 2670 1073 2702 ut
1108 2667 1201 2702 bello
1228 2667 1403 2701 adversus
1430 2667 1565 2700 'Furcas
1600 2667 1759 2700 faustum
1786 2677 1865 2700 con-

99 2720 202 2754 cedat
240 2721 396 2762 exitum,
436 2721 628 2765 diligenter
667 2723 789 2762 orent:
829 2721 964 2755 Romae
1003 2733 1066 2765 per
1104 2721 1183 2755 vias
1218 2720 1317 2754 urbis
1354 2721 1420 2761 13„
1457 2721 1521 2761 15„
1564 2720 1617 2753 16.
1644 2719 1866 2763 Septembris

98 2772 290 2807 sollemnes
315 2774 597 2819 supplicationes
623 2774 786 2808 habitum
812 2775 866 2814 iri,
893 2774 1023 2818 quibus
1041 2774 1204 2819 pontifex
1230 2773 1470 2807 interfuturus
1495 2773 1561 2812 sit;
1589 2771 1726 2806 similes
1744 2774 1865 2806 autem

98 2825 379 2869 supplicationes
405 2827 448 2861 ab
475 2827 638 2861 omnibus
665 2827 842 2872 episcopis
860 2827 1043 2861 habendas
1070 2839 1159 2861 esse.
1195 2826 1321 2860 Bullae
1340 2829 1477 2871 partem
1505 2825 1624 2870 posuit
1642 2825 1866 2859 Ludere-hius

101 2877 125 2911 l.
152 2889 181 2911 c.
208 2878 243 2910 in
270 2890 300 2911 a.
331 2880 430 2920 1571,
457 2891 490 2914 n.
519 2879 574 2914 88.

217 2932 228 2949 ⁶
255 2929 345 2964 Vide
371 2943 480 2976 supra
505 2944 538 2976 p.
557 2933 637 2967 485.
681 2933 804 2967 Novae
831 2932 949 2967 Officii
985 2933 1119 2966 Beatae
1155 2932 1291 2966 Mariae
1318 2931 1479 2975 Virginis
1516 2930 1662 2965 editioni
1696 2941 1864 2964 romanae

98 2982 301 3027 praeposita
329 2995 406 3017 esse
434 2984 576 3018 videtur
602 2987 665 3019 aut
699 2986 778 3030 ipsa
805 2985 866 3019 illa
893 2986 1111 3026 constitutio,
1139 2987 1202 3019 aut
1227 2984 1304 3018 eius
1329 2995 1470 3018 summa
1496 2984 1690 3027 quaedam;
1719 2982 1864 3027 perinde

97 3037 206 3078 atque
238 3036 384 3078 „Officio
411 3036 544 3070 Beatae
580 3038 716 3072 Mariae
743 3038 923 3082 Virginis“
955 3038 1175 3082 Antverpiae
1204 3037 1293 3071 1622
1331 3048 1463 3071 excuso
1499 3037 1657 3070 eiusdem
1693 3035 1865 3070 constitu·

96 3087 204 3122 tionis
235 3088 513 3130 „Summarium“
544 3091 634 3124 satis
661 3091 842 3135 copiosum
869 3091 1113 3135 praepositum
1141 3092 1196 3124 est
1224 3090 1264 3134 (f.
1291 3089 1487 3133 *52—*6b).
