2044 3335
155 96 236 137 156
653 91 755 125 1551.
784 89 950 124 Canisius
976 90 1010 125 S.
1029 89 1220 124 Francisco
1247 90 1411 133 Borgiae.

152 210 440 264 Conqueritur
480 208 657 251 nimium
699 208 742 250 in
788 208 877 250 suis
920 207 1060 251 literis
1105 208 1159 250 ad
1205 207 1458 262 Superiores
1504 207 1639 250 datis:
1688 208 1919 250 multorum

152 276 312 318 morbis
344 274 473 317 facile
506 273 767 323 mederetur,
801 273 837 314 si
869 273 1065 315 suauiter
1091 273 1358 323 admoneret,
1393 275 1436 315 et
1458 272 1685 314 humanius
1706 274 1922 316 tractaret

152 344 337 389 nostros,
381 353 432 381 ac
463 338 604 379 minus
636 337 768 391 studij
802 340 984 392 poneret
1015 337 1058 378 in
1090 337 1231 389 horto,
1275 337 1346 391 qui
1379 338 1540 380 multas
1572 337 1640 379 hic
1672 336 1793 379 fouet
1824 340 1920 379 ten-

151 406 354 455 tationes,
394 406 438 446 et
470 403 513 445 in
547 403 784 444 scribendis
817 402 956 445 literis
989 403 1044 444 ad
1078 402 1250 444 diuersa
1281 403 1390 445 loca.
1454 402 1586 456 Cupio
1618 402 1731 444 hunc
1764 402 1920 444 bonum

152 470 329 511 Patrem
374 471 451 509 aut
491 481 671 522 prorsus
712 468 941 510 emeritum
983 467 1166 509 militem
1206 467 1275 509 hic
1316 467 1482 517 adesse,
1523 469 1600 509 aut
1632 481 1727 508 cum
1759 466 1922 509 maiore

153 534 367 576 charitate
410 535 454 574 et
496 532 708 586 patientia
748 532 911 574 fratres
943 533 1201 585 gubernare.
1266 531 1468 585 Alioquin
1500 546 1654 586 parum
1687 531 1922 574 efficiemus

152 599 195 640 in
225 600 306 640 hoc
339 597 522 650 collegio
553 597 891 650 tranquillando,
933 597 977 638 in
1010 611 1093 650 quo
1126 599 1228 639 sunt
1259 597 1480 651 praecipui
1513 600 1697 640 naturae
1730 596 1921 639 concita-

151 664 275 706 tioris
307 666 352 705 et
384 662 735 705 uehementioris.
798 660 1050 716 D[ominus]
1088 660 1365 716 [nob]iscum.

1341 733 1469 775 Jdem
1511 733 1558 775 P.
1593 732 1802 776 CanisiuS.

271 816 299 867 †
332 814 420 857 Soli
453 814 685 857 admodum
717 813 974 856 Reuerendo
1008 814 1054 857 P.
1088 813 1144 857 N.
1180 814 1382 856 Generali
1398 815 1423 857 1.

272 913 449 947 Adiunxit
475 911 641 946 Canisius
675 911 759 946 huic
795 911 983 957 epistulae,
1021 914 1061 946 ut
1096 924 1141 946 ex
1175 912 1348 946 schedula
1382 912 1451 957 ipsi
1485 912 1654 946 adiuncta
1689 911 1923 955 intellegitur,

154 967 326 1001 *litteras
361 978 381 1000 a
406 966 446 1000 P.
479 967 630 1010 Georyio
660 966 786 1008 Crispo
821 965 963 1009 collegii
999 965 1229 1010 oenipontani
1256 965 1419 1000 ministro
1447 965 1552 1010 paulo
1589 968 1670 999 ante
1697 965 1830 1000 Canisii
1866 965 1924 999 ad-

153 1021 302 1054 ventum
332 1019 382 1062 (id
419 1031 464 1053 ex
498 1018 624 1052 Lanoii
658 1018 790 1052 litteris
826 1018 982 1061 constat)
1021 1019 1066 1052 ad
1102 1019 1141 1052 P.
1169 1018 1356 1053 Nicolaum
1392 1019 1563 1053 Lanoium
1599 1020 1773 1052 rectorem
1810 1018 1923 1053 datas.

153 1073 310 1107 Lanoius
336 1073 414 1117 ipse
441 1072 608 1117 Crispum
634 1073 833 1112 monuerat,
860 1074 901 1105 ut
925 1071 1109 1113 scriberet,
1138 1074 1174 1106 et
1199 1072 1372 1117 scriptum
1400 1072 1554 1113 Canisio,
1581 1083 1661 1106 cum
1688 1072 1719 1106 is
1744 1071 1811 1106 hoc
1836 1073 1924 1105 tem-

153 1138 238 1171 pore
264 1125 465 1170 Oeniponte
490 1127 708 1166 versaretur,
735 1124 936 1159 tradiderat
963 1124 1011 1169 [v.
1031 1125 1134 1165 infra,
1161 1137 1254 1159 mon.
1273 1137 1351 1159 oen.
1372 1124 1455 1168 (8)].
1495 1125 1686 1159 Caeterum
1713 1125 1820 1159 etiam
1848 1125 1925 1170 ipse

155 1179 305 1224 Crispus
339 1179 376 1212 iu
410 1178 614 1212 litterarum
642 1178 788 1212 exordio
824 1178 1017 1222 significat,
1055 1180 1179 1223 optare
1205 1190 1255 1219 se,
1290 1181 1331 1212 ut
1364 1178 1465 1223 ipsae
1501 1181 1537 1212 et
1562 1189 1643 1212 cum
1670 1177 1813 1212 Canisio
1849 1189 1924 1223 pro-

154 1232 301 1267 vinciali
337 1234 374 1266 et
405 1243 485 1266 cum
514 1231 646 1275 Borgia
682 1231 886 1276 praeposito
913 1231 1074 1275 generali
1101 1232 1249 1276 eiusque
1280 1231 1576 1273 „assistentibus“
1607 1231 1924 1265 communicentur.

154 1286 312 1320 Litteras
337 1285 533 1319 maximam
560 1287 702 1329 partem
737 1284 796 1318 hic
826 1296 938 1329 pono;
974 1296 1056 1318 nam
1091 1287 1168 1319 tum
1196 1284 1330 1320 Canisii
1366 1284 1543 1330 epistulae
1578 1296 1642 1329 per
1677 1296 1737 1318 eas
1772 1284 1924 1318 multum

156 1339 397 1379 illustrantur,
424 1341 501 1372 tum
528 1338 570 1371 de
597 1338 674 1382 ipso
694 1337 837 1372 Canisio
863 1349 957 1372 nova
983 1338 1159 1382 quaedam
1186 1338 1222 1372 in
1249 1338 1293 1372 iis
1318 1340 1523 1372 narrantur.
1566 1338 1622 1372 Ita
1648 1338 1759 1381 igitur
1777 1337 1926 1382 Crispus

155 1392 299 1427 scribit:
344 1391 572 1434 „Reuerende
598 1391 635 1425 in
662 1390 806 1425 Christo
833 1394 947 1436 pater,
975 1391 1056 1433 Cur,
1084 1391 1169 1426 licet
1194 1394 1341 1426 mutuus
1366 1392 1461 1425 inter
1486 1403 1551 1425 nos
1577 1403 1718 1436 semper
1743 1390 1792 1425 sit
1817 1402 1925 1432 amor,

154 1457 222 1480 nec
256 1457 298 1479 ea
333 1446 377 1479 de
402 1457 441 1479 re
467 1444 631 1478 dubitare
657 1443 729 1478 ullo
765 1447 870 1489 pacto
905 1445 1050 1489 possim,
1085 1457 1155 1479 non
1180 1446 1301 1479 tamen
1337 1456 1402 1489 par
1436 1445 1485 1478 sit
1517 1444 1722 1489 plaerisque
1756 1445 1793 1478 in
1818 1444 1925 1478 rebus

155 1500 249 1533 inter
274 1510 339 1533 nos
366 1509 573 1539 consensus,
608 1500 756 1542 propter
790 1498 999 1541 frequentes
1034 1498 1075 1532 fit
1101 1509 1241 1532 causas.
1293 1497 1391 1539 Quas
1420 1497 1476 1541 (ut
1500 1498 1598 1532 Deus
1625 1498 1740 1541 nouit)
1769 1509 1839 1531 non
1866 1509 1924 1531 ex-

156 1551 362 1597 postulandi
389 1551 507 1595 gratia
544 1554 607 1585 aut
633 1550 875 1585 calumniandi
910 1551 1053 1596 profero
1082 1552 1290 1596 scriptoque
1315 1551 1430 1593 trado,
1465 1551 1528 1585 sed
1563 1553 1604 1585 ut
1637 1551 1695 1585 uel
1729 1550 1927 1585 remedium

155 1618 176 1640 a
202 1606 366 1651 patribus
386 1604 557 1638 Romanis
584 1605 648 1638 aut
664 1604 885 1638 Prouinciali
913 1604 1060 1648 (quibus
1086 1616 1148 1639 eas
1174 1604 1336 1638 exhiberi
1363 1616 1408 1638 ex
1426 1604 1543 1639 animo
1562 1604 1681 1649 cupio)
1711 1603 1925 1645 inueniatur,

154 1659 213 1693 uel
239 1658 322 1693 hinc
348 1670 415 1701 ego
444 1657 507 1702 [in]
534 1657 643 1692 alium
662 1657 790 1699 locum,
817 1658 878 1692 ubi
896 1657 1063 1701 quietiori
1082 1657 1200 1692 animo
1218 1658 1292 1692 Deo
1310 1658 1448 1692 seruire
1466 1657 1610 1702 possim,
1638 1657 1849 1692 transferar.
1870 1684 1876 1690 .
1893 1684 1900 1691 .
1916 1683 1925 1692 .

155 1712 276 1746 Primo
302 1714 389 1756 puto
417 1717 507 1754 egoa
532 1713 687 1745 mentem
722 1712 867 1755 patrum
893 1713 1098 1745 nostrorum
1125 1722 1215 1750 esse,
1252 1713 1288 1745 et
1314 1722 1499 1745 commune
1527 1711 1658 1744 bonum
1691 1710 1743 1745 ita
1769 1710 1926 1754 exigere,

154 1768 194 1800 ut
220 1765 364 1800 hortum
390 1765 590 1799 habeamus
616 1776 816 1806 amoenum,
843 1766 879 1798 et
904 1764 949 1798 ad
975 1764 1165 1799 honestam
1190 1764 1346 1799 fratrum
1364 1764 1621 1798 recreationem
1641 1766 1776 1808 aptum,
1803 1764 1838 1797 in
1856 1774 1926 1807 quo

156 1819 347 1862 defatigati
382 1818 582 1852 studiorum
618 1817 800 1859 molestia,
839 1817 949 1852 animi
985 1818 1169 1852 commode
1204 1817 1423 1859 relaxentur,
1462 1829 1531 1851 non
1567 1817 1682 1851 solum
1718 1816 1825 1860 longo
1863 1827 1926 1861 per

157 1872 299 1906 hortum
327 1883 444 1913 cursu,
479 1871 542 1905 sed
578 1871 688 1905 etiam
723 1882 873 1905 amoena
909 1871 978 1905 loci
1010 1871 1254 1916 dispositione,
1291 1871 1408 1915 qualis
1444 1871 1480 1904 in
1506 1869 1699 1914 Religiosis
1733 1869 1927 1915 improbari

156 1937 226 1959 non
261 1925 385 1970 possit.
438 1924 515 1959 Hoc
549 1926 672 1969 patres
707 1924 859 1958 Romani
893 1936 958 1959 suo
995 1925 1123 1959 docent
1158 1924 1335 1969 exemplo,
1372 1924 1433 1968 qui
1468 1923 1612 1957 hortum
1647 1935 1777 1967 magno
1812 1922 1927 1968 pretio

157 1981 314 2023 emptum
349 1989 420 2012 non
453 1977 531 2012 sine
557 1977 761 2022 sumptibus
795 1978 840 2011 ad
874 1978 1134 2012 recreationem
1169 1978 1323 2011 fratrum
1350 1977 1651 2017 accommodasse,
1686 1976 1811 2020 sicque
1846 1987 1925 2009 con-

156 2043 302 2066 seruare
341 2032 518 2065 dicuntur.
568 2030 730 2075 Exoptat
767 2033 804 2065 et
840 2030 881 2066 P.
911 2030 1161 2072 Prouincialis,
1201 2031 1262 2075 qui
1298 2030 1536 2064 Reuerentiae
1562 2029 1606 2065 V.
1645 2041 1701 2064 me
1736 2030 1926 2074 praesente

158 2085 260 2126 dixit,
295 2086 336 2119 ut
361 2084 397 2118 in
423 2084 515 2118 horti
543 2096 629 2118 cura
655 2084 803 2118 consilio
829 2083 1011 2118 hortulani
1037 2084 1145 2118 aulici
1181 2084 1251 2118 iam
1278 2084 1323 2118 ab
1349 2083 1468 2118 officio
1495 2083 1655 2117 defuncti
1681 2082 1788 2117 amici
1812 2081 1926 2116 nostri

156 2138 379 2182 integerrimi
405 2139 539 2178 utatur,
575 2137 668 2181 quod
695 2140 837 2171 tantum
864 2137 981 2171 abfuit
1006 2149 1027 2171 a
1053 2137 1271 2171 Reuerentia
1297 2137 1341 2172 V.
1368 2136 1457 2178 fieri,
1494 2139 1534 2171 ut
1569 2136 1676 2170 etiam
1710 2136 1827 2181 ipsum
1862 2146 1926 2180 per

156 2203 195 2226 se
221 2193 437 2232 contemnat,
464 2190 554 2225 nihil
579 2202 660 2224 eum
687 2201 728 2224 ea
754 2190 790 2224 in
815 2202 854 2225 re
880 2190 973 2225 scire
999 2202 1175 2232 asserens,
1202 2191 1271 2224 etsi
1291 2190 1509 2235 Jmperatori
1527 2189 1750 2224 Ferdinando
1768 2188 1827 2224 28³b
1853 2199 1924 2222 om-

157 2244 254 2279 nium
283 2244 526 2279 Charissimus
560 2243 671 2278 fuerit
705 2244 929 2285 hortulanus,
964 2243 1281 2288 singularibusque
1316 2243 1361 2278 ab
1397 2255 1437 2277 eo
1471 2242 1680 2277 muneribus
1714 2239 1926 2276 affectus.“²

157 2297 309 2332 Hortum
337 2309 416 2332 esse
447 2297 738 2340 „immundiorem
765 2301 802 2331 et
826 2297 944 2331 minus
970 2297 1195 2342 dispositum,
1232 2308 1341 2340 quam
1375 2296 1549 2341 cuiusque
1574 2295 1701 2330 rustici
1735 2295 1772 2328 in
1796 2293 1925 2339 medijs

157 2350 259 2385 siluis
285 2351 526 2392 habitantis“;
563 2362 655 2392 eum,
691 2351 777 2395 quia
810 2362 880 2385 non
907 2350 1057 2392 colatur,
1092 2350 1198 2393 longe
1234 2350 1423 2395 pauciores
1454 2350 1594 2384 fructus
1620 2348 1780 2389 reddere,
1817 2358 1925 2392 quam

157 2404 305 2438 reddere
331 2408 463 2449 posset.
510 2404 567 2447 „2⁰
593 2403 687 2448 quod
713 2415 779 2447 ego
805 2406 949 2448 patrum
975 2405 1133 2438 mentem
1159 2415 1239 2438 esse
1265 2406 1362 2448 pute,
1401 2405 1438 2437 et
1462 2403 1513 2437 ita
1539 2403 1574 2437 in
1602 2400 1925 2437 Constitutionibus

157 2457 280 2492 haberi
307 2457 480 2502 intelligo,
515 2460 555 2491 ut
590 2457 626 2491 in
651 2456 751 2491 uictu
777 2459 900 2491 nostro
926 2457 975 2491 sit
1001 2457 1199 2492 communis
1225 2457 1420 2490 mundities
1447 2459 1483 2491 et
1508 2455 1735 2501 praeparatio
1748 2455 1770 2495 ³,
1806 2454 1924 2498 qualis

159 2511 252 2555 apud
287 2513 429 2545 sutores
464 2513 500 2545 et
533 2513 692 2544 sartores
718 2511 855 2545 usitata
890 2513 954 2552 est,
992 2513 1029 2544 et
1053 2510 1156 2551 hanc,
1192 2512 1298 2554 prout
1327 2521 1348 2543 a
1374 2510 1413 2544 P.
1442 2508 1659 2543 Prouinciali
1684 2508 1719 2542 in
1745 2507 1926 2542 mandatis

158 2565 291 2608 accepi,
318 2575 460 2608 semper
478 2575 621 2608 quaero,
649 2575 763 2608 eaque
789 2564 921 2598 fratres
940 2566 1127 2598 contentos
1146 2563 1260 2597 uideo.
1296 2562 1429 2597 Vestra
1447 2574 1532 2596 uero
1553 2561 1767 2596 Reuerentia
1785 2571 1926 2605 semper

277 2646 305 2676 a)
333 2646 472 2678 Sequitur
497 2651 575 2677 esse,
595 2646 685 2670 oblitt.
758 2644 788 2676 b)
810 2646 876 2676 Sic,-
894 2645 1079 2670 scribendum
1097 2646 1157 2676 fuit
1179 2645 1228 2676 1?;
1248 2653 1272 2670 v.
1293 2645 1387 2676 infra,
1407 2644 1474 2669 adn.
1488 2645 1513 2668 2.

284 2753 293 2772 ¹
319 2752 372 2786 De
398 2752 530 2786 litteris
560 2752 673 2795 „Soli“
703 2751 887 2798 inscriptis
913 2764 947 2787 v.
975 2764 1085 2798 supra
1110 2764 1144 2797 p.
1166 2753 1238 2787 49¹.

281 2806 294 2825 ²
319 2805 542 2840 Ferdinando
570 2806 595 2840 Ι.
623 2805 831 2850 imperatori
860 2806 897 2849 (†
925 2806 1031 2849 1564)
1061 2806 1147 2840 urbs
1173 2805 1412 2850 oenipontana
1436 2803 1671 2847 singulariter
1696 2804 1802 2846 grata
1827 2813 1925 2837 cara-

162 2870 230 2903 que
256 2859 375 2892 fuerat
402 2858 508 2900 (Can.
537 2859 587 2892 111
616 2860 712 2902 170).

282 2912 294 2931 ³
325 2911 438 2953 „Socii
457 2923 580 2946 omnes
599 2939 606 2946 .
624 2938 631 2946 .
647 2939 654 2946 .
674 2912 709 2945 in
735 2912 790 2953 iis,
817 2923 908 2957 quae
926 2912 970 2946 ad
996 2912 1142 2953 victum,
1170 2914 1205 2946 ei:
1223 2911 1409 2952 vestitum,
1436 2912 1473 2944 et
1497 2912 1618 2944 cetera
1644 2909 1823 2943 exteriora
1849 2920 1925 2954 per-

116 3001 122 3004 *
160 2965 287 3006 tinent,
314 2963 545 2998 honestorum
563 2964 798 2998 Sacerdotum
821 2977 1044 2999 communem
1063 2967 1100 2999 et
1117 2965 1353 3010 approbatum
1372 2975 1477 2998 usum
1495 2963 1710 3007 sequentur“
1726 2976 1733 2996 :
1760 2961 1927 2996 Formula

161 3017 322 3052 Instituti
349 3016 540 3051 Societatis
566 3017 647 3052 Iesu
682 3029 703 3052 a
729 3019 824 3052 Iulio
851 3019 921 3053 Ill.
959 3018 1015 3053 21.
1042 3018 1123 3052 Iulii
1150 3019 1242 3053 1550
1277 3017 1474 3062 approbata
1503 3016 1678 3058 (Litterae
1709 3015 1926 3060 apostolicae

161 3073 229 3105 etc.
249 3070 323 3114 67).
369 3069 495 3111 „Ratio
522 3070 641 3104 victus
669 3097 676 3104 .
693 3097 699 3104 .
716 3098 723 3105 .
751 3071 948 3105 communis
974 3071 1064 3105 sit“:
1096 3072 1368 3105 Constitutiones
1389 3070 1426 3104 S.
1441 3070 1473 3105 J.
1501 3069 1540 3104 Ρ.
1559 3071 1591 3110 6,
1619 3080 1647 3103 c.
1668 3068 1698 3109 2,
1725 3069 1830 3103 Π.’16.
