2044 3335
170 82 254 123 238
324 80 423 115 1606.
453 81 598 115 Marcus
617 82 702 116 Ant.
720 80 886 115 Amulius
905 82 990 116 Can.
1034 81 1147 117 Roma
1172 83 1265 118 inter
1291 96 1336 119 m.
1356 84 1439 119 Dec.
1463 85 1552 120 1568
1573 87 1608 119 et
1625 97 1670 119 m.
1691 86 1764 120 Ian.
1786 86 1888 123 1569.

165 199 323 242 scripsit,
358 198 610 242 imperatorem
645 197 825 232 nobilibus
860 199 1146 243 protestantibus
1181 200 1303 245 aliqua
1338 202 1381 235 de
1417 202 1602 246 religionis
1637 214 1724 237 suae
1763 203 1935 238 exercitio

165 254 305 285 secreto
332 251 561 295 promisisse;
591 251 639 284 ita
665 251 735 284 sibi
761 251 964 285 nuntiatum
992 263 1072 286 esse
1092 252 1235 296 (Turba
1253 253 1276 287 l.
1296 266 1325 288 c.
1344 255 1451 298 465);
1481 257 1517 288 et
1534 255 1590 289 26.
1609 255 1824 290 Novembris
1843 257 1934 291 1568

166 305 333 338 :ilbertus
358 305 397 337 Γ.
424 305 600 338 Bavariae
627 304 701 338 dux
735 304 779 338 ad
815 305 1034 339 cardinalem
1062 305 1262 341 Truchsess
1289 307 1424 342 Romae
1455 311 1653 342 morantem
1691 309 1734 342 de
1768 308 1838 343 fide
1872 309 1935 344 illa

166 357 428 392 Gommendono
455 357 539 391 data
565 357 731 401 scripsit:
773 357 864 400 „Got
889 358 993 392 welle
1020 359 1084 393 das
1111 371 1149 393 es
1176 372 1245 394 von
1272 361 1381 394 herzn
1407 372 1484 404 gee,
1521 362 1594 395 vnd
1621 365 1746 396 ernust
1771 361 1854 403 seie,
1891 362 1934 396 de

166 422 234 453 quo
262 410 415 444 multum
442 410 584 444 dubito“
610 410 793 453 (Wimmer
810 411 833 445 l.
854 424 883 446 c.
903 412 1000 455 529).
1037 412 1178 457 Reapse
1203 413 1474 448 Maximilianus
1500 414 1605 448 fidem
1632 415 1760 458 fregit:
1786 414 1934 449 Lentiae

167 465 198 497 7.
225 463 436 497 Decembris
463 463 554 497 1568
589 464 769 498 nobilitati
805 465 976 499 Austriae
1012 466 1208 510 superioris
1243 467 1336 501 clam
1371 468 1522 501 eandem
1547 467 1729 512 pollicitus
1765 471 1821 502 est
1855 480 1931 512 pro-

163 516 383 550 testantismi
409 516 625 558 libertatem,
663 529 769 561 quam
797 518 968 552 Austriae
994 518 1174 554 inferioris
1200 521 1407 565 proceribus
1434 523 1681 561 concesseram
1718 521 1763 555 ad
1793 522 1933 564 „Agen-

164 569 264 603 dam“
288 569 583 604 conscribendam
600 570 777 605 Davidem
797 570 1015 615 Chytraeum
1035 572 1265 607 lutheranum
1284 574 1494 615 arcessivit;
1522 574 1582 618 qui
1602 585 1681 608 cum
1703 574 1756 608 19.
1776 574 1932 608 Ianuarii

166 623 256 656 1569
284 622 467 657 Cremsam
498 623 661 666 (Krems)
690 624 910 665 advenisset,
947 625 1062 659 latere
1097 626 1217 660 iussus
1244 629 1307 668 est,
1345 627 1462 671 quoad
1490 627 1775 661 Commendonus
1801 627 1933 661 Vindo-

161 675 254 709 bona
281 675 509 710 discessisset
537 677 695 720 (Hopfen
722 677 744 711 1.
765 689 794 711 c.
819 678 1013 712 146—148.
1052 680 1174 713 Turba
1201 681 1222 713 l.
1243 691 1270 713 c.
1301 681 1349 713 [ll
1376 681 1472 714 4592.
1512 682 1603 714 Lus.
1623 681 1769 724 Pfleyer,
1798 680 1931 714 Martin

164 728 387 772 Eisengrein‚
413 729 590 774 Freiburg
615 731 636 764 i.
669 731 724 765 ΒΓ.
754 731 854 771 1908,
885 732 1081 766 156—157.
1127 734 1190 766 Fr.
1217 735 1321 768 Dom.
1349 735 1537 777 Hc'iberlin,
1569 733 1726 767 Neueste
1751 733 1932 768 Teutsche

162 781 529 817 Reichs-Geschichte
551 783 627 824 VH,
654 783 761 818 Halle
790 785 891 824 1779,
920 785 1119 819 516—524.
1163 787 1255 820 Mor.
1275 788 1402 830 Ruter,
1430 787 1613 821 Deutsche
1640 786 1857 821 Geschichte
1883 787 1930 820 im

162 835 331 869 Zeitalter
358 836 420 870 der
446 836 805 880 Gegenreformation
841 838 911 872 und
939 839 1001 873 des
1029 838 1346 885 Dreissigjahrigen
1374 840 1529 884 Krieges
1556 841 1580 881 I,
1618 840 1802 883 Stuttgart
1829 839 1930 881 1889,

162 889 382 933 404—405).

164 1015 321 1052 1606.
433 1017 635 1052 cardinalis
676 1017 954 1055 MARCUS
996 1017 1343 1056 ANTONIUS
1387 1018 1692 1056 AMULIUS
1743 1020 1931 1066 episcopus

351 1073 513 1106 reatinus
541 1071 742 1108 OANISIO.

615 1125 728 1160 Roma
753 1126 848 1160 inter
874 1128 1066 1160 exeuntem
1092 1138 1139 1161 m.
1159 1127 1244 1161 Dec.
1266 1127 1356 1161 1568
1383 1129 1419 1161 et
1445 1127 1600 1161 medium
1619 1138 1664 1162 m.
1684 1127 1758 1162 lan.
1780 1127 1881 1161 1569.

283 1188 338 1222 Ex
364 1190 570 1235 apographo
598 1193 634 1224 et
660 1203 704 1225 ex
731 1191 965 1236 autographo,
993 1192 1035 1225 de
1062 1192 1192 1236 quibus
1218 1192 1322 1232 infra,
1350 1204 1429 1237 epp.
1456 1204 1514 1226 nn.
1545 1193 1632 1227 1607
1664 1193 1765 1226 1611.

284 1261 377 1293 Eum
403 1261 582 1305 hortatur,
609 1267 647 1295 ut
673 1263 795 1296 Socios
820 1265 858 1296 inv
885 1263 1078 1296 Helvetium
1104 1264 1219 1296 mittut
1251 1264 1301 1296 ad
1323 1264 1558 1296 seminarium
1588 1264 1843 1297 instituendum
1869 1268 1928 1297 etc.

283 1340 331 1381 P.
366 1340 546 1382 Ioannes
589 1341 640 1382 de
681 1341 864 1382 Polaneo
904 1342 1124 1383 Soeietutis
1165 1342 1416 1383 secretarius
1458 1342 1668 1383 mandatu
1709 1342 1752 1383 S.
1787 1342 1928 1383 Fran-

163 1406 261 1446 cisei
293 1406 476 1459 Borqiae
516 1408 750 1461 praepositi
794 1408 1004 1461 yenerolis
1045 1407 1180 1448 Roma
1222 1409 1292 1448 15.
1325 1407 1529 1448 Ianuarii
1571 1409 1686 1449 1569
1725 1407 1828 1448 haee
1869 1408 1927 1447 acl

165 1471 385 1512 Canisium
426 1469 595 1525 (linqua
637 1471 804 1524 italica)
845 1473 1028 1513 rettulit:
1068 1473 1138 1514 Ex
1169 1472 1454 1513 Helvetiorum
1480 1486 1593 1527 payo
1627 1473 1768 1527 aliquo
1800 1485 1928 1526 prope

169 1536 372 1590 Tiyurum
415 1538 492 1578 sito
534 1538 713 1578 Romam.
756 1538 814 1578 ad
857 1539 1119 1579 cardinalem
1162 1538 1378 1579 Amulium
1422 1539 1584 1579 litterae
1624 1539 1778 1578 missae
1815 1542 1926 1589 sunt,

161 1602 313 1655 quibus
357 1600 439 1643 duo
481 1608 612 1643 tresve
645 1603 863 1644 Societatis
895 1603 1081 1644 homines
1111 1602 1361 1657 petebantur
1393 1603 1451 1643 cul
1483 1604 1773 1655 seminarium,
1817 1603 1927 1656 quocl

162 1667 220 1708 ibi
261 1668 438 1709 condere
481 1669 635 1720 vellent,
680 1668 907 1723 reyenclum
950 1673 985 1709 et
1027 1669 1086 1709 acl
1123 1682 1238 1722 opem
1273 1668 1486 1709 catholicis
1519 1673 1664 1709 eontra
1697 1668 1924 1709 haereticos

158 1731 414 1784 ferendam;
451 1747 583 1787 quare
616 1733 853 1774 cardinalis
884 1733 1085 1785 instabat,
1119 1738 1164 1774 ut
1196 1735 1456 1774 contionator
1488 1734 1644 1787 aliquis
1677 1733 1735 1773 acl
1767 1746 1925 1774 menses

162 1799 321 1852 aliquot
353 1812 395 1838 eo
427 1800 663 1840 mitteretur
695 1798 750 1849 (v.
776 1798 910 1852 infra,
937 1813 996 1853 ep.
1023 1814 1062 1840 n.
1088 1799 1236 1849 1607).
1280 1799 1480 1840 &anisius
1503 1803 1639 1840 autem
1664 1800 1705 1839 in
1730 1798 1920 1852 epistula,

162 1877 244 1917 qua
287 1864 470 1917 Borqiae
511 1865 705 1918 Auqusta
748 1866 816 1905 19.
851 1864 1083 1905 Februarii
1116 1866 1232 1905 1569
1268 1864 1572 1917 respondebat:
1615 1863 1820 1916 „Scripsit
1864 1862 1923 1903 acl

162 1942 224 1969 me
247 1928 446 1983 quoquest
472 1930 622 1984 inquit,
651 1929 931 1981 „Carclinalis
949 1930 1160 1982 Amulius,
1188 1934 1229 1970 ut
1251 1926 1466 1970 mitta-mus
1484 1930 1700 1983 operarios
1715 1927 1923 1982 Heluetijs

163 1993 400 2046 Catholicis,
445 1999 480 2036 et
518 1996 636 2049 pium
676 1995 843 2036 illorum
887 1995 1123 2035 institutum
1167 1995 1209 2035 in
1244 1995 1531 2035 constituendo
1563 1995 1792 2035 seminario
1818 2007 1921 2047 pro-

160 2074 414 2102 moueamus.
452 2095 459 2101 .
496 2094 502 2100 .
541 2094 548 2101 .
612 2060 809 2100 Adiunxi
852 2060 997 2101 literas
1039 2059 1119 2101 Jll.
1166 2060 1417 2100 Cardinalis
1449 2060 1626 2113 Amulij,
1668 2058 1817 2113 quibus
1860 2073 1920 2100 re-

159 2125 361 2179 spondere
392 2126 520 2175 nolui,
555 2126 640 2166 nisi
670 2140 714 2166 re
734 2127 858 2179 prius
880 2126 1029 2166 collata
1060 2139 1149 2165 eum
1174 2125 1222 2166 P.
1254 2123 1297 2165 T.
1325 2159 1332 2165 .
1361 2158 1366 2164 .
1395 2159 1402 2165 .
1429 2125 1655 2165 dimidium
1679 2123 1916 2179 colleqiunst

152 2191 381 2245 postulant.
419 2225 425 2232 .
463 2226 469 2232 .
507 2223 515 2232 .
585 2190 703 2242 „Non
754 2194 840 2230 tum
889 2195 1083 2244 expetunt
1130 2191 1476 2242 contionatorem,
1526 2204 1652 2245 aziam
1699 2190 1923 2243 seminarij

159 2256 417 2309 directorem,
452 2257 538 2297 nisi
566 2254 743 2309 fallar.“

273 2337 428 2371 Aliunde
453 2336 520 2370 hoc
547 2338 707 2370 constat:
735 2335 824 2369 Cum
851 2335 1009 2369 Helvetii
1037 2335 1211 2369 foederati
1238 2335 1352 2379 Aquis
1381 2335 1558 2369 Helvetiis
1585 2334 1739 2378 (Baden)
1766 2346 1918 2368 conven-

152 2393 228 2424 tum
255 2390 440 2431 haberent,
467 2390 523 2424 29.
542 2389 763 2434 Septembris
785 2389 874 2423 1568
893 2389 977 2433 pagi
997 2389 1164 2423 catholici
1191 2389 1283 2422 inter
1306 2400 1345 2422 se
1364 2388 1638 2429 constituerunt,
1665 2390 1706 2422 ut
1723 2388 1917 2428 academia,

154 2455 261 2488 quam
288 2444 439 2477 condere
465 2444 690 2482 statuissent,
729 2442 823 2476 intra
854 2442 952 2487 ipsos
985 2442 1251 2476 foederatorum
1277 2441 1368 2475 fines
1397 2441 1606 2484 (cardinalis
1632 2441 1820 2486 Altaemps
1847 2441 1917 2485 epi—

152 2508 282 2541 scopus
308 2495 586 2531 constantiensis
612 2507 690 2529 eam
717 2495 948 2529 constantiae
975 2495 1077 2529 condi
1104 2495 1287 2539 cupiebat)
1315 2494 1546 2535 conderetur;
1582 2493 1699 2528 locum
1726 2497 1846 2527 autem
1872 2493 1916 2526 ad

153 2550 185 2583 id
206 2550 410 2583 institutum
430 2549 592 2583 idoneum
614 2549 809 2582 censebant
827 2560 906 2582 esse
924 2548 1075 2593 Ruperti
1094 2548 1218 2581 villam
1240 2546 1508 2592 (Rapperswyl)
1524 2559 1530 2587 ;
1555 2546 1661 2580 simul
1679 2546 1756 2586 hoc,
1775 2548 1917 2590 praeter

153 2603 233 2644 alia,
269 2604 517 2642 decreverunt,
553 2604 593 2636 ut
627 2601 803 2635 Melchior
834 2601 939 2635 Lussi
978 2601 1228 2635 Subsilvaniae
1264 2602 1408 2645 praetor
1436 2599 1706 2642 („Landamann
1741 2598 1799 2632 nid
1836 2598 1916 2632 dem

155 2655 300 2699 Wald“)
330 2655 479 2689 Romam
506 2655 549 2689 ad
576 2656 724 2689 Petrum
752 2654 932 2689 Canisium
960 2655 1121 2699 aliosque
1148 2654 1301 2688 Iesuitas
1327 2653 1501 2687 scriberet
1527 2664 1658 2696 eosque
1684 2654 1840 2695 rogaret,
1877 2654 1916 2685 ut

151 2709 297 2743 scholae
324 2709 419 2742 illius
446 2720 567 2742 curam
594 2708 819 2752 susciperent
847 2708 927 2751 (Die
955 2707 1281 2751 Eidgenbssischen
1308 2706 1508 2740 Abschiede
1539 2717 1604 2739 aus
1631 2705 1710 2739 dem
1737 2705 1914 2738 Zeitraum

152 2774 222 2795 von
252 2763 341 2796 1556
368 2762 422 2795 bis
451 2762 552 2795 1586.
598 2762 803 2795 Bearbeitet
827 2773 898 2795 von
924 2762 1056 2805 Joseph
1082 2762 1178 2795 Karl
1203 2761 1340 2794 Kriitli.
1380 2759 1451 2792 Der
1477 2758 1671 2792 amtlichen
1698 2758 1915 2792 Abschiede-

151 2815 354 2857 sammlung
382 2815 480 2848 Band
498 2815 530 2855 4,
558 2814 665 2848 Abth.
685 2815 716 2855 2,
744 2815 838 2848 Bern
859 2815 958 2856 1861,
984 2815 1082 2857 403).
1121 2814 1287 2856 Friburgi
1315 2823 1454 2856 quoque
1481 2814 1517 2846 et
1543 2812 1736 2853 Lucernae,
1765 2822 1844 2845 cum
1871 2810 1914 2844 de

151 2868 235 2902 sede
262 2868 467 2901 academiae
494 2868 683 2911 deligenda
710 2870 889 2911 ageretur,
925 2868 1059 2901 mentio
1085 2868 1183 2901 fact-a
1209 2869 1289 2900 erat
1314 2866 1405 2909 (Jos.
1433 2866 1652 2909 Schneuwly,
1688 2865 1829 2910 Projets
1855 2875 1913 2897 an-

152 2921 250 2955 ciens
277 2921 318 2954 de
344 2920 473 2954 hautes
499 2921 626 2954 etudes
653 2921 879 2965 catholiques
904 2933 947 2954 en
975 2921 1108 2959 Suisse,
1135 2920 1310 2961 Fribourg
1339 2919 1439 2959 1891,
1468 2919 1524 2953 27.
1576 2920 1638 2952 Th.
1665 2930 1694 2952 v.
1720 2918 1913 2959 Liebenau,

151 2973 375 3007 Riickblicke
411 2973 476 3007 auf
507 2973 563 3006 die
598 2973 768 3018 Projekte
804 2974 999 3007 betreffend
1035 2973 1234 3016 Grundung
1269 2972 1366 3006 einer
1400 2971 1651 3005 katholischen
1685 2969 1912 3005 Hochschule

153 3028 216 3061 der
251 3026 420 3067 Schweiz,
456 3025 491 3059 in
524 3026 777 3067 „Katholische
803 3026 1180 3060 Schweizer-Blatter“
1211 3026 1254 3067 ll,
1291 3025 1428 3059 Luzern
1458 3024 1558 3065 1886,
1593 3024 1809 3067 353—355).
1860 3024 1913 3056 Ac

154 3079 350 3114 verisimile
385 3080 450 3120 est,
489 3078 555 3112 hoc
594 3078 662 3112 iam
699 3080 858 3123 tempore
895 3079 1003 3113 etiam
1039 3080 1081 3113 de
1117 3078 1266 3122 collegio
1303 3077 1495 3112 Societatis
1529 3076 1681 3112 Lucarni
1720 3074 1908 3120 (Locarno)
