2044 3335
645 121 845 168 Oeniponte
872 123 927 157 29.
947 121 1103 156 Ianuarii
1132 121 1233 156 1569.
1739 121 1822 161 245

62 242 108 284 Ρ.
143 240 446 289 Benedictus1,
480 241 525 281 et
556 242 786 292 praeterea
819 239 900 281 loci
933 239 1048 280 illius
1080 239 1125 281 P.
1161 236 1486 286 Prouincialis2,
1520 238 1569 277 ut
1601 249 1709 289 opus
1741 249 1826 277 non

63 306 120 348 sit
159 305 275 348 mitti
316 319 341 347 a
383 318 450 346 me
492 303 650 345 falcem
693 303 760 354 (ut
802 303 942 356 aiunt)
983 303 1026 345 in
1068 316 1252 344 messem
1297 302 1496 344 alienam.
1561 300 1826 342 Crediderim

62 370 271 423 equidem,
304 368 529 424 permagni
562 368 728 410 referre
762 369 815 411 ad
849 369 1185 422 promouendam
1219 381 1313 408 eam
1344 365 1631 415 Prouinciam,
1664 368 1713 407 ut
1734 364 1827 406 ido-

61 450 167 478 neus
199 438 243 478 et
274 434 422 488 grauis
454 433 615 476 Rector
641 433 891 475 Patauiensi
914 433 1105 486 Collegio
1137 433 1460 486 praeficeretur,
1494 430 1608 472 sicut
1639 429 1721 481 hic,
1755 429 1827 483 qui

62 500 144 542 fuit
176 502 277 542 ante
299 499 511 549 Minister,
547 501 672 552 optat
704 512 759 540 ex
792 499 949 549 animo,
983 498 1083 551 quia
1115 511 1195 539 sua
1226 511 1311 538 non
1345 499 1411 538 est
1443 497 1561 538 sorte
1584 496 1827 545 contentus,

61 568 109 608 ut
140 565 232 619 ipse
265 564 365 606 mihi
400 563 675 617 significauit.
778 553 783 561 ³

180 630 283 672 Cum
316 629 530 671 uenissem
555 628 857 682 Oenipontum,
891 627 1054 670 inuitus
1086 626 1269 681 cognoui
1303 625 1612 668 dissentionem
1635 627 1826 667 ueterem

60 695 175 737 inter
206 695 476 737 Cardinalem
510 693 809 735 Tridentinum
849 696 893 734 et
925 692 1211 735 Archiducem
1244 691 1562 733 Ferdinandum
1602 690 1743 743 magis
1785 693 1829 732 et

61 759 200 813 magis
234 760 398 809 ardere,
432 773 512 801 nec
544 772 695 812 parum
729 758 797 799 hic
830 758 998 800 animos
1028 756 1281 800 exacerbari
1303 757 1356 798 ob
1380 756 1538 798 allatas
1563 756 1685 798 Pont.
1709 755 1826 797 MaX.

62 825 226 875 literas,
267 824 420 878 quibus
455 823 686 866 Archiduci
719 823 937 865 sententia
970 821 1429 864 excommunicationis
1461 820 1722 874 infligendae
1755 820 1829 861 de-

62 890 290 932 nunciatur
303 890 331 932 3.
381 889 499 938 Quae
530 902 601 930 res
633 888 879 931 Catholicos
912 888 1043 930 etiam
1077 902 1162 929 non
1195 888 1333 929 solum
1367 886 1527 939 affligit
1559 889 1603 928 et
1636 885 1827 935 offendit,

61 955 168 1010 proh
210 955 368 1004 dolorss,
411 954 486 996 sed
528 954 659 996 etiam
704 955 1000 1007 contemptum
1035 952 1220 1006 aliquem
1254 952 1439 994 nominis
1472 954 1516 993 et
1549 950 1831 993 authoritatis

62 1020 312 1063 Pontificiae
353 1020 501 1062 multis
540 1019 712 1061 adferre
746 1019 929 1061 uidetur.
994 1018 1177 1067 Timent,
1220 1032 1274 1059 ne
1316 1018 1473 1060 sathan
1506 1030 1561 1058 ex
1593 1016 1660 1057 his
1691 1014 1831 1058 turbis

61 1086 248 1128 maiores
270 1086 434 1128 excitet
455 1086 654 1127 flammas
677 1098 806 1138 quam
839 1084 1052 1137 restingui
1083 1083 1211 1125 facile
1243 1083 1423 1136 possint,
1458 1097 1567 1124 neue
1597 1082 1831 1123 multorum

63 1151 228 1205 religio,
267 1150 339 1204 qui
370 1151 581 1193 hactenus
614 1149 824 1192 Catholici
858 1149 1048 1199 fuerunt,
1091 1149 1372 1203 perturbetur
1404 1147 1685 1200 grauiterque
1718 1145 1831 1200 peri-

62 1217 250 1260 clitetur.
293 1216 387 1258 Nos
409 1217 548 1258 Deum
571 1215 756 1257 sollicite
784 1229 1004 1268 rogamus,
1039 1217 1083 1256 et
1115 1214 1242 1256 isthic
1275 1214 1516 1267 rogandum
1551 1225 1720 1266 quoque
1753 1225 1831 1265 pu-

62 1286 219 1332 tamus,
263 1286 311 1325 ut
353 1284 584 1336 componat
624 1281 702 1322 hos
743 1283 887 1322 motus
927 1280 1042 1322 inter
1074 1280 1181 1322 duos
1213 1279 1451 1333 Principes,
1494 1278 1742 1333 priusquam
1778 1276 1831 1318 ad

63 1351 261 1402 apertum
294 1348 453 1390 bellum
487 1346 699 1389 ueniatur.
746 1346 831 1387 Res
864 1345 1035 1398 longius
1068 1359 1302 1399 progressa
1335 1348 1402 1387 est
1435 1358 1563 1397 quam
1587 1342 1828 1397 oportebat,

62 1416 106 1457 et
139 1414 190 1455 de
223 1414 365 1456 salute
398 1427 482 1454 non
515 1412 654 1454 solum
688 1411 913 1465 Principis,
949 1411 1024 1452 sed
1058 1411 1190 1453 etiam
1224 1410 1359 1453 totius
1386 1409 1639 1451 prouinciae
1672 1407 1830 1460 agitur,

63 1493 202 1532 neque
235 1478 413 1532 expedit
445 1477 630 1532 amplius
663 1476 838 1519 irritare
872 1477 1106 1518 crabrones
1139 1476 1219 1518 hoc
1251 1478 1461 1529 tempore,
1505 1488 1588 1527 quo
1621 1473 1833 1515 aduersus

63 1543 306 1586 Ecclesiam
349 1543 558 1586 haeretici
600 1557 738 1585 nouas
779 1545 824 1585 et
863 1542 1064 1595 ingentes
1097 1541 1308 1594 colligunt
1341 1540 1488 1595 copias
1520 1554 1605 1581 non
1638 1539 1775 1580 solum
1810 1551 1833 1579 e

65 1609 311 1662 Germania,
355 1609 431 1651 sed
474 1608 605 1650 etiam
648 1622 703 1650 ex
737 1607 877 1650 Dania
920 1610 964 1650 et
997 1607 1146 1649 Suetia
1180 1606 1436 1648 educendas.
1502 1605 1643 1655 Quare
1677 1606 1834 1657 putant

64 1674 270 1728 Hispanis
303 1676 348 1717 et
371 1674 507 1717 Gallis
539 1688 626 1715 non
659 1674 907 1717 defuturum
941 1673 1021 1714 hoc
1055 1687 1167 1715 anno
1200 1672 1432 1726 plurimum
1456 1670 1634 1724 negotij,
1668 1672 1716 1711 ut
1739 1682 1834 1710 sese

62 1742 106 1782 et
128 1740 290 1792 Belgas
324 1743 475 1782 contra
506 1741 575 1782 tot
597 1740 745 1781 hostes
767 1738 921 1793 impios
943 1741 1163 1781 tueantur.
1208 1738 1370 1779 Verum
1394 1737 1448 1779 ad
1472 1739 1621 1778 nostra
1644 1734 1833 1789 propius,

183 1805 352 1847 Offendi
384 1808 616 1860 praeterea
649 1804 881 1859 Oeniponti
909 1805 953 1847 P.
978 1803 1167 1845 Dirsium
1191 1803 1386 1856 Reginae
1409 1802 1698 1856 Magdalenae
1731 1813 1833 1841 con-

62 1871 293 1913 fessarium
326 1871 522 1924 grauiter
555 1870 897 1921 decumbentem,
943 1869 1013 1923 qui
1047 1871 1148 1923 post
1179 1869 1412 1910 multorum
1448 1867 1658 1909 mensium
1692 1864 1833 1918 aegri-

61 1936 255 1980 tudinem
287 1936 455 1979 fractus
487 1938 619 1989 atque
653 1936 890 1986 confectuS,
931 1937 1031 1989 post
1063 1937 1244 1988 accepta
1278 1933 1501 1975 Ecclesiae
1535 1933 1831 1980 Sacramenta,

62 2005 162 2057 post
194 2002 342 2044 datum
377 2016 481 2044 suae
511 2001 689 2055 pietatis
712 2001 984 2056 praeclarum
1007 2000 1224 2055 specimen
1249 2013 1393 2041 coram
1418 1998 1641 2048 fratribus,
1676 2010 1835 2049 magna

63 2082 158 2110 cum
192 2067 381 2109 omnium
415 2067 716 2109 aedificatione
749 2066 948 2121 spiritum
978 2066 1106 2108 hodie
1128 2066 1221 2107 Deo
1245 2064 1433 2107 reddidit
1456 2063 1655 2106 creatori.
1700 2062 1835 2103 Viuat

63 2134 231 2176 Christo
264 2134 420 2175 beatus
452 2146 530 2186 per
563 2132 775 2175 sacrificia
809 2135 853 2174 et
884 2145 1036 2186 preces
1068 2131 1204 2173 totius
1237 2130 1482 2181 Societatis,
1527 2128 1680 2182 quibus
1713 2127 1833 2168 illum

182 2218 209 2246 a)
231 2215 296 2239 Dico
317 2222 359 2239 vv.
380 2221 438 2245 sqq.
458 2221 553 2245 supra
575 2221 690 2239 versum
709 2213 822 2244 scripta
841 2216 918 2238 sunt.

184 2323 194 2342 ¹
221 2322 260 2356 P.
288 2321 505 2355 Benedictus
530 2320 702 2361 Palmius,
728 2321 881 2364 Borgiae
909 2332 972 2365 pro
998 2320 1105 2354 Italia
1131 2319 1317 2360 assistens,
1345 2317 1488 2362 collegii
1514 2316 1676 2362 patavini
1704 2317 1832 2355 rector,

62 2376 188 2410 deinde
217 2375 486 2419 (1559—1565)
514 2375 721 2419 provinciae
748 2374 1036 2417 longobardicae,
1073 2374 1117 2408 ad
1151 2384 1258 2417 quam
1286 2371 1475 2415 collegium
1504 2371 1591 2405 illud
1618 2369 1833 2415 pertinebat,

62 2429 294 2475 provincialis
320 2429 439 2462 fuerat
467 2427 692 2472 (sacchinus,
712 2428 805 2462 Hist.
826 2427 976 2469 S.J.11,
1003 2427 1026 2461 l.
1053 2427 1085 2468 2,
1112 2439 1146 2461 n.
1163 2428 1226 2468 71;
1253 2426 1276 2460 l.
1305 2426 1335 2466 3,
1362 2438 1395 2459 n.
1424 2425 1487 2465 2&
1515 2424 1576 2465 III,
1603 2423 1625 2457 l.
1650 2424 1678 2465 1,
1705 2435 1737 2457 n.
1758 2422 1832 2465 34).

182 2484 194 2504 ‘·'
220 2482 436 2517 Franciscus
466 2481 648 2515 Adurnius
678 2481 869 2524 (Adorno).

181 2538 194 2557 ³
220 2537 272 2570 De
291 2536 357 2570 hac
377 2535 600 2570 dissensione
618 2547 652 2569 V.
668 2547 778 2579 supra
796 2547 831 2579 p.
847 2535 944 2569 2258.
973 2535 1060 2568 Pius
1075 2535 1113 2569 V.
1129 2535 1200 2568 iam
1220 2533 1302 2567 inde
1321 2545 1341 2567 a
1360 2544 1405 2566 m.
1422 2532 1521 2566 Iunio
1539 2531 1629 2566 1568
1648 2533 1684 2564 et
1701 2530 1834 2564 litteris

63 2591 156 2626 datis
192 2593 228 2624 et
254 2590 420 2634 Scipione
448 2588 672 2623 Lancellotto
707 2588 870 2623 auditore
904 2588 940 2622 in
967 2587 1117 2622 Tirolim
1152 2587 1263 2621 misso
1297 2586 1399 2620 litem
1434 2596 1647 2630 componere
1683 2586 1833 2618 conatus

62 2647 140 2678 erat
168 2643 295 2687 (Hirn,
322 2642 684 2688 Temporalienstreit
709 2641 731 2676 l.
761 2653 790 2677 c.
817 2641 1036 2684 420--424).
1086 2641 1183 2675 Idem
1210 2640 1325 2674 Roma
1352 2640 1408 2674 31.
1434 2638 1643 2673 Decembris
1673 2637 1763 2671 1568
1789 2637 1833 2671 ad

62 2697 326 2731 Ferdinandum
353 2697 396 2730 ΙΙ.
425 2696 655 2731 archiducem
682 2707 797 2730 novas
823 2695 967 2729 litteras
994 2695 1102 2735 dedit,
1130 2694 1261 2738 quibus
1288 2693 1517 2737 querebatur,
1544 2704 1624 2726 eum
1655 2690 1835 2735 „quotidie

61 2762 175 2785 novas
210 2750 360 2785 iniurias
385 2761 551 2794 novaque
578 2749 819 2795 praeiudicia“
850 2749 1026 2782 ecclesiae
1054 2747 1272 2782 tridentinae
1304 2747 1456 2787 inferre;
1494 2746 1601 2780 simul
1636 2744 1833 2790 principem

62 2804 322 2846 obtestabatur,
356 2806 397 2837 ut
426 2806 634 2846 „reservata
660 2803 729 2837 sibi
755 2802 937 2836 actionum
964 2813 1112 2835 suarum
1139 2801 1313 2842 actione“‚
1351 2799 1525 2834 cardinali
1552 2798 1733 2833 Ludovico
1759 2797 1833 2831 Ma-

62 2858 179 2892 drutio
206 2858 373 2902 episcopo
400 2857 595 2891 tridentino
615 2856 789 2890 ecclesiae
816 2855 914 2889 illius
937 2855 1221 2900 „possessionem
1239 2854 1391 2888 liberam
1410 2866 1450 2888 eo
1469 2853 1571 2887 modo
1589 2852 1833 2893 restitum-eff,

63 2922 131 2955 quo
167 2923 187 2944 a
222 2913 365 2945 centum
402 2910 505 2945 annis
540 2910 682 2945 fuisset.
740 2909 797 2951 „Si
824 2921 909 2943 vero
940 2909 1049 2952 (quod
1076 2908 1222 2942 minime
1249 2910 1433 2953 putamus)
1463 2906 1684 2952 pertinacius
1710 2905 1745 2939 in
1771 2907 1834 2939 tua

62 2965 242 2998 sententia
275 2964 340 2998 tibi
378 2965 593 2998 manendum
630 2963 827 3009 putaveris,
866 2962 944 3007 ipso
980 2965 1041 2996 tuo
1080 2957 1178 2996 facto
1214 2961 1622 2996 excommunicationem
1661 2961 1834 2999 incurres,

63 3018 163 3052 cuius
190 3018 333 3062 quidem
360 3017 742 3051 excommunicationis
768 3015 1013 3057 declarationi,
1040 3015 1110 3049 nisi
1137 3026 1215 3049 eam
1234 3015 1433 3049 Ecclesiam
1462 3015 1497 3048 in
1524 3014 1704 3057 integrum
1731 3012 1833 3046 resti-

62 3072 185 3114 tueris,
220 3082 297 3112 nos,
333 3083 396 3116 pro
431 3073 553 3105 nostro
586 3070 760 3116 pastorali
787 3069 917 3111 officio,
954 3069 1080 3103 deesse
1105 3080 1175 3103 non
1203 3069 1433 3114 poterimus.“
1488 3069 1655 3112 integrae
1689 3066 1833 3100 litterae

63 3127 209 3159 exstant
234 3125 329 3170 apud
355 3125 596 3158 Laderchium
623 3125 645 3158 1.
674 3135 703 3158 c.
730 3136 763 3157 n.
792 3124 847 3157 77.
