2044 3335
147 116 233 160 518
765 113 860 147 Mon.
887 112 956 147 917
983 112 1061 146 sive
1088 123 1169 155 aug.
1192 111 1227 155 (a
1240 111 1291 156 7).

144 231 329 278 penuriam
355 229 451 264 haud
478 228 612 272 absque
648 228 767 272 aliquo
794 228 966 263 dedecore
1000 228 1250 268 fundatorum,
1283 228 1345 272 qui
1380 229 1501 262 tamen
1526 227 1645 261 omnia
1680 227 1768 261 bene
1803 227 1911 262 inter-

143 286 371 330 pretarentur
399 282 540 325 (fauent
561 281 655 315 enim
674 293 797 316 omnes
815 281 923 316 messi
942 281 1191 325 Augustanae)
1220 281 1251 315 si
1269 281 1373 315 modo
1397 292 1467 315 non
1486 281 1652 315 viderent
1672 292 1737 315 nos
1761 281 1911 315 nimium

143 338 318 372 incertam
344 336 459 370 aleam
491 345 572 369 cum
599 334 764 380 Capitulo
798 335 933 375 iacere,
968 346 989 369 a
1016 346 1085 378 quo
1120 333 1209 368 nihil
1241 333 1318 368 sola
1344 345 1407 379 spe
1442 335 1479 368 et
1505 333 1754 379 expectatione
1789 333 1911 368 haberi

143 402 248 436 posse
275 400 396 424 omnes
422 388 604 432 sapientes
629 387 798 429 iudicant,
825 387 894 422 nisi
920 388 1038 432 ipsum
1065 387 1133 421 alio
1159 387 1262 421 modo
1295 386 1560 431 aggrediamur.
1611 387 1680 421 Sed
1706 386 1793 421 haec
1819 387 1910 421 ratio

143 443 268 478 incidit
294 454 383 477 cum·
400 441 525 486 quinta
550 441 798 485 praecedente.

262 496 299 530 7‘3
325 494 476 529 Accedit
501 493 611 527 etiam
638 493 714 536 hoc,
740 494 833 538 quod
861 493 892 528 si
917 493 976 528 hic
1002 495 1212 538 perpetuam
1238 493 1497 527 habitationem
1534 492 1769 532 firmaremus,
1804 504 1910 536 auge-

142 551 260 584 sceret
285 548 393 583 etiam
416 546 556 588 messis,
581 548 804 581 terrerentur
830 546 1029 592 aduersarij
1056 547 1192 589 magis:
1218 546 1322 580 Nunc
1347 557 1434 580 vero
1460 557 1541 580 cum
1559 546 1746 580 videamur
1770 547 1911 580 tantum

142 614 222 637 esse
248 600 458 646 mercenarij
484 599 656 645 hospites,
684 600 769 643 vagi
797 602 832 634 et
858 602 994 634 certam
1020 600 1140 634 sedem
1159 611 1228 633 non
1255 599 1438 639 babentes,
1465 611 1507 633 ac
1533 599 1640 633 facile
1666 598 1911 644 expulsibiles,

141 655 271 690 merito
297 655 456 698 cogitare
481 655 632 699 possunt
656 653 751 687 nolle
777 665 816 687 se
841 653 1027 687 nobiscum
1046 652 1319 694 communicare,
1345 652 1439 697 quod
1466 653 1633 696 ignorent
1658 652 1828 696 quamdiu
1853 652 1911 687 hic

145 707 321 743 moraturi
346 708 469 749 simus,
496 707 557 751 qui
583 717 699 750 neque
725 718 788 752 per
814 709 991 748 senatum,
1015 717 1132 750 neque
1157 717 1222 751 per
1247 705 1441 749 Fuggeros,
1476 717 1590 750 neque
1616 717 1680 751 per
1706 705 1909 751 Capitulum

142 761 309 797 stabilem
335 760 452 796 locum
478 771 670 805 procurare
696 760 884 804 possimus.

262 816 299 850 8?
324 814 440 849 Multo
466 814 573 847 etiam
592 814 709 857 magis
735 813 916 847 conforme
942 814 998 847 est
1023 812 1214 855 religiosae
1236 814 1381 846 nostrae
1406 811 1623 857 paupertati,
1648 812 1679 846 si
1705 814 1841 846 certum
1869 823 1911 846 ac

141 870 356 914 perpetuum
381 867 484 902 nobis
508 866 626 900 locum
652 877 894 911 procuremus,
921 876 1029 910 quam
1064 865 1096 900 si
1121 865 1173 899 sic
1198 876 1493 910 permaneamus:
1528 864 1596 899 hoc
1622 864 1715 899 enim
1749 865 1786 898 in
1812 866 1911 899 statu

143 934 209 967 pro
233 920 397 956 mercede
422 920 587 955 videmur
613 919 749 954 seruire
776 919 866 954 satis
893 918 1036 953 sordide
1062 920 1098 952 et
1124 917 1252 964 ijsdem
1278 918 1355 952 fere
1389 918 1655 953 condicionibus
1686 917 1912 963 obligatoriis

142 974 201 1009 hic
228 973 430 1009 concionari
456 975 492 1007 et
510 983 665 1013 manere,
692 972 822 1016 quibus
848 972 1142 1016 praedecessores
1161 971 1429 1005 concionatores
1454 970 1646 1012 seculares,
1673 971 1734 1014 qui
1760 970 1912 1016 accipie-

142 1028 230 1062 bant
255 1039 320 1062 sua
345 1026 534 1072 stipendia,
560 1025 768 1060 seruiebant
792 1025 837 1059 ad
864 1025 1041 1059 incertum
1066 1027 1220 1070 tempus,
1248 1026 1285 1058 et
1308 1024 1346 1058 in
1370 1024 1488 1058 aliena
1514 1024 1745 1059 habitatione.

262 1081 299 1116 9‘3
326 1080 419 1115 Dum
445 1079 485 1114 P.
513 1078 734 1123 Gregorius¹
761 1078 1003 1120 concionatur,
1039 1078 1174 1123 optima
1209 1080 1266 1112 est
1299 1079 1440 1112 occasio
1474 1077 1567 1112 hanc
1592 1088 1738 1112 causam
1772 1088 1911 1122 promo-

142 1134 260 1175 uendi,
287 1133 451 1167 omnibus
477 1132 571 1167 enim
598 1135 633 1166 et
658 1131 857 1177 potissimis
883 1132 926 1166 de
952 1131 1110 1177 capitulo
1136 1130 1366 1174 gratissimus
1393 1132 1458 1172 est,
1490 1132 1525 1165 et
1550 1131 1581 1165 si
1607 1130 1691 1175 quid
1725 1130 1911 1176 impetrari

146 1186 288 1233 poterit,
315 1187 392 1232 ipse
418 1186 463 1220 ad
488 1185 556 1220 hoc
581 1186 650 1220 erit
676 1187 711 1219 et
737 1184 962 1230 aptissimum
990 1189 1026 1219 et
1050 1184 1364 1219 volenti-ssimum*³
1388 1184 1680 1218 instrumentum.

267 1240 327 1274 109
352 1239 458 1273 Forte
483 1238 610 1273 iccirco
638 1237 842 1283 Capitulum
869 1238 1044 1272 hactenus
1070 1238 1250 1283 propriam
1276 1236 1535 1271 habitationem
1570 1237 1672 1272 nobis
1706 1248 1777 1271 non
1803 1236 1909 1277 dedit,

143 1293 228 1338 quia
254 1292 442 1333 tacuimus,
469 1294 504 1326 et
530 1294 571 1326 vt
597 1291 657 1337 alij
685 1292 980 1336 praedecessores
1006 1291 1164 1326 contenti
1189 1291 1302 1325 fuisse
1328 1291 1492 1325 videmur
1526 1290 1595 1325 hac
1628 1291 1768 1325 incerta
1793 1293 1909 1324 sorte:

143 1349 181 1381 et
205 1358 284 1381 meo
310 1345 440 1380 iudicio
466 1357 535 1379 non
562 1356 753 1390 possumus
778 1344 896 1390 ipsum
922 1345 1049 1379 merito
1075 1344 1240 1390 culpare:
1266 1344 1302 1378 in
1327 1346 1495 1389 promptu
1522 1343 1615 1378 enim
1642 1343 1910 1378 excusationem

142 1399 292 1434 haberet
316 1411 358 1434 ac
384 1400 420 1433 in
446 1410 510 1433 nos
537 1398 680 1443 culpam
705 1398 872 1443 reijceret
897 1400 933 1432 et
960 1398 1078 1432 dicere
1104 1400 1236 1443 posset,
1270 1398 1343 1432 Cur
1368 1397 1561 1432 tacuistis?
1597 1397 1668 1432 Cur
1694 1396 1843 1431 consilia
1868 1408 1911 1431 ac

141 1454 379 1488 necessitates
396 1455 537 1487 vestras
563 1463 633 1486 non
658 1451 907 1497 proposuistis,
934 1451 988 1486 vti
1006 1451 1087 1497 alijs
1112 1451 1362 1486 fundatoribus
1380 1462 1578 1496 proponere
1603 1450 1754 1485 soletis?
1789 1450 1911 1494 Jgitur

142 1518 200 1541 res
226 1507 399 1541 tentanda
424 1508 480 1540 est
504 1505 540 1539 in
567 1505 727 1541 Domino.

263 1560 322 1595 119
348 1571 418 1594 non
445 1559 574 1593 desunt
600 1558 741 1592 honesti
771 1570 813 1592 ac
847 1569 979 1593 suaues
1004 1558 1100 1592 modi
1134 1557 1170 1592 in
1206 1557 1274 1592 hac
1309 1568 1418 1592 causa
1452 1557 1677 1603 procedendi,
1712 1557 1773 1600 qui
1800 1556 1909 1590 etiam

141 1616 266 1648 carent
293 1612 387 1658 omnj
414 1612 618 1657 suspicione
644 1611 838 1646 auaritiae:
874 1623 990 1656 neque
1015 1611 1108 1646 enim
1144 1611 1301 1656 ipsorum
1327 1622 1453 1644 aurum
1487 1622 1604 1655 neque
1629 1612 1818 1653 argentum
1846 1609 1909 1644 sed

142 1667 382 1701 necessariam
416 1668 558 1700 tantum
584 1665 844 1700 habitationem
879 1665 1036 1711 petimus
1071 1667 1107 1699 et
1132 1676 1238 1699 vsum
1264 1664 1373 1699 vicini
1398 1664 1550 1709 templi²
1575 1675 1644 1708 quo
1670 1663 1739 1709 ipsi
1767 1663 1909 1698 nonnisi

141 1720 325 1755 rarissime
350 1722 520 1754 vtuntur:
546 1718 765 1764 proponendi
792 1730 878 1752 vero
904 1720 940 1752 et
965 1718 1144 1753 tractandi
1170 1718 1293 1752 modos
1318 1720 1444 1763 postea
1469 1717 1670 1763 subijciam.

615 1783 752 1817 Solutio
779 1785 1072 1826 argumentorum
1099 1782 1292 1826 negatiuae
1317 1782 1443 1828 partis.

264 1843 422 1878 Primum
447 1843 499 1878 ita
525 1843 625 1877 soluo
653 1844 689 1877 et
714 1842 857 1887 quidem
884 1842 1003 1877 facile.
1046 1842 1082 1877 Si
1108 1853 1172 1876 nos
1197 1842 1300 1876 bonis
1318 1842 1432 1876 modis
1458 1843 1591 1876 etcum
1610 1841 1702 1876 bona
1721 1840 1907 1875 voluntate

143 1896 301 1942 Capituli
328 1897 472 1931 domum
489 1896 725 1938 obtineamus,
751 1908 821 1930 non
840 1895 944 1930 video
971 1907 1035 1930 cur
1050 1895 1255 1940 Capitulum
1274 1897 1398 1929 contra
1416 1894 1662 1928 fundationem
1680 1893 1909 1938 Dilinganam

144 1950 354 1985 exacerbari
379 1950 518 1984 debeat.
545 1949 627 1984 Jmo
654 1961 720 1993 ego
746 1949 863 1992 magis
890 1949 1012 1983 dubito
1040 1949 1083 1983 de
1103 1947 1302 1982 Cardinalis
1327 1947 1502 1982 facultate
1520 1947 1694 1981 fundandi
1714 1947 1910 1991 (stantibus

144 2003 326 2038 consuetis
352 2003 429 2037 eius
462 2003 577 2037 modis
613 2001 843 2047 procedendi)
872 2013 980 2046 quam
1013 2002 1056 2036 de
1090 2013 1267 2035 consensu
1303 2000 1461 2046 Capituli
1474 2001 1496 2034 ³.
1549 2000 1616 2035 Sed
1643 2003 1720 2035 esto
1745 2000 1910 2034 turbetur

145 2056 363 2101 Capitulum,
389 2056 420 2090 si
443 2059 564 2090 tamen
584 2055 785 2090 Cardinalis
803 2056 896 2090 serio
913 2055 1065 2090 fundare
1082 2055 1197 2099 possit
1214 2056 1278 2088 aut
1295 2054 1394 2096 velit,
1412 2054 1463 2088 nil
1482 2066 1562 2088 eum
1581 2053 1686 2098 plane
1706 2052 1910 2098 Capitulum

142 2109 316 2155 impedire
342 2112 471 2155 potest,
498 2111 535 2144 et
552 2109 695 2143 videtur
713 2109 870 2154 Capituli
897 2119 1092 2143 consensus
1119 2110 1258 2142 tantum
1285 2107 1465 2152 pertinere
1491 2107 1535 2142 ad
1561 2107 1650 2142 bene
1669 2108 1780 2141 esse&
1818 2106 1909 2140 Tum

144 2174 231 2198 sane
266 2167 438 2197 miserum
473 2164 570 2197 esset
603 2162 735 2196 iactum
763 2162 1037 2196 fundamentum
1065 2160 1215 2206 Collegij
1235 2159 1419 2205 Dilingani
1445 2160 1476 2195 si
1502 2160 1546 2195 ab
1573 2160 1700 2195 alienis
1725 2159 1864 2194 scilicet
1889 2172 1910 2194 a

144 2216 310 2262 Capitulo
336 2215 452 2260 magis
478 2227 584 2260 quam
611 2227 632 2250 a
658 2215 862 2250 Fundatore
888 2215 1053 2260 pendeat.
1095 2214 1141 2248 Et
1167 2225 1233 2257 ego
1259 2225 1330 2248 non
1357 2214 1533 2248 immerito
1552 2213 1715 2259 suspicor
1732 2212 1909 2247 Reueren-

145 2270 331 2304 dissimum
358 2270 464 2313 fugas
490 2280 663 2314 quaerere
688 2271 725 2303 et
750 2279 837 2303 suae
863 2280 984 2303 morae
1011 2267 1197 2302 honestam
1224 2278 1368 2302 causam
1396 2269 1520 2301 texere
1546 2269 1588 2301 vt
1613 2267 1656 2301 ob
1675 2266 1910 2301 consensum'¹

146 2322 303 2368 Capituli
328 2322 467 2357 tardius
492 2322 629 2357 fundet.
679 2322 769 2356 Tum
796 2322 916 2363 etiam,
947 2322 978 2355 si
1004 2321 1109 2355 detur
1135 2319 1300 2365 Capitulo
1326 2322 1487 2365 potestas
1512 2319 1612 2360 haec,
1639 2321 1851 2363 tantumque
1877 2320 1909 2353 ei

144 2376 324 2410 tribuatur
349 2377 390 2410 vt
416 2387 462 2409 ex
485 2375 600 2420 ipsius
626 2386 802 2410 consensu
827 2375 982 2420 pendeat
1006 2373 1077 2408 ista
1104 2373 1276 2414 fundatio,
1304 2373 1399 2418 capti
1426 2373 1558 2407 erimus
1576 2375 1612 2407 et
1629 2372 1824 2417 suspendet
1841 2383 1909 2406 non

145 2428 262 2463 solum
290 2428 516 2463 Cardinalem
550 2428 586 2463 in
621 2428 840 2470 fundatione,
877 2427 939 2462 sed
966 2429 1126 2461 nostram
1153 2438 1294 2471 quoque
1320 2437 1420 2470 spem
1445 2426 1636 2470 vtrobique
1661 2425 1849 2468 Augustae
1875 2428 1910 2459 et

144 2480 310 2525 Dilingae
329 2482 482 2516 inaniter
500 2481 676 2516 extrahet.
719 2481 833 2523 Quam
852 2480 959 2515 facile
977 2481 1071 2515 enim
1090 2482 1154 2521 est,
1174 2482 1215 2513 vt
1232 2479 1403 2522 cogitent.
1438 2479 1516 2522 Age
1533 2490 1631 2521 vero,
1649 2480 1811 2512 nostrum
1831 2489 1909 2512 con-

143 2546 288 2569 sensum
303 2537 504 2579 aucupatur
517 2534 716 2570 Cardinalis
731 2546 794 2579 pro
810 2534 1019 2568 fundatione
1034 2532 1237 2576 Dffingana,
1252 2532 1347 2566 hunc
1362 2543 1447 2575 ergo
1461 2532 1492 2566 si
1506 2542 1720 2576 suspensum
1733 2532 1909 2571 tenemus,

145 2587 238 2622 belle
256 2587 417 2633 impediti
435 2589 540 2622 erunt
558 2599 626 2623 non
644 2587 759 2622 solum
777 2586 973 2630 Dilingani,
991 2586 1054 2621 sed
1073 2586 1182 2620 etiam
1201 2585 1406 2628 Augustani
1426 2585 1681 2619 habitationem
1700 2586 1822 2629 petere
1839 2595 1909 2617 non

144 2640 337 2681 audebunt,
362 2640 430 2675 hoc
456 2640 598 2685 quidem
624 2643 732 2683 metu,
758 2652 804 2674 ne
829 2651 894 2674 nos
920 2639 1133 2674 conturbent
1151 2640 1218 2673 etc.
1262 2638 1396 2682 Jtaque
1413 2637 1623 2671 Reuerende
1641 2637 1750 2671 Pater
1766 2636 1910 2671 videtur

144 2692 232 2726 mihi
250 2693 284 2727 in
303 2694 464 2736 Domino,
490 2705 570 2728 cum
589 2693 669 2728 istis
688 2693 819 2728 astutis
837 2692 1016 2738 capitibus
1033 2692 1248 2736 tempestiue
1267 2702 1346 2725 esse
1363 2690 1540 2734 agendum
1560 2692 1595 2724 et
1612 2690 1756 2735 quidem
1775 2691 1908 2734 aperte,

145 2757 189 2779 ne
224 2749 348 2780 nostra
383 2758 482 2781 mora
517 2749 708 2791 vtramque
742 2746 886 2781 tandem
922 2757 1021 2791 spem
1048 2745 1257 2780 amittamus
1283 2743 1386 2778 vnico
1412 2746 1510 2778 metu
1536 2743 1665 2777 inutili.
1714 2742 1907 2777 Praeterea

265 2816 292 2845 a)
315 2816 379 2848 Sic;
399 2817 545 2841 volebatne
566 2817 710 2842 scribere:
729 2815 996 2842 valentissimum?
1061 2814 1090 2846 b)
1112 2815 1158 2840 Sic
1178 2816 1215 2840 H.
1235 2815 1297 2846 ipse
1317 2814 1447 2839 correxit
1466 2822 1502 2839 ex
1523 2813 1626 2839 texere
1646 2819 1700 2846 per
1719 2818 1909 2838 consensum.

268 2944 277 2963 ¹
303 2943 481 2978 Roseffius
498 2944 657 2979 familiae
671 2944 705 2979 S.
720 2945 752 2979 J.
771 2946 995 2987 augustanae
1013 2943 1175 2989 superior
1193 2945 1229 2977 et
1246 2941 1463 2977 cathedralis
1482 2941 1656 2976 ecclesiae
1674 2940 1907 2975 contionator.

265 2996 278 3016 ²
304 2996 338 3030 S.
365 2996 524 3037 Ioannis;
551 3010 585 3031 v.
612 3009 721 3043 supra
747 3010 780 3042 p.
799 2998 896 3032 516⁴.

265 3049 278 3068 ³
305 3048 503 3083 Cardinalis
528 3050 676 3084 nimium
703 3050 904 3095 expendere
929 3049 1084 3091 solebat;
1110 3049 1156 3084 cf.
1186 3050 1272 3084 Can.
1297 3047 1329 3082 V
1357 3048 1375 3082 7
1403 3048 1424 3082 8
1452 3048 1494 3082 15
1521 3047 1564 3081 31
1591 3047 1648 3081 46.

265 3103 277 3121 ⁴
304 3101 395 3135 Vide
421 3104 541 3135 tamen
571 3104 656 3137 Can.
683 3102 733 3136 IV
759 3104 839 3138 315.
