2044 3335
833 98 888 132 98.
909 97 1031 131 Martii
1060 97 1161 132 1568.
1788 97 1874 138 549

113 216 157 256 et
178 213 383 269 Episcopi
398 216 424 265 1,
459 214 659 256 nimirum
683 216 731 256 ut
762 228 862 256 suas
892 229 994 256 oues
1026 215 1186 264 uisitet,
1221 228 1321 256 suos
1354 213 1543 255 oculos
1575 212 1618 254 in
1650 225 1724 254 eas
1757 212 1876 254 sub—

110 280 302 330 leuet2‚
337 282 382 322 et
414 294 460 321 se
492 293 655 329 uerum,
689 279 818 333 pium,
853 283 896 322 et
928 280 1160 333 benignum
1184 293 1289 332 erga
1320 278 1417 320 illas
1444 277 1668 320 exhibeat:
1702 276 1876 318 easdem

112 358 190 398 per
221 358 268 386 se
301 348 344 387 et
376 359 476 386 suos
509 344 728 387 ministros
754 347 908 398 pascat
941 346 985 386 et
1016 348 1143 397 regat
1175 344 1352 398 pacifice
1385 345 1430 385 et
1459 342 1658 392 feliciter,
1690 341 1734 383 in
1766 344 1877 384 tem-

112 409 332 463 poralibus
365 413 409 452 et
440 408 749 463 spiritualibus,
784 411 833 451 ut
864 410 1026 461 nullam
1050 409 1283 462 querelam,
1317 422 1396 450 nec
1422 408 1639 450 defectum
1672 406 1875 450 habeant.

232 477 270 517 2.
305 475 586 528 Summopere
619 473 838 516 desiderat
877 474 921 515 in
963 473 1106 528 specie
1138 477 1186 516 ut
1219 472 1415 514 omnibus
1455 472 1543 514 suis
1585 471 1769 514 subditis
1801 471 1877 513 ob-

111 539 256 592 tingat
289 540 482 582 salutare
515 542 559 581 et
590 538 697 580 felix
728 539 904 593 pascha,
939 542 983 581 et
1015 539 1081 580 sui
1113 537 1273 580 subditi
1306 552 1390 579 non
1420 537 1560 579 minus
1592 536 1879 590 spiritualiter

113 619 139 646 a
172 604 341 646 Christo
383 604 634 646 reficiantur
673 603 716 645 in
749 604 946 646 Ecclesia
989 617 1116 656 quam
1157 602 1384 644 Israelitae
1425 602 1709 655 corporaliter
1750 601 1879 644 cibati

113 671 157 711 et
189 669 342 712 refecti
375 684 401 711 a
433 669 602 711 Christo
635 668 811 710 fuerunt
843 668 886 710 in
919 668 1151 711 solitudine
1165 668 1194 718 3,
1229 681 1313 708 non
1355 667 1505 721 procul
1540 668 1641 708 ante
1674 666 1834 719 pascha
1848 667 1876 709 4.

233 734 280 777 3?
314 734 383 776 Ad
415 734 495 776 hoc
518 733 796 776 obtinendum
830 735 958 787 putat
990 733 1221 787 pertinere,
1255 735 1303 774 ut
1327 745 1474 773 omnes
1506 731 1595 772 sint
1626 731 1746 773 uelut
1769 745 1879 772 unus

113 799 297 853 populus
314 799 357 840 in
375 798 629 852 Euangelio,
649 798 860 841 habentes
882 798 1135 840 unitatem
1159 797 1312 839 fidei5
1329 795 1599 839 Christianae
1617 798 1661 837 et
1678 795 1880 837 obedien-

113 864 220 905 tiam
261 863 486 906 Ecclesiae
527 862 799 913 Catholicae,
845 866 893 905 ut
935 863 1116 904 eandem
1161 861 1401 904 doctrinam
1445 860 1542 902 fidei
1590 874 1737 902 omnes
1779 874 1879 901 con-

114 930 335 977 fiteantur,
370 943 453 970 uno
477 928 605 970 corde
638 931 682 970 et
711 942 784 969 ore
807 927 1051 981 glorificent
1073 928 1210 969 Deum
1225 928 1253 977 ⁶,
1287 926 1400 968 sicut
1432 940 1567 967 unus
1600 927 1644 967 et
1675 925 1787 966 idem
1814 927 1881 966 est

113 993 336 1048 panis³7,
382 995 427 1035 et
458 992 676 1046 paschalis
709 1007 869 1046 agnus,
909 1006 1036 1045 quem
1070 1006 1217 1034 omnes
1251 990 1483 1034 Christiani
1516 990 1649 1032 edunt
1682 989 1881 1031 Paschali

114 1061 309 1112 tempore
322 1058 350 1100 8.
417 1057 485 1099 Sic
519 1057 631 1099 enim
665 1058 901 1100 Jsraelitae
933 1057 1038 1100 licet
1069 1072 1154 1100 non
1197 1059 1345 1099 essent
1377 1056 1566 1098 eiusdem
1601 1055 1774 1104 aetatis,
1808 1069 1884 1108 ge·

113 1124 241 1172 neris,
276 1125 420 1165 status
453 1125 497 1164 et
529 1122 673 1175 officij,
708 1125 854 1165 tamen
889 1123 1204 1165 conueniebant
1237 1136 1385 1164 omnes
1416 1121 1459 1163 in
1483 1120 1752 1163 confessione
1785 1119 1884 1162 fidei

116 1192 160 1231 et
199 1187 472 1230 Christianae
514 1187 756 1238 ueritatis9,
804 1191 848 1230 et
880 1187 1142 1230 unanimiter
1184 1187 1392 1229 dabant
1434 1185 1668 1239 gloriam
1712 1185 1882 1227 De010.

116 1255 161 1295 2?
194 1252 403 1295 Sinebant
435 1267 482 1295 se
515 1253 607 1306 regi
641 1253 695 1294 ab
718 1252 943 1307 Apostolis
976 1255 1020 1295 et
1051 1252 1136 1294 illis
1169 1251 1429 1294 obediebant
1461 1250 1653 1293 contenti
1685 1249 1883 1304 portione

114 1318 261 1373 panis,
304 1318 502 1372 quamuis
543 1317 760 1360 modicass
802 1318 918 1359 nullo
960 1320 1280 1367 murmurante,
1322 1317 1393 1359 uel
1425 1330 1471 1358 se
1509 1318 1752 1370 opponente
1783 1314 1883 1364 illis,

115 1383 393 1437 quantumuis
426 1386 573 1426 essent
605 1383 849 1438 imperfecti
882 1385 926 1425 et
966 1382 1330 1438 reprehensibiles
1362 1382 1416 1424 ob
1452 1381 1668 1423 defectum
1708 1379 1807 1422 fidei
1840 1384 1884 1422 et

117 1449 344 1491 charitatis
360 1449 408 1492 ¹2]

236 1517 281 1557 45³
315 1514 415 1556 Non
447 1513 620 1568 potestb
651 1528 736 1555 non
764 1513 921 1556 laetari
944 1514 1096 1556 uidens
1119 1514 1352 1555 multorum
1384 1512 1428 1554 in
1450 1512 1573 1554 uobis
1596 1511 1885 1554 constantiam

118 1582 162 1622 et
193 1580 321 1621 fidem
354 1579 527 1629 fortem,
562 1579 633 1631 qui
667 1593 762 1621 cum
803 1578 896 1633 ipso
930 1579 1010 1621 hoc
1051 1578 1294 1633 periculoso
1335 1581 1532 1632 tempore
1572 1576 1812 1631 persistunt
1843 1575 1886 1617 in

117 1644 285 1687 unitate
315 1647 360 1686 et
392 1644 661 1698 synceritate
685 1643 891 1697 antiquae
912 1644 1011 1686 fidei
1045 1646 1089 1686 et
1111 1643 1356 1686 obedientia
1379 1641 1627 1685 Catholicae
1650 1641 1884 1683 Ecclesiae.

115 1710 230 1752 Nam
261 1709 324 1753 ita
347 1710 543 1752 Christus
576 1709 708 1752 etiam
741 1710 856 1751 haud
890 1709 1016 1751 dubie
1043 1713 1217 1763 gratum
1251 1708 1415 1759 habuit,
1450 1711 1495 1751 et
1526 1707 1740 1762 probauit,
1775 1706 1886 1759 quod

117 1776 300 1829 populus
332 1775 375 1816 in
408 1775 489 1817 hoc
511 1775 752 1828 Euangelio
776 1774 919 1817 triduo
943 1777 1142 1817 maneret
1164 1775 1372 1817 secum13.
1428 1775 1471 1816 25³
1497 1773 1608 1826 quod
1631 1774 1888 1825 sequeretur

116 1854 192 1894 per
209 1854 343 1891 mare,
367 1842 411 1883 et
432 1843 639 1895 pergeret
660 1840 703 1882 in
726 1839 1015 1889 solitudinem,
1039 1839 1111 1881 ubi
1129 1853 1312 1893 magnus
1332 1841 1428 1881 erat
1446 1838 1642 1880 defectus
1664 1836 1886 1891 pecuniae,

115 1905 254 1960 panis,
289 1908 334 1948 et
366 1906 555 1947 omnium
589 1905 904 1948 uictualium14.
961 1907 1007 1947 3?
1030 1905 1142 1958 quod
1175 1919 1260 1946 non
1295 1906 1470 1946 curaret
1503 1901 1889 1945 contradictionem

116 1974 160 2013 et
182 1971 507 2025 persecutiones
540 1973 584 2014 et
607 1970 845 2013 calumnias
867 1970 1218 2025 pharisaeorum:
1253 1969 1367 2023 quod
1389 1968 1546 2011 soliciti
1580 1970 1726 2010 essent
1748 1966 1888 2020 magis

115 2037 169 2079 de
211 2036 304 2079 cibo
347 2036 552 2087 animae⁰‚
596 2051 725 2090 quam
768 2036 974 2091 corporis.
1039 2036 1165 2078 Vnde
1206 2049 1318 2077 nunc
1350 2033 1755 2077 Reuerendissimus
1795 2033 1888 2085 agit

115 2101 282 2156 gratias
315 2102 406 2144 Deo
441 2116 535 2144 cum
569 2102 702 2144 Paulo
736 2102 888 2144 uidens
920 2102 1129 2144 bonorum
1162 2101 1205 2142 in
1237 2101 1321 2143 fide
1352 2100 1619 2149 firmitatem,
1656 2097 1769 2151 quod
1801 2111 1886 2139 non

114 2170 215 2210 sunt
253 2167 366 2209 sicut
404 2167 711 2209 arundines
753 2167 895 2221 campi
937 2166 1211 2220 agitati15,
1257 2179 1398 2219 neque
1441 2165 1552 2207 sicut
1586 2163 1708 2218 pueri
1749 2162 1886 2204 fluc-

114 2232 384 2283 tuantesd‚
419 2231 842 2274 schwimmende
873 2231 1074 2274 kinder
1099 2246 1204 2274 von
1235 2231 1426 2285 yedem
1448 2230 1591 2272 wind
1623 2229 1711 2270 der
1742 2228 1886 2269 lehre

113 2298 464 2348 umbefurtffi,
519 2297 595 2339 sed
647 2297 760 2339 sicut
806 2297 1144 2340 columnae17
1196 2297 1468 2339 fundatae
1501 2308 1671 2348 supra
1716 2294 1885 2335 firmam

233 2373 261 2405 a)
285 2373 357 2398 Tria
379 2380 420 2398 vv.
443 2380 501 2404 sqq.
522 2380 540 2397 α
563 2373 694 2398 Guisano
719 2373 751 2397 ‘in
772 2373 904 2404 marqine
931 2373 1035 2398 addita
1060 2375 1137 2397 sunt.
1246 2370 1277 2404 b)
1299 2372 1468 2403 Sequuntur
1487 2379 1529 2395 vv.
1551 2376 1616 2395 cum
1638 2367 1771 2400 Christo,
1796 2368 1887 2393 oblitt.

115 2420 140 2451 c)
162 2421 301 2452 Sequitur
320 2426 424 2452 corpo,
444 2420 534 2444 oblitt.
610 2419 640 2452 d)
661 2420 753 2446 Verba
772 2421 952 2451 yermanica,
972 2427 1045 2451 quae
1065 2422 1238 2452 sequuntur,
1257 2419 1293 2444 ab
1312 2419 1375 2450 ipso
1397 2419 1425 2443 C.
1451 2418 1479 2442 in
1501 2417 1632 2448 margine
1652 2416 1755 2440 addita
1774 2417 1851 2439 sunt.

236 2508 245 2527 ¹
274 2508 289 2542 1
320 2507 406 2541 Petr
432 2507 464 2547 2,
490 2508 547 2541 25.
696 2507 708 2527 ²
733 2507 770 2541 lo
796 2507 828 2545 6,
856 2508 897 2547 5;
924 2506 969 2540 cf.
998 2506 1047 2540 Lc
1074 2507 1105 2545 6,
1132 2506 1188 2540 20.

234 2561 246 2580 ³
273 2560 326 2595 Cf.
353 2560 409 2595 Mt
438 2560 491 2602 14,
519 2560 564 2595 20
590 2560 656 2600 21;
683 2560 741 2594 Mc
768 2560 799 2600 6,
826 2560 987 2600 42—-44;
1014 2559 1063 2593 Lc
1090 2560 1121 2599 9,
1151 2560 1213 2599 17;
1241 2559 1278 2593 Io
1305 2559 1336 2599 6,
1366 2558 1515 2592 11—14.

232 2615 245 2634 4
273 2612 326 2648 Cf.
352 2613 390 2647 Io
417 2614 448 2655 6,
476 2615 509 2648 4.
657 2614 670 2633 ⁵
695 2613 773 2657 Eph
800 2614 833 2653 4,
862 2612 917 2647 13.
1065 2613 1077 2632 ⁶
1105 2612 1158 2646 Cf.
1186 2611 1274 2646 Rom
1306 2612 1358 2653 15,
1385 2611 1417 2645 6.
1564 2610 1576 2630 ⁷
1605 2610 1621 2644 1
1651 2608 1719 2643 Cor
1747 2608 1800 2650 10,
1829 2609 1885 2643 17.

234 2668 246 2687 ³
273 2667 326 2701 Cf.
353 2666 409 2701 Ex
437 2667 492 2709 12,
521 2667 657 2708 1-11;
687 2667 702 2701 1
733 2666 801 2701 Cor
827 2667 858 2708 5,
886 2667 905 2700 7
933 2666 965 2700 8.
1112 2666 1125 2685 ⁹
1153 2665 1205 2700 Cf.
1234 2665 1270 2699 Io
1297 2665 1329 2706 6,
1358 2665 1413 2699 14.

221 2721 245 2740 ¹⁰
270 2720 320 2755 Lc
347 2720 401 2761 17,
430 2720 484 2755 18.
535 2720 573 2754 Io
599 2721 632 2762 9,
658 2720 714 2755 24.
765 2719 855 2754 Rom
881 2720 913 2761 4,
941 2719 986 2754 20
1012 2720 1080 2753 etc.

218 2775 243 2794 ¹¹
270 2774 346 2809 Hoc
373 2774 466 2808 dixit
486 2774 656 2809 Canisius
673 2774 848 2808 adversus
875 2784 946 2814 eos,
973 2773 1045 2817 qui,
1070 2784 1141 2806 non
1159 2771 1317 2806 contenti
1343 2782 1436 2816 pane
1460 2769 1709 2811 eucharistico,
1736 2769 1885 2804 calicem

112 2838 255 2862 sacrum
280 2827 325 2862 ab
352 2827 526 2862 ecclesiae
551 2827 727 2861 ministris
752 2826 996 2872 postulabant.
1044 2826 1099 2860 Ita
1124 2825 1160 2860 in
1188 2825 1346 2859 eiusdem
1374 2824 1548 2859 contionis
1573 2825 1675 2869 parte
1701 2823 1816 2868 prima
1842 2822 1885 2856 de

112 2881 287 2915 Israelitis
313 2880 385 2915 illis
411 2881 602 2915 *dixeram
643 2879 775 2923 „Nemo
811 2879 908 2921 dicit,
944 2891 1007 2913 cur
1033 2878 1121 2913 mihi
1155 2878 1220 2913 das
1254 2888 1383 2924 panem
1415 2879 1567 2919 tantum,
1603 2878 1638 2911 et
1673 2888 1743 2910 non
1778 2875 1885 2910 etiam

111 2933 242 2968 bonum
269 2933 416 2968 calicem
444 2933 503 2968 uel
528 2933 698 2967 haustum
709 2934 748 2967 ‘?“
782 2932 836 2975 (L.
856 2945 885 2967 c.
904 2932 928 2966 f.
948 2931 1038 2975 501³.)

218 2987 244 3007 ¹2
271 2987 325 3023 Cf.
351 2987 407 3021 Mt
435 2987 488 3028 14,
517 2988 674 3026 15—17;
703 2986 762 3020 Mc
789 2987 820 3027 6,
848 2986 988 3020 36-38
1014 2988 1082 3019 etc.
1232 2985 1259 3005 ¹3
1285 2983 1339 3018 Cf.
1365 2984 1419 3018 Mt
1447 2984 1500 3026 15,
1529 2984 1592 3025 32;
1620 2983 1680 3017 Mc
1704 2983 1736 3024 8,
1764 2983 1796 3016 2.

219 3041 244 3061 ¹4
270 3040 324 3075 Cf.
351 3040 407 3074 Mt
434 3041 489 3081 14,
518 3039 676 3080 13—18;
703 3040 762 3074 Mc
788 3040 820 3080 6,
848 3039 989 3074 31—38
1015 3041 1083 3073 etc.
1232 3038 1260 3059 ¹⁵
1285 3038 1340 3072 Mt
1368 3038 1421 3079 11,
1449 3038 1480 3072 7.
1531 3037 1580 3072 Lc
1607 3038 1637 3079 7,
1665 3037 1720 3071 24.

220 3094 246 3114 ¹⁶
272 3093 351 3138 Eph
376 3094 409 3135 4,
438 3094 491 3128 14.
642 3093 668 3113 ¹⁷
695 3093 752 3127 Ier
781 3093 810 3134 1,
840 3093 893 3127 18.
948 3092 1015 3127 Gal
1041 3093 1072 3134 2,
1100 3092 1132 3127 9.
1183 3092 1261 3137 Apc
1287 3093 1320 3133 3,
1349 3092 1402 3126 12.
