2044 3335
135 104 219 144 272
628 102 730 136 1624.
764 102 801 135 Ρ.
831 101 1036 146 Alphonsus
1063 100 1217 136 Pisanus
1245 102 1398 137 Canisio.

132 220 175 261 in
218 221 296 262 hoc
338 220 373 261 si
409 220 503 273 quis
536 220 767 262 Consilium
807 222 943 273 petat,
986 219 1172 261 dicerem
1214 224 1259 263 et
1290 222 1558 263 consulerem
1593 222 1895 272 obedientiam,

133 285 209 326 sed
249 285 283 326 si
326 299 410 326 non
452 285 631 335 faceret,
675 299 758 325 non
802 284 1110 334 examinarem,
1154 299 1239 326 non
1279 300 1494 339 urgerem,
1538 286 1574 327 si
1608 286 1659 328 de
1690 286 1764 328 illo
1797 301 1897 329 con-

131 352 370 397 fiterentur,
413 363 518 391 suae
550 349 648 391 illos
681 349 971 391 conscientiae
1013 349 1300 402 relinquerem
1342 350 1384 392 in
1416 351 1497 393 hac
1539 353 1677 405 parte.
1707 351 1895 406 jdipsum

133 414 226 456 dico
271 415 322 455 de
365 414 487 455 libris
531 414 955 464 Controuersiarum,
1003 414 1334 457 defendentibus
1379 415 1637 458 catholicam
1681 416 1807 458 fidem
1852 416 1894 458 in

132 479 279 532 lingua
312 479 483 531 vulgari
499 480 524 520 1.

250 543 369 592 Quod
411 544 464 585 ad
506 544 675 592 Ferum,
717 543 959 585 Lorichium
995 544 1247 586 lVicelium²¹
1288 548 1331 588 et
1372 545 1535 587 similes
1576 545 1756 596 attinet,
1800 560 1894 587 cum

131 608 341 650 Catholici
373 611 474 650 sunt
506 611 694 659 autores,
739 611 783 650 et
815 609 925 657 libri,
969 609 1167 661 quamuis
1207 610 1250 651 in
1294 610 1547 662 quibusdam
1592 612 1751 661 errent,
1795 624 1896 652 con-

130 676 279 715 tentus
312 687 450 715 essem
483 688 671 724 monere,
715 677 763 716 ut
796 676 921 715 caute
954 674 1169 726 legantur,
1214 678 1258 717 et
1291 675 1325 716 si
1358 675 1451 716 fieri
1483 678 1643 729 posset,
1679 675 1897 730 judicaret

131 737 442 788 Confessarius,
476 738 518 779 in
552 739 704 791 quibus
727 738 922 781 articulis
956 739 998 779 hi
1027 742 1203 781 autores
1226 740 1431 781 aberrare
1455 740 1637 791 soleant,
1672 754 1778 793 quos
1812 755 1895 782 non

131 803 219 844 scio
252 817 347 844 esse
379 817 566 856 vnquam
602 804 840 857 prohibitos
853 805 881 845 2.

250 887 277 908 al
304 885 363 908 Hoc
391 892 413 909 ι’.
434 893 451 908 a
471 885 530 909 Pis.
551 892 643 915 supra
666 892 780 909 versum
800 884 941 915 seriptum
963 888 1013 910 est.

254 968 263 987 ¹
291 968 341 1001 De
369 967 423 1001 his
450 968 553 1009 idem,
581 967 673 1011 quod
701 967 743 1001 de
771 967 897 1001 Bibliis
925 967 1064 1010 vulgari
1092 967 1216 1011 lingua
1242 968 1387 1013 scriptis
1413 970 1588 1002 statutum
1617 971 1682 1009 est,
1713 968 1896 1003 observari

133 1020 231 1055 iubet
257 1021 384 1054 indicis
412 1021 465 1054 Pii
492 1020 553 1055 IV.
580 1020 720 1064 Regula
739 1021 788 1054 VI
817 1020 854 1064 (1.
874 1032 902 1054 c.
924 1020 1029 1063 249);
1057 1020 1103 1055 cf.
1126 1022 1213 1055 Can.
1233 1021 1283 1055 IV
1303 1022 1390 1060 7442
1417 1021 1450 1056 V
1468 1022 1524 1056 37.

250 1074 263 1093 2
290 1074 439 1107 loannes
466 1074 577 1108 Ferus
612 1074 690 1108 sive
709 1073 807 1107 Wild
838 1074 1106 1117 (1495—1554)
1144 1074 1288 1115 suebus,
1324 1075 1456 1108 ordinis
1483 1075 1662 1108 Minorum
1698 1074 1740 1108 de
1766 1073 1895 1108 Obser-

131 1127 265 1167 vantia,
292 1126 445 1170 insignis
471 1128 695 1161 contionator
719 1128 952 1170 moguntinus
978 1127 1257 1172 praeclarusque
1283 1127 1366 1161 fidei
1393 1127 1589 1162 catholicae
1618 1127 1793 1168 defensor,
1819 1127 1894 1172 plu-

130 1180 220 1213 rima
246 1182 321 1213 tum
342 1181 545 1223 germanice
571 1183 646 1214 tum
673 1180 783 1214 latine
803 1180 1025 1224 conscripsit,
1054 1192 1166 1224 eaque
1192 1181 1417 1226 potissimum
1443 1181 1639 1215 homiletici
1665 1182 1701 1214 et
1719 1180 1895 1223 exegetici

130 1233 292 1275 generis;
320 1245 364 1266 ex
392 1233 522 1276 quibus
547 1233 660 1267 multa
688 1233 800 1267 inscio
827 1235 973 1267 auctore
1001 1233 1059 1267 vel
1087 1235 1163 1278 ipso
1191 1236 1329 1268 mortuo
1355 1233 1455 1279 typis
1479 1234 1630 1277 vulgata
1656 1236 1756 1274 sunt;
1785 1244 1894 1277 quare

131 1287 260 1319 mirum
277 1298 347 1320 non
367 1289 432 1328 est,
451 1286 542 1330 quod
562 1286 638 1320 eius
657 1286 737 1320 libri
757 1306 801 1309 -—
817 1286 937 1320 verbis
955 1288 1036 1320 utor
1053 1288 1099 1320 H.
1116 1288 1255 1321 Hui-ter
1274 1287 1308 1321 S.
1321 1287 1352 1321 J.
1375 1287 1644 1330 (Nomenclator
1662 1287 1711 1320 11³
1728 1286 1833 1330 1489)
1851 1305 1893 1310 --

135 1339 248 1381 „haud
284 1351 399 1384 pauca
435 1341 620 1374 continent
646 1351 738 1384 quae
765 1339 882 1373 minus
909 1342 1080 1374 accurata
1116 1343 1151 1374 et
1176 1339 1368 1374 haereticis
1403 1340 1566 1374 faventia
1592 1340 1788 1383 rigidorum
1815 1350 1894 1372 cen-

131 1404 251 1426 sorum
278 1392 590 1437 reprehensionem
618 1393 877 1433 incur1·erint“;
913 1393 963 1427 ita
991 1393 1067 1427 eius
1094 1393 1388 1427 commentarium
1426 1393 1461 1427 in
1488 1393 1725 1436 Evangelium
1752 1392 1894 1427 Ioannis

129 1457 159 1479 a.
180 1446 265 1480 1551
296 1446 478 1480 Sorbonna
504 1446 538 1479 10
558 1446 719 1488 „Indice“
749 1457 813 1480 suo
840 1445 960 1490 posuit
986 1448 1022 1479 et
1048 1458 1078 1480 a.
1097 1447 1188 1480 1554
1206 1446 1413 1480 Dominicus
1440 1458 1460 1480 a
1486 1447 1569 1481 Soto
1596 1447 1686 1480 libro
1712 1445 1894 1479 Salaman-

130 1499 221 1533 ticae
261 1499 355 1533 edito
394 1499 517 1533 multis
554 1500 753 1533 rationibus
792 1499 1033 1543 vituperavit;
1072 1500 1226 1544 denique
1266 1499 1431 1534 Clemens
1459 1499 1554 1534 VIII.
1590 1500 1710 1534 Iudice
1748 1510 1893 1533 romano

129 1564 159 1586 a.
182 1553 270 1587 1596
307 1553 400 1586 edito
427 1553 545 1586 omnia
581 1553 657 1586 eius
684 1564 800 1597 opera,
837 1553 961 1592 paucis
996 1554 1170 1597 exceptis,
1205 1552 1397 1598 prohibuit,
1430 1553 1560 1596 „donec
1596 1553 1890 1587 emendarentur“

131 1605 225 1649 (Nic.
252 1607 400 1649 Paulus,
427 1605 568 1640 Johann
588 1605 698 1646 Wild,
725 1605 819 1639 Koln
848 1606 948 1647 1893,
975 1606 1125 1640 68—78.
1171 1606 1235 1639 Die
1262 1608 1401 1640 Indices
1428 1608 1494 1640 etc.
1523 1607 1601 1640 559.
1647 1608 1721 1640 Jos.
1750 1607 1895 1649 Hilyers

130 1658 164 1692 S.
194 1659 238 1700 J„
278 1659 348 1693 Der
386 1659 499 1693 Index
537 1659 599 1693 der
634 1659 852 1693 verbotenen
890 1659 1041 1700 Biicher,
1081 1659 1255 1703 Freiburg
1292 1660 1314 1693 i.
1341 1660 1399 1693 ΒΓ.
1429 1660 1530 1701 1904,
1570 1660 1666 1704 520).
1719 1659 1894 1702 Georgius

130 1711 304 1746 Wicelius
342 1712 419 1746 sive
446 1712 579 1746 Witzel
610 1714 766 1754 „senior“
800 1712 905 1755 (1501
935 1711 1008 1756 [vel
1037 1712 1305 1756 1503J—1573)
1339 1724 1436 1753 saxo,
1473 1712 1621 1747 Lutheri
1653 1714 1688 1747 et
1714 1712 1894 1746 Melanch-

128 1765 248 1800 thonis
276 1766 482 1810 discipulus,
510 1778 554 1800 ex
581 1766 766 1800 sacerdote
793 1765 969 1800 catholico
988 1765 1152 1800 minister
1178 1766 1390 1800 lutheranus
1418 1766 1578 1808 effectus,
1605 1766 1666 1800 sed
1686 1766 1786 1800 brevi
1814 1768 1893 1810 post

131 1818 305 1853 ecclesiae
337 1819 600 1862 reconciliatus,
636 1831 699 1864 pro
736 1831 777 1853 ea
812 1819 922 1853 libros
959 1820 1034 1853 fere
1062 1819 1129 1854 100
1157 1818 1425 1862 (catecheticos‚
1461 1819 1663 1864 polemicos,
1701 1818 1890 1863 asceticos)

133 1873 354 1916 conscripsit,
390 1872 424 1906 in
462 1873 591 1916 quibus
617 1876 738 1907 tamen
774 1884 1029 1916 nonnunquam
1063 1872 1170 1906 nimis
1205 1872 1318 1906 multa
1356 1873 1640 1917 protestantibus
1676 1872 1893 1906 concedebat

130 1924 180 1966 (ν.
204 1926 289 1959 Can.
309 1926 463 1967 1588³);
490 1937 603 1970 neque
621 1928 742 1960 tamen
760 1937 918 1969 unquam
944 1926 1021 1960 eius
1048 1937 1174 1959 nomen
1201 1926 1236 1959 in
1261 1926 1416 1960 Indicem
1435 1937 1621 1959 romanum
1647 1925 1801 1959 relatum
1827 1927 1891 1967 est,

128 1978 197 2011 nisi
224 1979 316 2022 quod
344 1990 373 2013 a.
395 1980 485 2014 1590
511 1979 544 2012 in
573 1980 692 2013 Iudice
719 1979 811 2013 Sixti
832 1979 884 2019 V.,
919 1978 979 2022 qui
1006 1979 1078 2012 vim
1105 1979 1197 2022 legis
1222 1990 1404 2022 nunquam
1432 1978 1567 2020 habuit,
1604 1978 1782 2023 prohibita
1808 1980 1892 2012 sunt

133 2030 298 2075 „Georgii
313 2032 488 2066 Wiccellii
506 2044 623 2076 opera,
651 2044 742 2076 quae
769 2032 924 2077 scripsit.
952 2032 1035 2066 dum
1053 2032 1258 2066 haereticus
1276 2033 1363 2072 fuit;
1391 2031 1529 2076 reliqua
1548 2044 1633 2065 vero
1721 2031 1891 2075 quamdiu

152 2113 157 2118 .
173 2112 178 2118 .
206 2086 391 2128 recognita
416 2098 484 2119 non
512 2086 664 2119 fuerint“
690 2085 771 2130 (Die
790 2087 929 2119 Indices
947 2088 1015 2120 etc.
1033 2085 1133 2129 484).
1170 2084 1269 2126 Quod
1288 2085 1440 2129 denique
1466 2086 1510 2119 ad
1528 2085 1732 2119 Lorichium
1751 2085 1890 2125 attinet,

129 2138 212 2182 quia
239 2137 388 2172 Gerar-di
416 2142 451 2173 et
477 2139 671 2173 Reinhardi
699 2139 943 2173 Lorichiorum
971 2139 1268 2172 Hadainariorum
1296 2139 1377 2172 libri
1404 2150 1528 2172 omnes
1555 2139 1590 2172 in
1617 2138 1738 2172 Indice
1757 2138 1811 2171 Pii
1830 2138 1889 2172 IV.

127 2191 232 2236 plane
268 2192 435 2237 prohibiti
471 2195 555 2226 sunt
583 2192 620 2235 (l.
648 2204 678 2226 c.
706 2193 773 2227 263
807 2192 903 2235 277),
939 2192 1089 2226 Iodocus
1124 2194 1245 2226 autem
1280 2191 1469 2226 Lorichius
1504 2192 1660 2226 nondum
1695 2192 1889 2235 quidquam

129 2245 299 2284 ediderat,
335 2245 498 2288 equidem
531 2257 658 2279 censeo
695 2245 897 2279 dubitatum
930 2256 1009 2279 esse
1045 2245 1087 2278 de
1121 2245 1252 2278 Ioanne
1278 2245 1442 2279 Lorichio
1468 2245 1685 2279 Hadamario
1715 2245 1750 2286 (†
1771 2244 1889 2287 1569),

127 2297 321 2332 Reinhardi
348 2298 500 2332 Lorichii
536 2311 580 2332 ex
606 2299 718 2332 fratre
744 2301 884 2343 nepote,
920 2299 980 2342 qui
1007 2310 1038 2332 a.
1060 2299 1149 2332 1543
1177 2298 1371 2341 Marburgo
1398 2298 1656 2342 Ingolstadium
1685 2298 1795 2337 venit,
1829 2297 1887 2331 ubi

126 2351 266 2385 litteras
293 2363 442 2395 graecas
468 2352 588 2385 docuit
623 2354 667 2393 et,
704 2352 733 2386 si
766 2364 835 2386 non
862 2351 1004 2393 diutius,
1041 2363 1155 2395 usque
1191 2352 1235 2385 ad
1262 2364 1293 2385 a.
1316 2352 1405 2386 1552
1431 2353 1573 2392 mansit,
1609 2354 1733 2396 postea
1768 2353 1888 2384 autem

128 2405 231 2438 miles
258 2408 294 2438 et
320 2405 501 2439 Guilielmi
528 2405 804 2439 Arausionensis
831 2404 1001 2449 principis
1027 2405 1244 2438 secretarius
1271 2406 1432 2439 evasisse
1468 2406 1503 2438 et
1529 2405 1564 2438 in
1591 2404 1708 2439 Gallia
1734 2404 1799 2437 sub
1826 2403 1888 2437 Co-

127 2457 236 2500 lignio
262 2469 324 2502 pro
352 2458 569 2501 Hugonottis
595 2469 776 2502 pugnasse
802 2459 934 2499 fertur;
972 2458 1041 2501 qui,
1071 2461 1214 2502 praeter
1240 2458 1321 2499 alia,
1348 2457 1438 2492 haec
1463 2458 1626 2502 scripsit:
1666 2457 1801 2499 „Iobus,
1828 2468 1887 2501 pa-

125 2511 273 2544 tientiae
299 2511 556 2555 spectaculum,
590 2513 624 2545 in
652 2511 877 2545 Comoedi-am
914 2514 950 2545 et
977 2513 1107 2545 Actum
1136 2511 1316 2545 Comicum
1344 2512 1546 2551 redactus“‚
1584 2510 1769 2555 Marpurgi
1797 2510 1887 2543 1543

129 2564 217 2597 1547
246 2566 280 2596 et
307 2564 531 2598 Francofurti
557 2565 599 2598 ad
620 2565 786 2598 Moenum
809 2565 900 2598 1544
928 2565 1038 2604 1548;
1072 2565 1345 2608 „Aenigmatum
1371 2564 1453 2598 libri
1482 2565 1564 2605 III“,
1592 2563 1817 2597 Francofurti
1843 2564 1886 2597 ad

127 2616 290 2649 Moenum
313 2618 420 2657 1545;
453 2618 720 2659 „Iul-econsulti.
757 2617 954 2661 Catalogus
973 2618 1319 2652 Iureconsultorum⁸⁴
1342 2617 1499 2651 carmine
1518 2616 1699 2661 descripti,
1723 2616 1886 2651 Basileae

128 2670 236 2705 1545:
279 2669 557 2711 „Grammatices
584 2671 733 2704 Latinae
761 2671 1050 2711 Commentarii“,
1077 2671 1287 2714 Ingolstadii
1316 2671 1402 2705 1551
1436 2670 1544 2710 1570:
1580 2670 1709 2704 librum
1746 2681 1886 2714 quoque

131 2721 462 2762 „Ecclesiasticum“
506 2724 717 2767 ingolstadii
756 2737 786 2758 a.
818 2725 908 2758 1544
944 2724 1109 2758 versibus
1145 2723 1457 2768 comprehendisse
1495 2723 1609 2757 fertur
1648 2724 1750 2765 (Chr.
1781 2725 1883 2757 Gottl.

127 2775 284 2817 Joecher,
312 2775 555 2817 Allgemeines
583 2776 950 2811 Gelehrtcn·Lexicon
978 2778 1019 2819 11,
1048 2777 1194 2821 Leipzig
1218 2778 1318 2818 1750,
1346 2776 1592 2810 2532—2533.
1627 2778 1789 2810 Mederer
1815 2776 1836 2810 l.
1857 2788 1884 2810 0.

127 2827 141 2859 I
169 2827 247 2860 231.
288 2829 415 2861 Prmztl
441 2829 462 2861 l.
491 2842 520 2862 c.
549 2830 581 2862 11
606 2831 687 2864 494.
727 2832 769 2864 F.
796 2832 846 2865 W.
871 2832 914 2864 E.
934 2831 1036 2875 Roth,
1064 2830 1129 2864 Die
1157 2829 1487 2864 Gelehrtenfamilie
1514 2830 1698 2864 Lorichius
1724 2841 1788 2864 aus
1814 2829 1884 2863 Ha-

128 2880 260 2919 damar,
296 2881 329 2913 in
361 2882 621 2923 „Uenti-alblatt
655 2884 712 2916 fiir
744 2883 1111 2918 Bibliotliekswesen“
1140 2883 1200 2925 XI,
1236 2883 1382 2927 Leipzig
1410 2882 1509 2922 1894,
1539 2883 1757 2927 380—383).
1809 2882 1883 2916 Cle-

126 2944 227 2966 mens
241 2933 337 2967 VIII.
373 2934 492 2967 Indice
520 2936 657 2969 a.1596
684 2936 778 2969 edito
805 2948 927 2970 omnes
954 2937 1096 2970 Ioannis
1122 2936 1276 2970 Lorichii
1302 2936 1413 2970 libros
1439 2936 1620 2980 prohibuit
1647 2936 1728 2980 (Die
1747 2937 1884 2970 Indices

127 2988 193 3019 etc.
222 2986 318 3028 558).
372 2986 523 3020 Lorichii
551 2988 794 3022 Grammatica
821 2990 933 3023 latina
959 3001 990 3023 a.
1013 2991 1102 3024 1560
1139 3001 1160 3023 a
1186 2989 1369 3023 sodalibus
1396 2988 1539 3032 collegii
1564 2989 1789 3023 monacensis
1815 2989 1883 3022 dis-

126 3038 253 3083 cipulis
279 3040 526 3083 explicabatur
555 3041 586 3081 (÷÷
603 3042 839 3075 Theodoricns
868 3044 1035 3076 Canisius
1070 3043 1197 3076 Iacobo
1225 3042 1347 3076 Lainio
1373 3042 1576 3086 praeposito
1603 3042 1772 3086 generali,
1808 3042 1882 3075 Mo-

125 3091 252 3125 nachio
279 3092 333 3125 25.
362 3092 482 3125 Martii
513 3093 620 3132 156ος
649 3096 807 3137 autogr.:
836 3095 876 3129 G.
898 3095 960 3139 Ep.
990 3096 1003 3128 I
1031 3096 1172 3139 (2120).
