2044 3335
758 83 903 127 Dilinga
931 83 985 117 15.
1004 82 1092 117 Maii
1118 81 1220 116 1569.
1791 81 1876 122 323

111 202 292 245 accedat
332 201 544 256 Principis
585 201 843 252 Bauariae1‚
887 215 1014 254 quem
1055 202 1275 255 expectat.
1341 198 1466 241 Vnde
1507 197 1700 252 gaudent
1742 197 1879 240 nostri

109 267 402 317 uehementer,
436 266 517 308 hoc
541 280 685 317 onere,
719 267 833 319 quod
855 269 1114 320 perpetuum
1137 279 1232 307 esse
1256 264 1440 319 primum
1463 263 1636 316 quidam
1659 263 1879 313 uolebant,

110 346 189 374 nos
230 332 452 378 commode
494 335 538 374 et
580 345 677 373 cum
717 331 863 384 gratia
903 332 1136 373 liberatum
1178 330 1243 380 iri,
1286 331 1335 371 ut
1375 328 1481 370 nihil
1523 328 1579 370 sit
1620 341 1799 370 necesse
1836 327 1879 369 in

110 397 374 440 Mauritiana
406 396 590 450 posthac
622 395 831 438 cathedra
862 411 941 438 nos
973 396 1186 438 laborare.

229 461 410 515 Scripsit
451 461 505 503 ad
547 475 615 503 me
647 461 854 515 Princeps
897 462 1008 515 [etc.,
1051 467 1096 503 ut
1134 475 1268 516 supra
1296 474 1340 514 p.
1365 460 1489 513 320st
1553 460 1700 502 Monui
1733 463 1880 503 autem

110 528 285 570 Patrem
318 525 430 581 [etc.,
464 532 509 568 ut
541 541 677 581 supra
705 541 747 581 p.
773 526 898 579 3:20st

229 592 381 634 Habeo
424 591 626 644 gratiam,
670 591 784 644 quod
816 591 862 633 P.
897 591 945 633 T.
979 594 1071 633 tam
1102 589 1350 632 humaniter
1382 589 1475 642 agit
1507 603 1687 641 mecum,
1732 593 1776 633 et
1808 590 1881 632 ad-

110 659 257 699 monet
290 656 343 698 de
375 656 566 698 curanda
598 655 862 705 ualetudine,
897 656 1035 709 deque
1068 655 1275 698 mutando
1308 654 1489 696 subinde
1521 655 1616 696 loco
1650 655 1782 697 animi
1813 669 1882 697 re-

111 721 287 764 creandi
309 735 453 764 causa.
498 721 671 763 Vtinam
694 720 913 764 internum
935 720 1151 762 hominem
1174 734 1254 773 ego
1277 719 1361 761 rite
1385 733 1536 761 curare
1560 722 1603 762 et
1625 733 1882 773 promouere

110 801 294 842 possem,
319 786 492 829 adiutus
514 786 772 840 praesertim
794 786 994 841 precibus
1012 786 1059 829 T.
1080 786 1126 828 Ρ.
1146 785 1300 838 quibus
1322 798 1390 826 me
1408 785 1661 826 commendo
1679 785 1880 829 maxime.

228 852 420 894 Judocus
453 855 497 894 et
528 851 752 893 Cornelius
784 851 877 893 heri
910 865 1067 893 uenere
1089 850 1311 903 Dilingam
1343 849 1451 891 duce
1474 849 1643 892 Christo
1658 849 1685 893 2.
1736 850 1783 893 P.
1806 850 1883 892 Jo-

111 918 296 959 annem3
317 917 507 970 Anglum
541 919 739 970 expecto,
774 919 822 959 ut
854 917 1016 958 socium
1050 915 1304 965 studiorum,
1339 914 1440 968 quia
1480 915 1712 968 grandis
1753 915 1884 957 mihi

110 985 296 1025 restat
328 981 457 1032 uia4,
492 984 541 1023 ut
573 981 803 1035 expediam
836 982 950 1034 quod
971 981 1154 1031 institui,
1189 982 1233 1022 et
1255 993 1362 1033 egeo
1385 980 1588 1034 subsidijs
1620 980 1663 1021 in
1695 980 1776 1023 hac
1802 981 1883 1022 im-

110 1047 362 1089 becillitate.
425 1046 637 1089 Dominus
669 1046 904 1090 nobiscum.

231 1112 477 1154 Gaudemus
495 1112 547 1153 de
564 1112 686 1154 facta
704 1125 800 1153 curn
815 1112 1042 1154 Cardinale
1066 1114 1110 1154 et
1126 1111 1359 1153 fundatore
1377 1111 1515 1153 nostri
1534 1110 1730 1164 collegij5
1747 1111 1881 1165 stipu—

109 1177 286 1228 latione,
321 1179 365 1220 et
386 1190 610 1231 speramus
634 1177 903 1219 dotationem
925 1177 1270 1219 subsecuturam.
1315 1175 1518 1229 Dilingae
1545 1177 1596 1218 15
1614 1176 1718 1229 Maij
1738 1178 1882 1219 .1569.

891 1254 941 1296 R.
976 1254 1023 1296 P.
1058 1254 1106 1296 T.

1017 1324 1234 1378 Jndignus
1265 1323 1378 1365 filius
1411 1324 1505 1366 Pet.
1531 1323 1762 1367 Canisiusst.

231 1412 508 1455 Colonienses
541 1412 680 1455 nostri
712 1427 873 1466 magna
906 1426 1011 1454 cura
1043 1413 1327 1466 collegerunt,
1361 1414 1406 1453 et
1429 1426 1484 1453 ex
1516 1415 1643 1466 parte
1675 1412 1761 1455 iam
1795 1413 1885 1455 edi-

112 1478 268 1520 derunt
301 1478 543 1532 scripturae
585 1480 629 1520 et
661 1478 842 1520 Patruin
876 1477 1181 1528 authoritates,
1225 1491 1335 1530 quae
1368 1477 1411 1518 in
1445 1477 1705 1519 Catechismi
1745 1479 1885 1522 nostri

109 1543 379 1597 marginibus
411 1545 677 1586 annotantur
689 1544 717 1586 6.
782 1543 851 1585 Sic
884 1543 997 1585 enim
1030 1543 1112 1585 uiri
1143 1543 1245 1585 boni
1277 1542 1595 1594 desiderabant,
1640 1546 1688 1586 ut
1720 1544 1763 1585 in
1795 1545 1883 1587 lec—

108 1611 251 1650 torum
294 1612 339 1651 et
371 1608 718 1651 contionatorum
751 1608 941 1662 gratiam
974 1608 1212 1663 separatim
1246 1611 1290 1651 et
1322 1607 1493 1661 integre
1530 1609 1798 1664 transcripta
1830 1624 1883 1653 ea

108 1674 230 1716 locab
262 1688 337 1716 seu
372 1673 623 1716 testimonia
655 1673 1050 1717 circumferrentur.
1114 1674 1277 1716 Petunt
1316 1673 1505 1727 insuper,
1547 1677 1596 1717 ut
1637 1675 1882 1719 collectoris

109 1754 278 1790 nomen,
321 1753 475 1793 nempe
508 1740 564 1781 M.
591 1739 711 1782 Petri
742 1739 903 1781 Busaei
935 1739 1073 1781 nostri
1086 1740 1114 1790 7,
1158 1739 1428 1793 praefigatur
1463 1739 1595 1793 operi,
1639 1743 1684 1782 et
1716 1755 1797 1794 ego
1838 1742 1881 1784 id

228 1827 255 1857 a)
280 1827 357 1856 Quae
377 1829 548 1857 sequuntur,
568 1826 598 1851 rin
618 1826 755 1851 schedula
778 1827 890 1857 scripta»
909 1830 985 1851 sunt.
1061 1825 1091 1857 b)
1113 1827 1252 1858 Sequitur
1272 1825 1552 1855 circumferrentur,
1572 1827 1662 1851 oblict.

232 1934 241 1954 ¹
269 1933 408 1967 Alberti
426 1933 469 1967 V.
521 1933 674 1967 Ioannes
701 1933 889 1977 Fuggerus
925 1934 1124 1968 conducere
1160 1933 1304 1967 volebat
1340 1933 1509 1967 Iacobum
1540 1933 1678 1968 Feucht
1708 1934 1744 1977 (†
1773 1935 1878 1980 1580)

109 1999 153 2021 ex
180 1986 408 2021 Pfullendorf
431 1986 581 2021 Suebiae
616 1987 812 2031 superioris
847 1988 976 2032 oppido
1009 1989 1126 2021 ortum
1157 1986 1233 2031 (qui
1260 1989 1387 2031 postea
1413 1986 1602 2032 episcopus
1629 1987 1881 2032 suffraganeus

108 2039 381 2083 bambergensis
415 2040 484 2074 fuit
520 2042 556 2074 et
581 2040 807 2074 contionibus
833 2042 1052 2086 scriptisque
1079 2040 1271 2075 ecclesiam
1308 2039 1453 2083 egregie
1480 2040 1609 2084 iuvit);
1645 2041 1706 2085 qui
1733 2053 1813 2075 cum
1840 2055 1880 2077 eo

108 2097 269 2138 tempore
296 2093 508 2136 ingolstadii
534 2093 570 2127 in
597 2093 751 2128 ecclesia
774 2094 910 2128 Beatae
924 2094 1086 2138 Virginis
1112 2093 1260 2139 parochi
1286 2094 1488 2129 adiutorem
1510 2093 1726 2138 („Helffer“)
1756 2099 1881 2139 ageret

109 2150 145 2182 et
171 2150 248 2181 tum
284 2147 364 2180 duci
399 2150 476 2180 tum
502 2147 734 2181 universitati
768 2148 1032 2192 parochiaeque
1066 2148 1103 2181 in
1139 2148 1259 2182 officia
1293 2147 1513 2193 praestanda
1548 2159 1586 2181 se
1614 2148 1879 2191 obstrinxisset,

109 2203 261 2235 Ioannes
278 2201 464 2244 Fnyyerus
490 2201 656 2243 Augusta
685 2201 738 2236 10.
754 2201 840 2235 Maii
862 2202 952 2236 1569
979 2213 1044 2236 suo
1070 2202 1297 2246 fratrumque
1327 2201 1466 2245 (Marci,
1494 2201 1715 2246 Hieronymi,
1743 2203 1878 2247 Iacobi)

108 2254 250 2289 nomine
277 2253 425 2288 Alberto
443 2254 486 2287 V.
514 2254 698 2298 ascripsit,
733 2254 978 2299 permitteret,
1014 2257 1055 2289 ut
1080 2254 1245 2289 Fenchtii
1281 2266 1389 2300 opera
1424 2254 1493 2299 ipsi
1528 2257 1726 2289 uterentur.
1779 2256 1879 2298 Quod

108 2319 189 2342 cum
207 2307 380 2342 Albertus
406 2306 483 2340 fieri
510 2318 614 2351 posse
640 2310 821 2351 negasset,
847 2310 1000 2342 Ioannes
1026 2310 1214 2352 Fussyerus
1239 2320 1303 2353 per
1331 2308 1502 2342 *litteras
1520 2309 1688 2351 Augusta
1717 2309 1773 2343 23.
1791 2310 1877 2344 Maii

111 2362 201 2396 1569
228 2361 332 2395 datas
358 2360 571 2394 Feuchtium
597 2361 751 2404 rogavit,
778 2364 818 2395 ut
844 2361 955 2395 alium
982 2362 1277 2403 contionatorem,
1305 2362 1365 2405 qui
1392 2362 1428 2395 in
1454 2362 1625 2406 parochia
1652 2373 1794 2407 quoque
1820 2365 1878 2398 ad-

107 2414 345 2449 ministranda
371 2413 563 2448 Doctorem
590 2414 769 2448 Simonem
797 2414 1086 2459 [Scheibenhart]
1114 2415 1240 2449 iuvare
1266 2417 1400 2460 posset,
1427 2414 1493 2449 sibi
1521 2416 1746 2459 provideret;
1773 2422 1816 2451 ad
1843 2418 1877 2452 id

108 2468 202 2502 enim
236 2468 356 2513 ipsum
392 2479 537 2512 operam
573 2479 675 2501 suam
711 2468 885 2502 obtulisse
922 2468 985 2512 (ex
1019 2469 1259 2514 epistularum
1298 2467 1518 2513 apographis
1556 2471 1679 2502 eodem
1717 2476 1878 2515 tempore

108 2522 264 2566 scriptis,
292 2532 385 2565 quae
411 2522 561 2554 exstant
578 2521 767 2564 Augustae
794 2522 829 2555 in
856 2521 1004 2556 archivo
1030 2522 1230 2566 fuggerico,
1259 2521 1343 2555 Cod.
1366 2522 1503 2563 „Herrn
1522 2522 1696 2556 Hannsen
1714 2524 1878 2568 Fuggers

108 2575 225 2618 Aigen
252 2574 380 2619 Copier
406 2574 505 2608 Buch
533 2601 561 2608 ..
582 2601 587 2608 .
615 2574 663 2608 Νο
681 2575 722 2608 9“
753 2575 776 2608 f.
796 2575 857 2609 44³
874 2576 950 2617 47).

227 2634 240 2654 2
266 2633 355 2668 Cum
383 2633 547 2667 Cornelio
573 2633 817 2677 Sibenburger
849 2633 962 2668 Roma
997 2634 1166 2669 discessit
1202 2634 1351 2668 Iodocus
1382 2636 1550 2678 Gripeius
1585 2645 1663 2668 slve
1690 2636 1878 2681 Griperius

108 2687 340 2728 coloniensis;
377 2687 437 2731 qui
474 2687 510 2721 in
546 2686 738 2722 Societatis
764 2687 989 2732 provinciam
1015 2687 1212 2721 rhenanam
1241 2688 1374 2721 missus
1401 2689 1457 2720 est
1485 2686 1626 2730 (Germ.
1658 2689 1702 2723 67
1731 2689 1757 2723 f.
1785 2690 1871 2725 244³

107 2741 207 2776 Rom.
228 2740 290 2774 78¹2
315 2740 339 2775 f.
360 2740 449 2784 63²²).

227 2801 240 2820 ⁸
265 2798 479 2834 Rastellum.
626 2802 638 2820 ⁴
665 2800 685 2833 3
713 2800 769 2843 Rg
798 2801 851 2841 19,
880 2800 911 2834 7.
1057 2801 1069 2819 5
1096 2799 1227 2834 Ottone
1253 2799 1464 2833 Truchsess.

227 2860 239 2877 ‘³
264 2859 318 2893 De
355 2858 672 2901 „authoritatibus“
713 2859 823 2901 hisce,
863 2859 1051 2901 „Summae
1078 2859 1271 2893 Doctrinae
1299 2858 1546 2893 Christianae“
1576 2862 1758 2896 annotatis
1793 2863 1876 2898 vide

110 2914 197 2948 Cau.
217 2912 249 2946 V
269 2913 348 2947 804.

228 2973 240 2992 ⁷
266 2972 306 3005 P.
333 2972 464 3006 Petrus
490 2972 652 3007 Busaeus
678 2972 916 3016 noviomagus
952 2972 989 3006 in
1014 2972 1157 3016 collegii
1184 2971 1399 3006 coloniensis
1426 2972 1591 3016 catalogo
1625 2985 1656 3007 a.
1678 2974 1768 3009 1569
1796 2987 1876 3010 con—

107 3025 241 3070 scripto
267 3027 418 3060 vocatur
448 3026 651 3068 „consultor
677 3025 867 3070 [rectoris],
904 3026 1104 3060 catechista
1139 3025 1175 3060 in
1209 3026 1454 3071 superioribus
1481 3026 1679 3062 classibus“
1711 3028 1875 3071 (Hauseu

106 3080 129 3114 l.
149 3091 178 3114 c.
199 3078 296 3123 785).
339 3078 392 3113 De
418 3091 488 3124 quo
515 3080 618 3125 plura
645 3080 809 3114 dicentur
835 3080 940 3121 infra,
967 3080 1003 3113 in
1029 3091 1121 3114 mon.
1139 3079 1209 3114 litt.
1231 3079 1321 3124 (31).

1517 3139 1538 3173 2
1545 3139 1559 3173 1
1571 3142 1588 3158 *³³⁴
