2044 3335
54 101 57 103 ’
89 94 174 134 314
598 90 697 125 1656.
727 89 892 124 Canisius
919 88 953 124 S.
973 89 1164 124 Francisco
1191 89 1354 134 Borgiae.

88 209 140 252 D.
172 209 354 250 Pfistero
387 207 573 262 scriptas
606 206 662 249 ad
695 206 892 256 eundem,
927 220 1109 259 quarum
1142 205 1261 249 facta
1294 210 1361 250 est
1392 207 1554 250 mentio
1572 208 1596 250 ¹.
1650 207 1852 250 Animaui

88 276 234 316 autem
267 273 312 316 P.
348 272 655 322 Schorichium,
692 273 740 313 ut
771 271 988 325 Monachij
1023 285 1069 312 se
1103 271 1294 324 colligat,
1329 274 1373 313 et
1405 272 1607 325 quicquid
1640 273 1715 327 otij
1750 287 1852 315 con-

88 338 208 391 sequi
240 339 398 391 potest,
432 337 487 378 ad
519 335 666 378 studia
698 336 937 390 repetenda
970 338 1014 378 et
1046 337 1348 390 prosequenda
1381 337 1591 388 conferat,
1627 340 1757 391 atque
1789 338 1852 381 ita

88 403 244 445 sensim
277 416 324 444 se
356 404 590 456 praeparet
621 401 677 443 ad
706 401 898 443 futuram
932 401 1262 455 promotionem,
1297 416 1393 444 cum
1416 402 1558 444 visum
1580 403 1663 445 erit
1685 403 1852 457 superi—

88 468 246 510 oribus

206 531 410 585 Aptiores
457 531 512 573 ad
559 531 841 586 promotionis
885 531 1048 584 gradus
1092 531 1195 573 mihi
1240 531 1444 575 uidentur
1486 533 1531 576 P.
1572 532 1853 583 Rabenstain,

88 597 134 639 P.
151 597 343 651 Caspar2
365 595 547 650 Anglus,
582 597 628 639 P.
647 596 866 638 Gerardus
881 597 909 647 3,
934 596 980 639 P.
998 596 1212 638 Henricus
1235 598 1470 648 Arboreus,
1496 598 1552 640 M.
1569 597 1812 640 Richardus
1824 599 1853 640 4.

88 662 162 703 sed
208 664 338 715 egent
381 661 604 715 plaerique
648 661 811 703 maiore
856 661 1014 711 studio,
1061 661 1234 714 quidam
1280 662 1413 704 etiam
1455 676 1510 704 ex
1551 662 1617 704 his
1660 662 1854 717 impediti

87 727 288 769 Marthae
320 726 457 768 offitio
472 728 500 769 5.

206 791 375 834 Scribet
407 792 510 834 Doc.
535 791 742 833 Peltanus
775 791 829 833 ad
852 791 898 833 P.
923 791 971 833 T.
994 794 1043 834 ut
1074 791 1178 833 mihi
1209 792 1420 846 promisit,
1454 806 1586 845 seque
1619 792 1853 834 abhorrere

87 856 191 899 dicit
223 871 248 898 a
280 855 548 910 professione
581 857 606 897 4
629 859 844 906 uotorum,
880 859 1114 910 postquam
1146 856 1255 910 legit
1277 857 1619 900 Constitutiones
1633 858 1661 900 6.
1701 857 1850 899 Visum

87 922 170 964 fuit
202 922 249 965 P.
273 922 420 972 Paulo,
455 925 503 964 ut
536 921 766 963 Rectorem
799 921 920 963 eius7
952 921 1183 963 liberarem
1218 936 1386 964 summa
1418 937 1557 973 cruce,
1598 936 1726 976 quam
1758 936 1852 964 sus-

87 987 255 1029 tinebat
293 987 336 1028 in
368 987 441 1028 illo
474 986 768 1039 gubernando,
811 989 944 1039 utque
987 986 1186 1037 sinerem,
1232 988 1401 1029 occulte
1433 988 1479 1031 P.
1513 988 1743 1030 Peltanum
1776 1001 1853 1029 ex-

88 1054 278 1106 emptum
312 1065 420 1102 esse,
454 1051 555 1104 quia
586 1051 668 1093 nisi
700 1065 805 1093 suae
837 1051 1031 1094 libertati
1058 1051 1388 1105 relinqueretur,
1423 1052 1543 1105 quies
1566 1052 1735 1106 collegij
1768 1066 1853 1094 non

87 1119 236 1171 posset
274 1117 534 1159 conseruari.
598 1117 683 1170 Egi
716 1131 810 1158 cum
844 1116 918 1159 illo
951 1116 1146 1159 suauiter
1176 1117 1456 1172 JngolstadiJ',
1498 1131 1728 1160 reseruans
1760 1118 1852 1160 eius

88 1182 260 1224 morbos
292 1181 458 1223 medico
491 1181 759 1235 sapientiori.

207 1247 562 1300 Christophorum
595 1261 743 1288 cocum
778 1246 1026 1301 experimur
1058 1248 1287 1289 admodum
1322 1248 1553 1298 difficilem,
1588 1262 1642 1290 an
1669 1262 1773 1290 uero
1796 1247 1853 1290 sit

88 1312 171 1354 alio
212 1312 556 1363 transferendus,
599 1312 857 1366 praesertim
891 1327 987 1354 cum
1021 1312 1234 1355 Senenses
1265 1313 1385 1355 illum
1417 1316 1633 1367 repetant,
1676 1314 1722 1356 P.
1747 1314 1852 1355 Pro-

88 1377 278 1420 uintialis
310 1377 530 1428 iudicabit,
565 1377 678 1420 sicut
710 1379 754 1419 et
787 1378 838 1420 de
871 1377 1088 1419 Friderico
1121 1392 1233 1420 nunc
1266 1378 1496 1432 Oeniponti
1530 1378 1714 1431 degente
1728 1382 1755 1421 ὅ.

206 1442 404 1495 Cogitaui
427 1443 646 1496 Dilingam
678 1446 840 1496 petere,
875 1442 948 1484 ubi
969 1443 1176 1485 maiorem
1202 1443 1441 1486 studiorum
1474 1443 1597 1485 uideo
1621 1443 1853 1485 commodi-

88 1511 226 1551 tatem
258 1507 359 1549 mihi
393 1507 499 1550 fore.
555 1508 816 1550 Persuasum
850 1510 917 1550 est
939 1508 1164 1562 Fuggeris‚
1198 1511 1248 1551 vt
1278 1509 1391 1551 bona
1413 1509 1540 1550 uenia
1563 1507 1750 1563 sinan[t]
1784 1522 1852 1550 me

88 1573 337 1615 renuntiare
354 1573 452 1614 huic
471 1572 704 1616 cathedrae
718 1574 746 1616 9.
781 1573 846 1615 De
864 1573 961 1627 alijs
980 1573 1208 1616 certiorem
1226 1574 1403 1616 reddam
1421 1574 1467 1618 P.
1483 1571 1850 1628 Prou[in]tialem.

204 1638 366 1693 Accepi
388 1638 540 1680 literas
564 1638 616 1680 de
638 1638 858 1681 reddenda
876 1638 1068 1680 Velseris
1099 1639 1294 1693 pecunia,
1329 1653 1439 1692 quae
1465 1639 1592 1682 isthic
1625 1641 1854 1681 numerata

88 1705 132 1745 et
173 1707 355 1758 accepta
396 1703 491 1746 fuit.
557 1704 663 1746 Peto
697 1704 882 1754 veniam,
927 1704 1039 1757 quod
1077 1718 1161 1746 non
1193 1704 1383 1746 miserim
1416 1707 1559 1755 antea,
1602 1718 1697 1746 cum
1729 1704 1852 1757 igno·-

87 1783 242 1819 rarem,
277 1771 442 1822 quanta
473 1783 641 1811 summa
674 1783 780 1823 opus
814 1771 944 1819 esset,
979 1771 1023 1811 et
1049 1772 1153 1822 quot
1176 1769 1273 1822 equi
1297 1772 1555 1812 emerentur.
1610 1769 1851 1818 Curabitur,

87 1836 137 1875 vt
169 1835 366 1876 soluatur
398 1848 567 1876 summa
599 1834 758 1876 debita.
812 1835 877 1876 De
910 1837 1084 1877 centum
1116 1835 1272 1885 aureis,
1307 1849 1414 1888 quos
1446 1834 1590 1877 adfert
1620 1834 1851 1888 Anglus10‚

89 1898 136 1941 P.
160 1898 440 1941 Prouintialis
473 1899 688 1942 decernet.

209 1964 384 2006 Gaudeo
416 1964 638 2006 inuentum
673 1968 717 2007 et
749 1965 930 2008 allatum
963 1965 1046 2006 huc
1078 1979 1185 2018 opus
1218 1978 1313 2006 esse
1346 1965 1392 2007 P.
1416 1965 1636 2007 Francisci
1651 1966 1698 2014 11,
1741 1964 1852 2017 quod

89 2028 221 2071 etiam
253 2029 370 2083 typis
404 2030 642 2072 excudetur
673 2029 888 2083 Dilingae‚
931 2030 1006 2071 sed
1047 2030 1166 2084 prius
1208 2032 1449 2072 correctum
1491 2044 1517 2072 a
1549 2029 1763 2080 Patribus,
1805 2032 1855 2072 ut

89 2096 156 2136 est
188 2094 351 2136 Romae
384 2094 679 2137 constitutum.
729 2095 939 2136 Dominus
961 2095 1090 2137 Jesus
1112 2095 1158 2137 P.
1183 2095 1230 2137 T.
1255 2095 1325 2136 diu
1358 2095 1480 2137 nobis
1514 2098 1753 2146 conseruet,
1787 2094 1854 2136 cui

88 2173 156 2200 me
198 2160 449 2202 commendo
490 2160 687 2214 supplex,
730 2163 775 2202 et
806 2160 964 2202 iterum
996 2160 1168 2202 ueniam
1208 2162 1322 2214 peto,
1366 2161 1504 2213 quodss
1536 2174 1666 2214 saepe
1699 2173 1853 2201 munus

88 2224 174 2266 iam
207 2225 449 2279 depositum
483 2226 596 2267 male
629 2225 1062 2268 administrauerimb.
1125 2224 1354 2278 Augustae
1388 2227 1410 2267 7
1446 2225 1549 2279 Maij
1587 2226 1714 2268 1569.

1041 2308 1202 2350 Seruus
1234 2308 1275 2349 in
1310 2308 1480 2351 Christo
1513 2309 1559 2351 P.
1584 2307 1792 2351 Canisius.

207 2396 233 2447 ἦ·
274 2395 517 2437 Admodum
559 2396 815 2439 Reuerendo
856 2397 899 2438 in
941 2396 1110 2439 Christo
1151 2396 1288 2450 patri,
1333 2397 1379 2439 P.
1405 2397 1635 2439 Francisco
1677 2396 1852 2450 Borgia,

90 2459 342 2513 Praeposito
375 2461 569 2513 generali
602 2461 835 2504 Societatis
867 2463 986 2504 Jesu.
1110 2461 1286 2505 Romae.

208 2552 235 2582 a)
258 2553 395 2583 Sequitur
415 2560 480 2578 eam
501 2555 545 2578 vel
564 2555 660 2579 simile
681 2563 716 2583 v.,
736 2555 825 2580 omitt.
902 2553 932 2586 b)
954 2555 999 2579 Ila
1022 2555 1050 2579 C.
1071 2555 1201 2580 coi-rescit
1221 2562 1256 2580 ea:
1276 2553 1497 2586 administrauj.

211 2659 219 2677 ¹
247 2658 298 2692 De
324 2659 381 2693 his
407 2660 571 2704 epistulis
597 2672 631 2695 v,
659 2672 769 2705 supra
795 2672 828 2705 p.
848 2661 916 2696 283
943 2661 1024 2695 291.

209 2712 221 2729 ²¹
248 2710 443 2747 Haivodus.
590 2714 602 2734 ³
628 2714 821 2748 Pastelius.
969 2716 981 2734 4
1007 2714 1215 2749 Flaminius.

209 2764 222 2782 ⁵
247 2765 269 2797 i.
297 2776 325 2797 e.
354 2765 559 2800 domesticis
586 2767 681 2801 curis
708 2770 743 2801 et
769 2767 999 2808 ministeriis;
1026 2767 1071 2801 cf.
1098 2779 1207 2812 supra
1233 2779 1266 2812 p.
1286 2767 1381 2801 289³.

210 2817 223 2835 ⁶
250 2816 303 2850 Cf.
330 2828 439 2861 supra
466 2831 498 2863 p.
519 2820 603 2853 266⁷
630 2820 726 2855 292¹.
872 2821 885 2841 ⁷
910 2820 950 2855 P.
978 2820 1173 2854 Martinum
1202 2820 1455 2854 Leubenstain.

210 2869 222 2888 s
248 2868 299 2902 De
327 2869 581 2915 Christophoro
617 2873 853 2907 Amschamer
889 2876 925 2908 et
959 2874 1139 2908 Friderico
1174 2872 1387 2918 Delphtensi
1422 2872 1595 2906 fratribus
1630 2873 1734 2907 laicis
1769 2873 1850 2907 vide

91 2932 200 2965 supra
225 2933 257 2965 p.
280 2922 347 2956 143
373 2923 441 2957 228
468 2924 536 2958 267
564 2925 644 2959 292.

209 2976 222 2993 s»
249 2974 356 3008 Sacro
383 2979 571 3019 suggestui
598 2978 723 3022 templi
751 2978 784 3013 S.
813 2979 985 3014 Mauritii.

198 3028 224 3047 ¹⁰
250 3026 289 3060 P.
317 3028 467 3062 Ioannes
494 3030 677 3064 Rastellus
705 3031 843 3074 anglus.

198 3080 224 3100 ¹¹
250 3080 414 3114 Turriani
446 3081 517 3123 „De
545 3082 786 3118 Hierarchicis
814 3084 1149 3125 Ordinationibus“;
1178 3097 1211 3119 v.
1240 3095 1348 3129 supra
1374 3095 1406 3128 p.
1429 3084 1494 3118 198
1521 3084 1600 3118 275.
