2044 3335
126 100 151 140 8
635 98 736 132 1476.
764 96 929 132 Canisius
956 96 988 131 S.
1008 95 1200 130 Francisco
1227 95 1393 139 Borgiae.

126 219 295 267 uentus,
336 216 406 270 qui
439 216 494 258 ad
527 217 611 258 400
645 216 714 257 1161
749 217 833 257 500
867 216 1053 257 florenos
1087 214 1311 256 annuatim
1344 217 1593 268 assurgunt,
1635 214 1788 256 facile³
1819 215 1895 257 ob-

125 281 402 324 tineremus1.
468 280 735 322 Putabamus
776 280 922 333 igitur,
966 280 1012 322 P.
1047 278 1184 320 Tuam
1226 278 1325 321 huic
1365 279 1630 333 Reginarum
1669 279 1893 333 proposito

125 348 171 388 et
192 346 391 389 instituto
413 359 498 387 non
522 342 902 398 repugnaturamb,
931 344 1013 386 nisi
1036 343 1305 386 conditiones
1327 358 1486 397 graues
1508 344 1732 395 adderent,
1767 358 1894 399 prae-

127 411 277 453 sertim
311 425 405 452 cum
441 410 606 451 duobus
638 412 716 451 aut
747 409 886 452 tribus
919 408 1219 451 sacerdotibus
1247 408 1348 451 illae
1371 409 1507 451 uelint
1530 423 1625 451 esse
1648 412 1893 460 contentae,

125 489 257 529 seque
300 475 559 530 promittant
601 474 743 516 dictae
786 474 938 515 domus
970 473 1256 516 Fundatrices
1299 476 1343 516 et
1375 474 1612 517 dotatrices
1643 473 1749 524 fore,
1792 474 1893 517 licet

125 540 287 582 fratres
319 539 585 582 Archiduces
624 540 678 581 ad
721 542 919 593 sumptus
960 538 1066 579 nihil
1108 538 1473 582 contribuerent2.
1539 538 1621 580 Hic
1662 552 1765 580 uero
1807 539 1893 580 dis-

128 608 328 659 putatum
362 607 429 647 est
460 604 574 646 inter
606 603 891 646 Archiducem
926 606 970 645 et
1003 603 1196 653 Sorores,
1239 617 1350 657 quae
1382 604 1463 645 hoc
1495 603 1768 645 fundamenti
1800 603 1894 645 loco

126 670 289 712 habent
322 673 367 712 et
399 669 607 722 allegant,
642 669 903 711 Societatem
927 671 1122 710 nostram
1145 668 1251 722 ipsis
1277 672 1321 711 et
1342 668 1602 711 Austriacae
1635 668 1778 709 domui
1809 682 1895 710 non

126 735 454 788 denegaturam,
489 734 601 787 quod
634 734 737 776 alibi
769 733 962 788 permitti
996 733 1093 786 alijs
1125 736 1272 787 potest
1304 737 1348 776 61
1379 734 1503 784 solet,
1537 736 1586 775 ut
1617 731 1894 775 Nouitiorum

130 799 281 841 domus
313 799 479 842 scilicet
510 799 778 849 instituatur,
812 798 932 840 cuius
964 812 1043 840 nos
1075 798 1335 841 utilitatem⁰
1365 798 1451 841 illis
1483 811 1653 852 quoque
1683 812 1894 852 proposu-

126 864 250 914 imus,
293 865 456 906 Verum
489 864 712 905 Archidux
754 864 834 905 hoc
875 865 1065 913 ueretur,
1108 877 1161 905 ne
1194 864 1354 906 fratres
1387 863 1638 906 consiliumd
1682 864 1735 905 de
1768 863 1894 905 domo

126 929 213 972 ista
245 929 547 972 constituenda
579 929 836 982 improbent,
881 942 988 981 quos
1028 928 1186 971 idcirco
1220 929 1404 982 primum
1437 928 1721 970 consulendos
1753 930 1894 982 putat.

125 994 290 1036 Deinde
332 994 539 1047 quosdam
583 994 738 1035 offendi
781 1007 908 1048 posse
945 993 1206 1047 suspicatur,
1248 993 1506 1036 habitationi
1541 993 1769 1047 Virginum
1802 992 1893 1035 No-

125 1059 257 1102 uitios
297 1059 406 1101 istos
448 1073 542 1100 esse
584 1058 769 1100 uicinos:
812 1058 941 1112 idque
978 1072 1058 1100 nec
1092 1058 1244 1100 honori
1275 1073 1485 1109 sororum,
1528 1072 1608 1100 nec
1648 1058 1892 1111 integritati

126 1127 302 1166 nostrae
345 1123 453 1166 satis
486 1137 739 1176 congruere.
803 1123 1083 1177 Respondent
1115 1137 1217 1165 uero
1250 1123 1359 1177 alij⁶‚
1402 1124 1455 1166 ab
1488 1124 1569 1165 hac
1601 1123 1758 1165 uicinia
1790 1123 1895 1165 nihil

126 1203 221 1231 esse
265 1188 456 1243 periculi.
519 1188 707 1230 Nostros
749 1189 860 1230 enim
903 1189 947 1230 in
989 1189 1084 1230 loco
1127 1202 1212 1230 non
1256 1189 1379 1231 ualde
1421 1188 1561 1230 uicino
1604 1190 1649 1230 et
1679 1188 1723 1229 in
1755 1188 1894 1231 ueteri

126 1253 393 1296 Monasterio
437 1254 723 1304 habitaturos,
769 1268 819 1295 ac
859 1253 1035 1296 nimiam
1076 1253 1190 1296 inter
1230 1253 1348 1308 ipsas
1385 1253 1598 1308 Reginas‘
1637 1256 1681 1296 et
1721 1256 1895 1296 nostros

126 1318 471 1361 familiaritatem
504 1318 632 1360 facile
666 1318 811 1360 caueri
843 1333 983 1372 posse.
1026 1318 1083 1360 Jn
1116 1319 1266 1361 eadem
1299 1319 1518 1362 sententia
1550 1333 1698 1360 sumus
1730 1321 1774 1361 et
1801 1333 1893 1370 nos,

126 1386 171 1426 et
203 1383 397 1425 uidemus
423 1384 710 1425 Archiducem
742 1398 855 1425 nunc
888 1383 1135 1426 consentire
1167 1384 1401 1434 sororibus,
1434 1386 1605 1426 tantum
1639 1384 1673 1426 si
1706 1384 1894 1427 fratrum

126 1462 361 1491 consensus
393 1449 586 1499 accedat,
620 1462 727 1502 quos
760 1463 844 1490 non
878 1449 1124 1491 dubitamus
1157 1449 1268 1491 hanc
1300 1463 1496 1491 sororum
1528 1450 1799 1492 uoluntatem
1830 1449 1893 1491 fa-

126 1514 206 1556 cile
250 1514 566 1568 approbaturos
612 1528 718 1556 esse.
783 1513 932 1567 Jgitur
977 1513 1040 1556 ita
1088 1514 1256 1556 demum
1302 1528 1374 1556 res
1421 1514 1599 1556 definita
1641 1517 1721 1564 est,
1767 1516 1817 1556 ut
1857 1514 1894 1556 si

128 1578 365 1632 Collegium
407 1578 486 1620 hoc
519 1579 677 1621 Halam
719 1593 804 1620 non
844 1578 1152 1630 transferatur,
1195 1578 1390 1633 Reginae
1428 1580 1600 1622 domum
1638 1579 1725 1621 illic
1758 1579 1895 1621 Noui-

126 1643 283 1686 tiorum
328 1644 519 1686 habeant
562 1647 694 1697 atque
735 1646 997 1695 sustentent,
1043 1644 1109 1686 his
1149 1644 1288 1686 tribus
1330 1644 1647 1687 conditionibus
1689 1644 1893 1687 adiectis:

126 1708 309 1763 primum
333 1708 370 1750 si
393 1708 676 1751 paternitatis
698 1711 800 1751 tuae
823 1710 1004 1752 accedat
1025 1709 1284 1759 authoritas,
1309 1710 1362 1751 ad
1386 1724 1514 1763 quam
1539 1710 1670 1752 etiam
1691 1709 1896 1763 Princeps

128 1774 208 1815 hoc
248 1774 419 1815 nomine
462 1774 651 1816 scribere
691 1774 869 1816 statuit:
913 1774 1068 1816 deinde
1109 1774 1142 1816 si
1177 1775 1355 1817 Fratres
1387 1774 1654 1817 Archiduces
1695 1774 1738 1816 id
1770 1774 1895 1816 nobis

127 1838 372 1880 faciendum
404 1851 500 1880 esse
527 1839 753 1889 suadeant,
787 1842 836 1882 ut
858 1839 973 1881 omni
994 1839 1167 1893 penitus
1189 1839 1427 1894 suspitione
1449 1840 1564 1894 apud
1585 1839 1683 1881 illos
1706 1839 1895 1882 societas

127 1903 355 1946 liberetur:
391 1917 441 1945 ac
462 1906 682 1957 postremo
705 1904 741 1945 si
769 1904 874 1945 nihil
897 1918 923 1946 a
945 1904 1067 1946 nobis
1090 1905 1230 1946 Halae
1253 1905 1509 1958 postuletur,
1545 1905 1658 1958 quod
1679 1905 1894 1947 Jnstituto

127 1971 276 2011 nostro
319 1967 465 2021 aliqua
506 1982 561 2010 ex
602 1972 728 2022 parte
764 1972 992 2023 repugnet.
1057 1969 1240 2011 Promisi
1273 1983 1354 2023 ego
1386 1973 1479 2013 tum
1511 1969 1758 2020 Archiduci‚
1801 1972 1893 2012 tum

127 2033 345 2075 sororibus
384 2033 495 2075 hanc
535 2048 675 2075 meam
707 2034 751 2075 in
783 2034 1008 2076 scribendo
1042 2048 1232 2088 operam,
1275 2037 1319 2077 et
1351 2049 1471 2089 rog0,
1504 2037 1554 2077 ut
1586 2035 1663 2077 dess'
1695 2035 1741 2078 P.
1776 2035 1895 2077 Tuae

127 2097 345 2140 sententia
375 2098 496 2140 breui
529 2099 737 2141 certiores
769 2100 1014 2142 reddamur.

246 2163 486 2217 Praecipua
519 2163 767 2215 difficultas,
802 2178 912 2218 quae
943 2165 987 2206 in
1019 2164 1099 2206 hoc
1128 2164 1303 2218 negotio
1328 2165 1478 2206 domus
1499 2165 1775 2208 Nouitiorum
1799 2178 1895 2207 sese

129 2229 269 2279 offert,
313 2228 388 2270 illa
419 2228 522 2270 mihi
555 2242 649 2271 esse
683 2230 866 2280 uidetur,
909 2230 1022 2283 quod
1055 2229 1319 2283 Reginarum
1353 2230 1522 2272 animus
1555 2244 1605 2272 60
1638 2230 1804 2280 tendat,
1846 2232 1896 2272 ut

128 2296 374 2336 nostrorum
399 2293 680 2335 Sacerdotum
713 2297 894 2337 utantur
926 2309 1060 2349 opera
1092 2298 1136 2337 et
1169 2295 1404 2338 directione
1436 2295 1479 2336 in
1511 2309 1590 2337 sua
1622 2309 1735 2337 noua
1768 2295 1894 2337 domo

127 2358 445 2411 multarumque
466 2358 634 2412 piarum
648 2359 661 2379 ¹²
685 2361 729 2401 et
751 2359 971 2401 Nobilium
993 2359 1220 2412 Virginum
1244 2360 1513 2402 habitatione
1535 2360 1603 2414 pie
1626 2363 1671 2403 et
1692 2359 1895 2413 religiose

129 2422 444 2465 constituenda.
509 2423 685 2467 Vellent
726 2424 814 2466 illic
859 2424 951 2466 sine
992 2425 1234 2467 Monastico
1275 2425 1439 2475 habitu,
1485 2439 1570 2467 non
1613 2427 1761 2467 tamen
1802 2424 1894 2466 sine

130 2487 319 2540 regulari
353 2488 540 2540 quadam
572 2488 812 2543 disciplina,
847 2492 891 2531 et
923 2489 1111 2532 fortasse
1144 2490 1222 2531 sub
1255 2490 1381 2532 unius
1414 2490 1546 2532 etiam
1577 2489 1733 2532 Matris
1760 2489 1893 2543 Spiri-

251 2586 279 2614 a)
303 2586 348 2610 lta
368 2586 572 2617 corr-mendum
593 2594 653 2612 esse
673 2595 709 2612 ea:
729 2586 815 2619 facie,
835 2588 908 2619 quod
929 2588 1073 2612 librarius
1089 2588 1200 2619 posuit,
1220 2595 1268 2613 res
1286 2588 1353 2620 ipsa
1374 2589 1452 2613 clare
1472 2588 1606 2612 ostendit.
1698 2586 1729 2619 b)
1752 2587 1896 2617 Quattuor

133 2633 173 2650 1ϊ.
187 2634 245 2658 sqq.
261 2635 279 2650 α
294 2628 321 2651 C.
342 2627 405 2658 ‘ipso
425 2627 456 2651 in
476 2628 609 2659 maryine
630 2629 735 2653 addita
755 2632 831 2653 suut.
924 2629 951 2660 c)
972 2628 1104 2654 utilitem
1124 2630 1203 2654 arch.
1291 2628 1322 2660 d)
1343 2630 1482 2661 Sequitur
1501 2628 1567 2659 hoc,
1587 2629 1676 2653 oblitt.
1749 2628 1776 2660 e)
1797 2629 1844 2653 Ita
1865 2630 1894 2653 C.

131 2668 191 2698 ipse
212 2668 340 2692 correxit
361 2676 396 2692 elz·
416 2674 549 2694 sorores.
611 2669 639 2699 1⁶)
662 2671 721 2694 Hoc
741 2678 765 2694 v.
786 2679 804 2694 α
825 2671 853 2695 C.
873 2678 967 2701 snpra
990 2678 1104 2695 versum
1123 2671 1266 2702 scriptum
1286 2673 1336 2697 est.
1400 2671 1430 2702 g)
1452 2671 1512 2695 Hoc
1532 2678 1556 2695 v.
1577 2678 1595 2694 α
1615 2671 1643 2695 C.
1664 2677 1756 2701 supra
1777 2677 1893 2694 versum

127 2708 268 2739 scriptum
289 2712 338 2733 est.
413 2708 443 2740 h)
464 2710 602 2741 Sequitur
623 2709 669 2741 Vi,
689 2712 777 2736 obliti.

252 2817 261 2837 ¹
286 2817 545 2852 Monasterium
571 2817 771 2851 Salvatoris
799 2817 888 2861 („Zu
914 2829 1057 2852 unserm
1086 2818 1244 2862 Herrn“)
1272 2817 1466 2861 significat,
1501 2817 1594 2861 quod
1630 2817 1812 2860 virginum
1839 2829 1892 2851 01·-

131 2869 224 2904 dinis
251 2869 285 2904 S.
305 2870 498 2914 Augustini
524 2871 644 2905 fuerat
673 2871 723 2912 (J.
751 2872 864 2914 Ηιῗνη,
891 2871 1094 2914 Erzherzog
1119 2871 1321 2905 Ferdinand
1347 2871 1392 2905 II.
1419 2882 1489 2904 von
1516 2870 1613 2904 Tirol
1638 2870 1665 2911 Ι,
1692 2869 1892 2904 Innsbruck

132 2922 364 3010 1885‚21(}‡g(·3
401 2976 542 3009 nomine
579 2988 649 3009 non
686 2976 803 3010 solum
841 2977 1088 3011 Ferdinandus
1128 2978 1164 3011 et
1199 2976 1350 3011 Carolus
1388 2976 1602 3010 archiduces
1640 2975 1892 3020 comprehendi

129 3029 309 3070 videntur,
344 3029 407 3063 sed
433 3029 541 3062 etiam
568 3029 837 3063 Maximilianus
864 3030 909 3065 II.
936 3030 1148 3074 imperat0r;
1185 3030 1215 3064 is
1242 3033 1338 3064 certe
1364 3028 1617 3071 Magdalenam
1653 3031 1688 3063 et
1716 3028 1890 3063 Helenam

129 3090 270 3116 sorores
296 3083 331 3115 et
357 3081 516 3116 consiliis
543 3083 579 3115 et
605 3082 766 3126 pecuniis
793 3083 991 3117 adiuvabat
1020 3084 1135 3124 (Hirn
1162 3083 1184 3117 l.
1213 3094 1241 3117 c.
1269 3083 1303 3117 II
1328 3082 1550 3125 460—463).
