2044 3335
177 132 230 173 66
687 132 788 168 1502.
816 132 983 167 Canisius
1011 132 1043 167 S.
1064 133 1255 168 Francisco
1284 134 1447 178 Borgiae.

177 261 308 303 saepe
333 249 451 291 dedit
483 251 790 304 superioribus,
826 255 869 294 et
901 252 1120 306 ingenium
1153 267 1330 307 prorsus
1359 253 1647 308 periculosum
1670 268 1720 297 ac
1743 258 1944 298 naturam

175 313 417 356 liberiorem
453 315 656 358 ostendit.
721 316 862 359 Multa
894 319 1068 359 tentata
1100 322 1202 361 sunt
1233 318 1276 359 in
1308 318 1382 360 illo
1416 320 1712 361 conseruando
1747 322 1791 361 et
1816 320 1944 362 resti-

174 379 357 420 tuendo:
401 379 477 421 sed
518 380 699 422 subinde
741 381 795 422 ad
828 381 1049 434 ingenium
1082 382 1265 432 redibat,
1309 386 1353 426 et
1384 384 1513 425 ualde
1545 383 1763 426 difficilem
1796 384 1944 426 simul-

175 457 257 496 que
299 444 513 486 occultum
546 459 592 485 se
625 445 785 486 nostris
817 446 1031 499 praebuit,
1075 447 1159 489 etsi
1191 462 1373 500 magnos
1406 448 1595 502 alioquin
1628 449 1819 503 corporis
1852 449 1943 491 ani-

174 507 317 560 mique
351 508 473 550 dotes
506 523 590 550 non
623 510 907 563 praeseferat,
943 514 988 553 et
1019 515 1252 565 praeterea
1280 512 1472 566 linguam
1496 513 1656 555 habeat
1677 513 1943 567 impeditam,

174 575 222 614 ut
264 572 509 615 concionari
550 588 635 615 non
677 589 805 628 posse
846 575 1059 619 uideatur.
1123 577 1330 619 Dolemus
1370 580 1519 619 tamen
1553 578 1664 619 hanc
1696 578 1820 620 nobis
1853 579 1943 620 oui-

175 637 316 678 culam
348 651 374 679 a
406 637 601 680 Sathana
642 653 792 681 rursus
834 641 985 694 abripi,
1038 643 1082 683 et
1122 641 1235 695 lupis
1279 642 1603 684 custodiendam
1649 642 1754 686 dari.
1818 643 1944 685 Nunc

174 716 320 743 rumor
352 702 483 745 etiam
517 703 752 757 spargitur,
787 705 858 757 qui
892 706 946 747 ab
979 706 1044 747 his
1078 707 1243 748 duobus
1275 707 1489 760 apostatis
1518 707 1687 749 initium
1710 708 1945 762 sumpsisse

175 766 358 817 uidetur,
392 767 594 820 Dilingae
627 769 773 822 plures
800 770 994 813 Jesuitas
1026 785 1135 822 esse,
1170 771 1241 824 qui
1274 771 1458 813 similem
1491 772 1777 814 defectionem
1809 772 1942 815 medi-

174 834 345 881 tentur3
388 836 436 875 ut
478 847 563 874 non
603 847 754 887 parum
797 835 896 877 hinc
937 836 1098 878 nostris
1132 839 1301 878 metuat
1334 836 1507 886 Rector,
1550 837 1742 879 incertus
1775 837 1827 879 de
1860 851 1943 891 quo

175 896 333 939 debeat
356 897 579 951 suspicari,
606 913 701 940 cum
724 900 843 941 solus
866 900 1119 942 dominus
1152 901 1303 944 norit
1336 901 1425 954 qui
1457 905 1585 944 sunt
1617 902 1742 944 suil.
1786 902 1942 954 Timet,

175 962 255 1003 1100
297 962 415 1004 facto
449 963 904 1006 Reuerendissimum2
945 980 1030 1007 non
1063 980 1190 1020 posse
1224 980 1308 1008 non
1342 967 1512 1017 offendi,
1557 967 1608 1008 de
1650 967 1770 1009 cuius
1810 968 1944 1010 etiam

173 1026 335 1069 honore
377 1028 536 1080 agitur,
581 1029 705 1081 quasi
746 1033 972 1084 serpentes
1006 1045 1028 1072 e
1060 1031 1221 1074 nostris
1261 1031 1304 1073 in
1338 1033 1434 1073 sinu
1467 1032 1570 1074 alat.
1635 1032 1790 1083 Timet,
1832 1033 1943 1074 mul-

173 1095 315 1134 torum
349 1092 556 1134 bonorum
590 1094 770 1144 animos,
811 1095 882 1148 qui
916 1096 969 1137 de
1001 1096 1162 1138 nostris
1195 1096 1374 1138 meliora
1406 1097 1653 1150 sperabant,
1686 1111 1772 1138 11011
1804 1097 1941 1139 solum

174 1171 200 1199 a
231 1157 366 1208 nobis,
402 1158 476 1199 sed
510 1158 642 1201 etiam
676 1174 701 1201 a
732 1174 780 1201 re
804 1160 1026 1203 Catholica
1059 1161 1199 1214 magis
1231 1161 1482 1204 abalienari.
1527 1161 1670 1204 Timet
1700 1162 1944 1204 haereticos

172 1221 238 1263 his
269 1223 480 1277 exemplis
503 1225 713 1266 abusuros
737 1225 791 1266 ad
814 1229 986 1268 nostros
1009 1226 1187 1278 grauius
1210 1226 1566 1280 perstringendos
1589 1231 1633 1268 et
1654 1227 1942 1277 infamandos,

173 1288 431 1341 praesertim
464 1289 697 1331 Catholicis
738 1290 782 1331 in
823 1291 943 1341 locis,
988 1295 1034 1333 ut
1076 1306 1188 1333 nunc
1221 1291 1461 1345 Augustae,
1505 1292 1720 1345 Monachij
1763 1295 1807 1334 et
1839 1292 1942 1334 alibi

173 1353 335 1406 passim
380 1353 472 1395 fieri
518 1355 673 1408 coepit.
738 1355 886 1409 Jgitur
930 1356 1024 1398 fieri
1065 1371 1148 1398 non
1190 1359 1350 1410 potest,
1396 1357 1497 1410 quin
1538 1356 1668 1398 anxio
1709 1357 1766 1399 sit
1799 1357 1941 1398 animo

174 1417 335 1460 Rector
366 1418 408 1459 in
440 1418 522 1460 hac
554 1420 679 1473 graui
722 1423 767 1462 et
804 1420 980 1463 insolita
1014 1422 1256 1464 tentatione
1296 1422 1554 1475 praesertim
1589 1422 1779 1475 quandiu
1812 1422 1942 1464 timor

172 1483 243 1524 ille
286 1487 552 1537 perseuerat,
596 1499 650 1526 ne
692 1485 880 1528 fortasse
922 1487 1067 1540 plures
1108 1487 1148 1528 in
1184 1487 1373 1540 Collegio
1407 1487 1650 1540 Dilingensi
1691 1487 1940 1537 habeamus,

173 1548 257 1600 qui,
301 1551 350 1590 ut
390 1548 549 1600 ferunt,
592 1550 862 1592 occasionem
906 1554 1144 1605 expectant
1185 1566 1211 1593 a
1251 1552 1374 1593 nobis
1413 1552 1466 1593 ad
1500 1552 1663 1594 uicinos
1696 1551 1941 1593 haereticos

174 1613 412 1656 deficiendi.
462 1614 583 1663 Quod
616 1615 854 1669 periculum
888 1619 932 1658 et
964 1617 1216 1658 scandalum
1244 1617 1454 1658 Dominus
1487 1617 1722 1659 clementer
1753 1620 1940 1659 auertat.

293 1679 389 1721 Etsi
422 1693 525 1721 uero
557 1679 643 1721 iam
676 1683 778 1722 ante
810 1681 975 1735 scripsi,
1010 1695 1066 1723 ex
1096 1682 1176 1723 hoc
1209 1682 1394 1723 mirabili
1420 1681 1575 1723 iudicio
1598 1681 1678 1723 Dei
1707 1681 1940 1723 utilitatem

173 1743 362 1796 aliquam
404 1744 527 1786 nobis
560 1745 816 1799 capiendam
850 1760 959 1796 esse,
1001 1749 1050 1789 ut
1089 1761 1203 1788 cum
1246 1746 1569 1789 tentatione
1612 1749 1940 1800 prouentum

172 1809 498 1850 faciamus3:
545 1813 692 1852 tamen
738 1825 822 1852 11011
867 1812 950 1854 erit
995 1812 1072 1853 abs
1117 1825 1164 1853 re
1205 1811 1361 1853 iterum
1404 1812 1637 1865 explicare,
1684 1825 1794 1864 quae
1839 1811 1940 1851 1111111

172 1873 350 1915 ueniunt
371 1874 414 1914 in
437 1877 626 1916 mentem
650 1875 702 1917 de
724 1876 926 1929 remedijs
948 1877 1330 1930 praeseruationis,
1355 1879 1404 1919 ut
1425 1877 1485 1918 sic
1509 1876 1660 1926 dicam,
1686 1879 1734 1918 ut
1748 1875 1941 1928 Collegia

171 1942 322 1981 nostra
363 1939 417 1980 ab
459 1939 702 1982 huiusmodi
744 1941 900 1995 spiritu
944 1945 988 1984 et
1029 1945 1153 1996 peste
1194 1945 1426 1996 praesente
1468 1941 1738 1983 infidelitatis
1770 1944 1941 1983 mature

172 2003 421 2054 liberentur,
455 2005 693 2058 illaesaque
726 2010 967 2049 seruentur.
1022 2006 1210 2048 Primum
1247 2006 1315 2057 sit,
1350 2009 1398 2048 ut
1429 2006 1551 2048 initio
1585 2006 1684 2048 dum
1717 2006 1772 2047 ad
1796 2005 1939 2047 Socie—

171 2068 277 2111 tatis
317 2069 563 2112 institutum
607 2070 762 2123 aliquis
803 2072 915 2125 petit
954 2071 1139 2121 admitti,
1180 2071 1217 2113 is
1250 2078 1453 2113 accurate
1487 2071 1539 2112 de
1571 2072 1699 2112 rebus
1730 2071 1829 2112 fidei
1863 2084 1938 2112 ex—

172 2134 399 2184 aminetur,
442 2135 698 2188 praesertim
732 2136 775 2177 in
810 2136 1077 2178 Germanicis
1110 2136 1364 2190 Prouincijs,
1408 2138 1541 2189 utque
1573 2136 1711 2177 idema
1752 2136 1806 2177 ad
1838 2149 1937 2189 pro-

172 2199 388 2242 bationem
423 2214 508 2241 non
541 2200 789 2254 recipiatur,
823 2201 904 2242 nisi
927 2201 1047 2243 facta
1070 2201 1187 2255 prius
1209 2201 1308 2243 fidei
1331 2201 1599 2255 professione
1622 2201 1745 2243 iuxta
1767 2201 1936 2242 Bullam

172 2265 235 2318 Pij
259 2265 355 2307 IIII.
399 2264 479 2314 Qui
501 2265 662 2307 latinae
684 2266 859 2318 linguae
889 2269 991 2308 sunt
1012 2266 1214 2320 imperiti,
1248 2280 1418 2308 uersam
1442 2266 1552 2308 hanc
1576 2266 1745 2308 Bullam
1768 2265 1938 2320 publice

172 2329 356 2372 recitare
388 2333 579 2383 possent.
644 2331 898 2380 Secundum,
933 2332 1101 2384 quoties
1134 2331 1385 2372 renouanda
1416 2331 1460 2372 111
1493 2331 1557 2372 his
1590 2331 1791 2384 Collegijs
1821 2331 1938 2372 Vota

172 2396 340 2445 erunt4‚
383 2396 618 2449 praecedat
658 2396 766 2437 haec
806 2396 902 2449 ipsa
941 2396 1040 2437 fidei
1082 2396 1317 2449 professio:
1362 2410 1471 2449 quae
1512 2396 1712 2438 fortassis
1745 2396 1877 2438 etiam
1910 2409 1937 2436 a

174 2460 392 2513 Theologo
432 2461 617 2513 quodam
650 2461 859 2502 fratribus
893 2461 1125 2514 aliquando
1158 2461 1325 2503 utiliter
1357 2461 1663 2514 explicaretur.
1726 2460 1935 2504 Tertium.

174 2524 373 2566 meliores
416 2525 530 2579 apud
572 2539 650 2567 nos
687 2525 849 2568 fratres
881 2526 925 2567 in
957 2526 1129 2577 scholis,
1173 2526 1208 2567 si
1242 2528 1343 2567 sunt
1376 2525 1585 2579 discipuli,
1628 2525 1698 2567 uel
1730 2525 1857 2576 domi,
1900 2525 1937 2566 si

173 2589 351 2642 Nouitij,
386 2590 440 2631 ad
463 2590 777 2632 Catechismum
812 2591 1071 2632 audiendum
1105 2591 1328 2639 accedant,
1363 2594 1411 2632 ut
1441 2591 1502 2632 sic
1533 2590 1576 2632 in
1608 2591 1690 2631 fide
1713 2590 1936 2632 Catholica

173 2654 334 2697 rectius
367 2656 673 2697 confirmentur
699 2658 830 2708 atque
853 2656 1150 2698 instituantur.
1195 2655 1419 2705 Quartum.
1442 2655 1541 2697 boni
1563 2655 1650 2697 sint
1673 2657 1716 2697 et
1737 2655 1935 2709 perpetui

174 2719 343 2771 quidem
378 2733 591 2769 censores,
635 2720 704 2772 qui
739 2720 888 2762 modos
920 2720 1123 2772 loquendi
1157 2723 1200 2762 et
1232 2720 1377 2763 studia
1409 2720 1754 2771 domesticorum,
1798 2723 1842 2762 et
1883 2720 1935 2761 de

173 2784 308 2825 sacris
350 2784 691 2837 disputationesb
741 2785 856 2827 inter
896 2785 1059 2827 fratres
1101 2785 1333 2838 diligenter
1375 2785 1608 2827 obseruent
1650 2799 1699 2827 ac
1741 2785 1936 2827 referant

292 2870 319 2900 a)
341 2870 479 2901 Sequitur
499 2872 621 2894 alterum
644 2869 732 2899 idem,
752 2872 842 2895 oblim.
917 2870 947 2901 h)
968 2871 1032 2894 Duo
1053 2878 1095 2895 vr.
1115 2878 1173 2901 sqq.
1196 2871 1225 2895 in
1244 2872 1376 2902 maryine
1396 2871 1499 2896 addita
1520 2874 1595 2896 sunt.

295 2966 304 2984 ¹
332 2964 352 2997 2
379 2964 456 2997 Tim
484 2965 514 3001 2.
545 2965 597 2998 19.
745 2966 757 2985 ²
784 2965 1008 2999 Cardinalem
1037 2965 1204 3000 Ottonem
1233 2965 1443 3000 Truchsess.

293 3018 305 3036 3
333 3017 348 3050 1
379 3017 446 3050 Cor
474 3017 527 3053 10,
557 3017 609 3051 13.

292 3072 304 3090 ‘¹
330 3070 393 3103 Bis
427 3069 580 3113 singulis
615 3070 718 3104 annis
753 3072 957 3105 renovanda
994 3074 1096 3105 erant
1131 3071 1304 3112 omnibus,
1341 3072 1400 3115 qui
1436 3072 1592 3105 nondum
1627 3074 1712 3106 vota
1746 3071 1932 3106 sollemnia

172 3122 326 3167 professi
354 3123 417 3156 vel·
443 3123 685 3164 „coadiutores
712 3123 875 3157 formati*
907 3124 1095 3158 constituti
1122 3126 1260 3165 essent;
1289 3136 1322 3158 V.
1354 3125 1438 3158 Can.
1467 3124 1517 3157 IV
1545 3125 1640 3159 710¹.
