2044 3335
152 94 234 134 172
398 90 498 124 1563.
527 90 560 124 8.
580 89 794 123 Franciscus
819 88 972 132 Borgias
999 87 1153 123 Oanisio.
1196 88 1351 122 Tusculo
1378 88 1433 123 28.
1452 88 1554 122 Febr.
1576 88 1678 122 1568.

148 206 190 241 de
218 206 347 250 quibus
373 206 450 250 ipse
477 205 645 240 Canisius
672 204 703 237 ei
730 204 936 248 scripserat,
963 203 1147 248 respondit:
1173 206 1209 238 et
1235 205 1369 248 aliqua,
1396 215 1488 248 quae
1515 204 1559 238 ad
1585 204 1702 249 ipsum
1730 202 1911 237 Canisium

146 259 385 304 pertinebant,
405 257 646 301 significavit;
675 267 785 301 quare
809 259 948 301 partem
969 256 1145 301 epistulae
1172 256 1229 291 hic
1247 269 1350 302 pono.
1385 256 1441 291 Ita
1466 257 1577 301 igitur
1595 258 1748 299 Borqz‘as
1766 255 1913 290 Hoffaeo

147 312 301 346 Tusculo
339 312 394 345 28.
422 310 605 345 Februarii
635 310 725 344 1568
752 309 946 354 ÷÷scripsit:
988 308 1248 354 „Quantunque
1283 322 1353 344 non
1388 309 1590 353 conuenghi
1625 309 1854 344 abbandonar
1888 309 1913 342 il

146 365 292 410 pergolo
320 364 350 397 d'
364 365 530 406 Augusta
556 375 620 408 per
647 362 913 407 l’importantia
939 362 996 396 del
1022 363 1171 397 seruitio
1210 363 1275 397 che
1301 363 1331 397 si
1358 375 1427 408 puo
1453 363 1530 397 fare
1556 374 1577 397 a
1603 362 1669 396 Dio
1694 362 1736 396 N.
1765 361 1913 405 Signore

145 418 181 451 in
208 416 338 461 quella,
375 416 532 450 tuttauia
568 417 604 449 in
639 416 707 449 due
743 427 825 449 cose
860 415 909 449 mi
943 415 1087 450 risoluo.
1143 416 1220 450 Vna
1256 416 1321 450 che
1353 416 1453 450 siano
1480 416 1611 450 auisati
1638 414 1747 459 quelli
1773 414 1911 458 Signori

148 470 331 510 Canonici‚
367 469 432 503 che
468 469 526 503 noi
561 481 631 502 non
658 468 847 513 possiamO,
882 480 926 502 ne
953 468 1117 502 douiamo
1144 472 1326 503 accettare
1352 469 1474 513 quella
1500 468 1716 503 eleemosina
1742 468 1826 502 data
1851 479 1914 512 per

149 526 252 557 conto
279 522 372 556 delle
398 522 567 567 prediche
584 523 603 563 ¹,
630 521 762 566 perche
789 522 1049 555 directamente
1076 524 1094 555 0
1121 523 1246 556 contra
1272 522 1297 556 il
1323 524 1444 556 nostro
1471 522 1650 562 instituto,
1678 523 1712 555 et
1738 520 1812 555 cosi
1838 520 1914 555 loro

146 576 255 610 molto
282 587 407 610 manco
433 586 587 609 saranuo
613 574 729 608 tenuti
756 585 776 608 a
804 574 914 615 darla,
942 575 978 608 et
996 574 1193 608 realmente
1218 587 1288 608 non
1315 575 1346 609 si
1364 575 1495 609 accetti
1521 586 1584 619 per
1601 574 1653 608 tal
1672 575 1775 608 conto
1794 572 1914 617 quella

146 629 361 674 prouisione.
397 627 433 661 L'
447 628 540 662 altra
566 639 650 662 cosa
676 630 694 661 0
721 627 786 661 0110
812 627 871 661 1101
897 627 1012 661 anche
1038 639 1108 661 non
1133 627 1313 670 uogliamo
1340 639 1440 662 esser
1465 627 1615 670 obligati
1643 639 1663 661 a
1689 626 1853 671 predicar
1878 626 1914 660 in

147 682 267 725 quella
293 682 465 716 cathedra
493 681 524 715 d‘
537 682 715 725 Augusta,
742 682 799 714 rna
826 680 1061 714 liberamente
1088 683 1124 714 et
1149 681 1302 715 secondo
1327 683 1449 715 nostro
1475 681 1642 715 instituto
1669 681 1812 714 daremo
1838 690 1915 724 pre-

147 735 284 769 dicator
310 747 373 780 per
399 735 499 769 detta
518 734 699 775 cathedra,
727 733 868 777 quando
896 736 931 767 et
957 745 1057 767 come
1084 734 1116 767 ci
1142 745 1270 778 parera
1297 734 1532 768 conueniente
1558 745 1622 779 per
1647 733 1671 767 il
1698 733 1817 767 diuino
1843 744 1914 766 ser-

146 788 233 822 uitio
261 791 296 822 et
322 788 419 822 aiuto
445 787 634 832 spirituale
661 787 756 821 della
783 787 883 827 citta,
920 788 955 820 et
981 788 1108 831 queste
1136 787 1203 821 due
1230 799 1311 821 cose
1337 788 1438 822 siano
1464 787 1667 830 significate
1693 786 1755 820 alli
1781 785 1915 829 signori

147 841 320 883 canonici,
347 841 462 886 prima
488 853 573 885 pero
599 841 631 874 si
657 840 902 874 conferiscano
930 851 995 874 con
1021 839 1307 875 l'Illustrissimo
1335 840 1524 875 Cardinale
1537 841 1560 875 ².
1589 868 1596 875 .
1613 867 1619 874 .
1636 867 1644 875 .
1681 839 1744 874 S'e
1770 840 1864 873 uisto
1889 838 1916 872 il

147 895 295 938 diseguo
323 894 388 928 che
414 894 445 928 si
471 894 508 928 fa
535 894 570 928 di
596 893 662 927 far’
678 905 726 927 un
742 892 900 937 Collegio
927 892 1021 927 d'ella
1037 893 1258 938 Compagnia
1283 894 1339 928 nel
1359 893 1576 928 monasterio
1602 893 1645 927 de
1664 892 1915 938 predicatoriss,

149 951 185 982 et
211 950 445 992 quantunque
482 947 507 981 il
533 949 637 981 santo
664 946 739 980 zelo
765 946 800 980 di
827 945 937 990 quelli
973 946 1039 980 che
1064 945 1098 980 lo
1125 948 1285 981 trattano
1312 947 1344 981 ci
1370 947 1416 981 da
1443 946 1692 987 edifficatione,
1727 958 1798 980 non
1830 956 1915 990 pare

148 1001 213 1036 che
239 1002 275 1035 in
301 1001 405 1036 modo
424 1001 553 1034 alcuno
580 1000 616 1034 13
635 999 856 1044 Compagnia
874 1001 997 1034 nostra
1017 999 1143 1034 debbia
1169 999 1429 1034 inti-omettersi
1456 1001 1490 1034 in
1510 1000 1561 1034 tal
1579 999 1756 1043 manegio,
1783 998 1915 1032 L'Illu-

147 1054 326 1089 strissimo
354 1053 523 1089 Cardinal
562 1053 592 1087 si
628 1053 816 1097 giudicara
851 1055 980 1096 questa
1015 1064 1098 1087 cosa
1134 1065 1253 1087 essere
1289 1054 1505 1098 espediente,
1544 1054 1579 1087 la
1615 1055 1717 1098 potra
1751 1054 1916 1092 trattare,

149 1120 291 1152 sempre
327 1119 412 1152 pero
438 1107 673 1150 significando
709 1106 774 1142 che
806 1108 930 1140 nostra
964 1106 1161 1140 intentione
1196 1119 1265 1140 non
1293 1109 1311 1140 0
1338 1107 1372 1141 (11
1398 1107 1455 1141 far
1480 1106 1610 1141 alcuna
1637 1117 1721 1140 cosa
1755 1106 1790 1139 in
1817 1104 1915 1138 dimi—

149 1161 296 1195 nutione
331 1173 350 1194 o
385 1160 603 1205 pregiuditio
639 1159 669 1193 d’
686 1159 779 1194 altra
806 1159 1004 1203 Religione,
1039 1171 1078 1193 se
1113 1171 1180 1204 pur
1215 1159 1401 1203 giudicara
1437 1160 1471 1194 S.
1505 1159 1539 1194 8.
1567 1159 1817 1194 Illustrissima
1851 1169 1916 1191 cou

152 1214 262 1258 quelli
289 1213 431 1258 Signori
457 1213 488 1247 d’
504 1214 671 1257 Augusta
706 1213 771 1247 che
797 1224 862 1258 per
887 1224 1081 1247 conseruar
1106 1213 1132 1246 il
1158 1213 1277 1247 diuino
1304 1212 1411 1254 culto,
1451 1215 1487 1247 et
1513 1213 1631 1247 aiutar
1656 1212 1689 1246 10
1716 1223 1797 1246 0050
1823 1210 1917 1245 della

152 1267 340 1310 Religione
366 1266 545 1301 0311101103
570 1267 607 1300 111
633 1267 811 1309 Augusta,
846 1266 900 1299 sia
926 1266 1142 1310 importante
1180 1266 1215 1300 la
1241 1266 1430 1301 fundation
1457 1267 1500 1300 de
1525 1278 1573 1300 un
1601 1265 1759 1307 Collegio
1784 1266 1916 1305 nostro,

153 1323 189 1354 et
215 1322 342 1364 questo
377 1332 447 1354 non
482 1320 512 1354 si
548 1332 618 1364 puo
644 1320 721 1354 fare
756 1320 791 1353 di
816 1331 933 1353 nuouo
968 1330 1032 1364 per
1058 1319 1123 1353 che
1150 1319 1246 1353 forse
1280 1331 1350 1353 non
1386 1320 1420 1354 lo
1446 1319 1733 1364 permetterebbe
1768 1318 1803 1352 la
1829 1317 1919 1352 citta

152 1374 373 1418 d'Augusta,
410 1373 560 1408 essendo
594 1385 658 1418 per
684 1373 719 1406 la
745 1373 911 1416 maggior
936 1375 1038 1417 parte
1064 1373 1235 1413 heretica,
1270 1373 1407 1407 benche
1439 1373 1475 1407 in
1501 1385 1571 1407 uuo
1598 1372 1683 1406 delli
1710 1371 1831 1414 luoghi
1858 1370 1919 1414 gia

152 1427 236 1461 fatti
272 1427 356 1461 delli
392 1426 560 1461 catholici
589 1426 710 1470 (quale
746 1425 815 1460 011
842 1426 940 1460 detto
966 1426 1199 1468 monasterio)
1236 1425 1271 1460 lo
1306 1428 1495 1471 permetta,
1531 1426 1590 1460 all’
1605 1425 1692 1460 hora
1727 1426 1831 1470 potra
1865 1435 1917 1457 re-

152 1483 341 1525 presentar
367 1482 494 1524 questo
512 1480 722 1522 Monsignor
739 1478 989 1513 Illustrissimo
1015 1480 1036 1512 3
1054 1478 1126 1513 8113
1145 1479 1310 1513 831111134
1336 1480 1505 1513 massime
1531 1491 1570 1513 se
1597 1478 1709 1514 anche
1736 1489 1799 1523 per
1825 1476 1918 1511 altra

154 1534 214 1568 uia
249 1535 280 1567 si
307 1534 447 1568 uedessi
482 1545 553 1567 non
587 1533 618 1567 si
653 1535 756 1578 poter
781 1534 943 1577 aspettar
969 1532 1027 1566 dal
1054 1532 1157 1567 Clero
1193 1532 1227 1566 la
1254 1533 1442 1566 fundation
1469 1533 1511 1566 de
1537 1532 1589 1566 tal
1621 1543 1728 1577 opera
1761 1542 1806 1565 ne
1832 1529 1917 1564 dalli

153 1587 317 1628 secolari,
353 1589 389 1621 et
415 1587 510 1621 forse
537 1598 665 1631 parera
691 1586 748 1620 all’
762 1586 849 1620 hora
876 1597 896 1619 a
923 1585 995 1620 Sua
1021 1586 1162 1621 83111113
1188 1586 1253 1620 0110
1279 1587 1309 1620 51
1335 1587 1472 1620 tornasi
1498 1597 1519 1620 a
1544 1585 1662 1620 fiorire
1687 1584 1724 1618 in
1751 1585 1918 1627 Augusta

154 1641 190 1675 la
216 1640 404 1684 Religione
431 1640 474 1674 de
500 1640 510 1674 i
537 1640 763 1685 medicatori,
803 1639 838 1673 in
865 1639 917 1674 tal
943 1650 1026 1674 caso
1052 1650 1092 1673 se
1119 1639 1143 1672 li
1170 1639 1302 1673 habbia
1329 1651 1349 1673 a
1375 1640 1523 1674 rendere
1549 1639 1575 1673 il
1599 1650 1663 1673 suo
1689 1636 1917 1677 monasterio,

152 1706 220 1739 pur
245 1694 281 1728 di
308 1696 436 1738 questa
461 1693 613 1728 materia
647 1705 717 1727 non
744 1693 819 1727 diro
847 1692 948 1735 altro,
984 1703 1023 1727 se
1049 1704 1117 1727 non
1155 1692 1221 1727 che
1246 1693 1305 1726 noi
1330 1704 1438 1727 senza
1474 1692 1499 1726 il
1525 1691 1747 1736 beneplacito
1784 1690 1818 1724 di
1846 1689 1918 1723 Sua

154 1746 295 1781 83111113
322 1759 390 1781 11011
416 1747 624 1781 intrariamo
651 1746 686 1780 in
712 1746 764 1780 tal
790 1746 908 1789 luogo,
935 1757 980 1779 ne
1006 1745 1120 1780 anche
1138 1745 1332 1779 uoluntieri
1359 1757 1468 1780 senza
1486 1756 1658 1779 consenso
1685 1744 1770 1778 delli
1796 1743 1915 1777 istessi

152 1800 335 1844 Religiosi‚
363 1813 382 1834 0
408 1800 487 1844 capi
513 1800 599 1834 loro.
705 1799 808 1834 Circa
834 1799 859 1833 11
886 1800 1005 1833 dottor
1022 1798 1220 1833 Thomasso
1240 1798 1343 1833 Gallo
1355 1799 1378 1840 ⁵,
1405 1799 1438 1832 io
1464 1799 1513 1832 mi
1539 1799 1683 1832 rimetto
1710 1796 1784 1831 aV.
1804 1797 1915 1830 Reue-

153 1866 261 1888 renza
286 1853 486 1888 hauendolo
513 1855 665 1887 trattato
692 1853 747 1887 001
772 1853 883 1898 padre
903 1852 1056 1894 Canisio,
1083 1855 1119 1886 et
1145 1863 1211 1886 0011
1237 1852 1262 1886 11
1288 1852 1367 1886 51101
1393 1851 1600 1893 consultori,
1625 1863 1665 1885 se
1690 1851 1724 1885 10
1749 1849 1917 1893 uogliono

152 1908 286 1941 ritener
312 1907 407 1940 nella
441 1918 507 1941 sua
533 1906 729 1947 Prouintia,
764 1906 829 1940 hor
864 1906 918 1940 sia
953 1906 989 1940 in
1014 1905 1208 1950 Hispruch,
1244 1905 1307 1939 hor
1341 1906 1377 1939 in
1410 1905 1501 1939 altro
1528 1905 1645 1948 luogo,
1680 1904 1855 1948 sperando
1882 1902 1916 1936 di

151 1961 288 2006 poterlo
314 1960 464 2001 aiutare,
499 1960 563 1994 hor
588 1960 774 1994 mandarlo
800 1959 896 1993 nella
922 1959 1108 1993 Prouintia
1135 1959 1327 1993 d’Austria
1357 1958 1391 1993 al
1418 1958 1534 1992 Padre
1560 1958 1716 1992 Lorenzo
1743 1955 1916 1999 Maggio⁶

151 2014 281 2060 perche
307 2013 478 2058 potrebbe
504 2025 624 2047 essere
649 2013 675 2047 li
702 2014 830 2047 desse⁷
856 2013 881 2046 il
907 2013 1034 2047 Dottor
1052 2011 1219 2057 Zeydel⁸‚
1246 2023 1352 2046 ouero
1379 2012 1506 2046 alcuno
1533 2023 1596 2056 per
1622 2010 1773 2055 qualche
1800 2009 1915 2043 classe

151 2068 186 2102 di
213 2067 415 2108 Rhetorica,
451 2078 471 2100 0
497 2066 694 2107 humanita,
730 2078 829 2100 come
856 2066 899 2100 V.
927 2066 1136 2100 Reuerenza
1161 2065 1195 2099 10
1222 2065 1309 2106 (1100,
1337 2067 1371 2099 01
1400 2065 1434 2099 di
1461 2066 1532 2109 qua
1557 2065 1589 2099 si
1615 2063 1854 2098 raccomanda
1880 2062 1914 2096 al

152 2121 269 2155 Padre
296 2121 465 2161 Lorenzo,
500 2119 566 2154 che
601 2119 637 2153 in
664 2131 747 2154 caso
774 2119 840 2153 che
867 2131 906 2153 se
931 2119 957 2153 li
983 2119 1103 2153 mandi
1130 2119 1229 2153 detto
1255 2118 1372 2152 Padre
1398 2118 1605 2159 Thomasso,
1644 2116 1764 2151 mandi
1790 2116 1915 2149 ricom—

149 2185 272 2219 pensa.
299 2173 335 2207 Si
361 2184 561 2218 presupone
587 2176 673 2218 pero
700 2173 766 2207 che
780 2173 823 2207 V.
843 2172 1051 2207 Reuerenza
1077 2172 1184 2206 habbi
1203 2174 1308 2206 usato
1334 2172 1359 2205 li
1377 2172 1487 2205 mezzi
1514 2171 1580 2205 che
1599 2173 1702 2216 potra
1728 2181 1791 2214 per
1810 2180 1915 2203 curar

150 2227 271 2271 quella
305 2227 475 2260 infirmita
502 2226 567 2260 che
593 2228 729 2260 mostra
756 2227 854 2260 detto
881 2226 1009 2260 Padre.
1038 2253 1044 2259 .
1066 2252 1072 2259 .
1093 2251 1100 2259 .
1144 2225 1184 2258 Li
1220 2225 1321 2269 padri
1349 2224 1560 2258 Guilliermo
1596 2226 1632 2258 et
1658 2224 1814 2258 Lorenzo
1850 2222 1914 2255 che

150 2283 279 2314 stanno
314 2281 350 2313 in
376 2280 548 2314 Fiorenza
584 2282 620 2314 et
644 2280 796 2314 Ferrara
830 2291 900 2313 non
935 2279 966 2313 si
1000 2289 1153 2324 possono
1180 2278 1302 2312 leuare
1339 2278 1373 2311 di
1400 2278 1436 2311 13
1462 2289 1571 2312 senza
1596 2277 1705 2311 molto
1731 2276 1826 2310 mala
1861 2286 1913 2309 50-

151 2333 357 2368 disfattione
385 2333 419 2367 di
438 2333 535 2367 dette
553 2332 690 2376 Regine
703 2334 726 2367 9.
742 2361 746 2367 .
763 2360 789 2367 ..
818 2332 854 2367 Jl
873 2333 1000 2366 Rettor
1018 2332 1060 2366 de
1077 2331 1305 2375 Jngolstadio
1332 2331 1409 2365 dice
1436 2330 1501 2365 che
1527 2330 1553 2364 li
1579 2333 1597 2364 0
1623 2332 1719 2364 stato
1737 2328 1915 2374 prohibito

273 2442 282 2461 ¹
303 2439 509 2485 Capitulum
528 2438 736 2474 cathedrale
755 2439 947 2483 quotannis
961 2438 1031 2473 200
1044 2438 1198 2473 florenos
1213 2438 1298 2472 dare
1313 2438 1551 2472 consueverat
1564 2436 1669 2480 (Can.
1681 2436 1714 2470 V
1728 2435 1795 2469 537
1816 2434 1914 2478 546).

273 2494 285 2514 2
305 2492 437 2527 Ottone
456 2493 667 2527 Truchsess.

272 2547 284 2566 ³
310 2546 432 2590 Aliqui
458 2558 502 2580 ex
529 2545 706 2589 Fuggeris
733 2544 886 2589 aliisque
911 2544 1074 2589 patriciis
1101 2544 1315 2588 augustanis
1340 2543 1386 2585 id,
1414 2543 1561 2577 favente
1587 2541 1759 2576 cardinali
1783 2540 1916 2575 Ottone

152 2599 363 2640 Tmohsess,
383 2599 549 2642 agebant,
576 2602 616 2632 ut
635 2598 950 2632 Dominicanorum
969 2598 1227 2632 monasterium
1246 2599 1499 2640 augustanum,
1526 2595 1560 2629 in
1580 2606 1650 2639 quo
1667 2594 1773 2639 pauci
1798 2605 1914 2628 sacer-

152 2652 253 2686 dotes
278 2652 372 2685 haud
391 2652 468 2686 sine
485 2652 606 2686 victus
625 2651 841 2686 difficultate
860 2651 1108 2692 versabantur,
1127 2651 1162 2684 in
1182 2650 1373 2685 Societatis
1391 2649 1594 2692 collegium,
1613 2648 1741 2682 damno
1759 2647 1914 2681 Domini—

155 2705 254 2739 canis
281 2707 519 2749 compensato,
539 2708 829 2745 converteretur;
858 2717 891 2738 v.
916 2706 1002 2738 Can.
1021 2703 1071 2738 IV
1091 2704 1296 2743 763—765;
1317 2703 1349 2736 V
1367 2703 1411 2736 47
1430 2702 1486 2744 50,
1514 2704 1549 2735 et
1568 2702 1684 2744 Dnhr,
1704 2701 1776 2735 Jes.
1796 2701 1812 2734 I
1834 2700 1913 2734 379.

271 2760 283 2778 4
310 2757 343 2791 8.
364 2758 427 2791 Ρ10
446 2758 488 2792 V.
611 2759 624 2778 5
649 2758 740 2792 Vide
767 2769 876 2802 supra
902 2769 936 2802 p.
958 2757 1023 2792 143
1046 2758 1122 2791 147.
1235 2757 1248 2776 ⁶
1274 2755 1484 2800 Praeposito
1502 2754 1714 2799 provinciali
1734 2753 1913 2788 Austriae.

273 2811 285 2830 ⁷
313 2810 471 2853 Collegio
499 2811 691 2854 dilingano,
718 2811 779 2845 ubi
805 2810 934 2845 Gallus
961 2810 1123 2844 docebat.

274 2866 286 2883 ³
311 2862 350 2896 P.
378 2863 544 2897 loannem
572 2863 688 2904 Seid1;
715 2876 750 2899 v.
781 2865 868 2898 Can.
895 2863 928 2897 II
955 2864 1065 2904 3532;
1095 2863 1181 2908 Epp.
1209 2863 1332 2897 Nadal
1356 2862 1389 2895 11
1417 2860 1614 2896 567—568.

274 2918 287 2935 ‘³
314 2916 384 2950 ΡΡ,
413 2916 628 2950 Guilielmus
662 2916 817 2950 Elderen
853 2918 889 2950 et
923 2916 1140 2950 Laurentius
1175 2915 1434 2949 Hermanutius
1472 2914 1626 2948 Ioannae
1664 2915 1700 2947 et
1734 2912 1915 2946 Barbarae

152 2968 477 3003 archiducissarum
504 2969 714 3003 confessarii
736 2969 785 3012 (v.
804 2981 913 3014 supra
932 2981 965 3014 p.
985 2969 1055 3012 16).
1096 2969 1298 3013 Utrumque
1325 2968 1433 3002 etiam
1459 2967 1664 3010 germanice
1688 2965 1914 3000 contionandi

154 3021 271 3056 officio
297 3021 332 3055 in
351 3021 433 3055 aula
451 3022 552 3065 fungi
570 3023 727 3056 testatur
746 3023 923 3056 Polancus
947 3022 1107 3056 *litteris
1125 3022 1239 3056 Roma
1260 3022 1313 3056 11.
1333 3020 1487 3055 Ianuarii
1511 3020 1601 3055 1569
1620 3019 1663 3053 ad
1683 3019 1723 3053 P.
1742 3017 1912 3052 Lanoium

155 3075 249 3109 datis
276 3074 338 3118 (ex
364 3086 488 3119 apogr.
515 3075 627 3108 eiusd.
655 3077 784 3119 tenip.;
814 3075 932 3109 Germ.
960 3077 1003 3110 67
1031 3076 1055 3111 f.
1083 3074 1204 3118 205b).
