2044 3335
137 105 239 140 1537.
266 103 406 138 Helena
433 103 519 138 Can.
559 102 644 138 Dec.
665 103 768 139 1567.
822 104 924 140 1538.
951 105 1037 140 Can.
1055 103 1151 139 Frid.
1170 115 1191 138 a
1210 103 1414 147 Wirsberg.
1454 103 1485 138 9.
1505 103 1589 137 Dec.
1611 104 1712 138 1567,
1782 107 1863 149 129

87 234 232 267 eamque
265 223 306 256 ob
333 233 496 256 caussam
523 224 686 265 corporis
718 224 777 255 suc
811 224 1010 266 afflictione
1034 223 1229 265 flayrisque
1254 221 1428 255 coelestem
1453 232 1523 254 sese
1555 222 1773 254 clementiam
1799 233 1868 255 esse

87 277 360 319 imploratam-as,
396 277 446 308 vti
470 275 612 308 Numen
642 275 788 309 Cantsc'o
822 280 962 309 tantum
989 276 1194 318 beneficium
1220 285 1447 317 compensare
1472 275 1563 317 velit,
1599 275 1742 317 quando
1771 277 1868 317 ipsae

90 340 163 363 non
185 326 362 372 possent.“

90 424 242 462 1532.
341 422 622 459 HELENA
651 425 822 460 Austriae
849 425 1098 460 archiducissa
1125 424 1328 460 CANISIO.

659 477 860 523 Oeniponte
887 479 983 514 circa
1009 479 1146 513 ineunt.
1172 478 1233 513 vel
1259 478 1352 513 med.
1379 490 1425 513 m.
1453 478 1688 513 Decembrem
1717 479 1819 513 1567.

211 532 298 566 Vide
323 531 511 576 epistulam
537 544 572 565 n.
594 534 695 565 1536.

90 628 244 666 1538.
344 628 563 664 CANISIUS
603 628 995 666 FRIDERICO
1036 629 1083 664 A
1121 628 1506 665 WIRSBERG
1550 631 1716 675 episcopo
1754 630 1869 664 herbi-

281 682 419 728 polensi
446 685 483 716 et
508 683 681 717 Franciae
707 683 894 718 orientalis
921 684 1014 719 duci.
1255 682 1402 727 Dilinga
1429 684 1461 718 9.
1480 683 1691 718 Decembris
1719 684 1821 718 1567.

210 748 266 783 Ex
291 747 502 793 apographo
529 748 653 782 eodem
680 748 756 782 fere
783 751 945 793 tempore
970 748 1106 793 scripto
1136 747 1214 791 (2⁰;
1242 747 1263 781 2
1282 748 1357 792 pp.)
1388 750 1424 782 et
1449 747 1502 782 sic
1519 747 1693 793 inscripto
1719 749 1756 782 in
1773 760 1807 793 p.
1830 749 1868 782 1:

94 802 299 846 „Quaedam
326 804 498 846 excerpta
525 813 569 835 ex
596 801 712 835 literis
738 802 781 835 D.
808 801 906 836 Petri
934 801 1104 847 Canisij“‚
1131 803 1168 835 et
1192 800 1228 835 in
1256 812 1290 845 p.
1309 802 1351 836 4:
1393 801 1595 846 „Excerpta
1621 801 1798 845 quaedam
1824 812 1870 835 ex

94 855 211 889 literis
234 854 277 889 D.
297 854 397 888 Petri
416 854 550 899 Canisij
578 854 820 888 confessarios
847 858 883 889 et
909 854 1120 899 absoluendj
1147 853 1332 888 licentiam
1359 854 1403 888 ab
1431 852 1599 897 [haeresi]
1628 855 1867 888 concernens“

90 908 208 952 [sic];
233 908 337 995 quoldI
355 907 603 953 apographum
629 909 751 942 exstat
769 908 956 953 Herbipoli
982 908 1017 941 iu
1044 907 1193 942 archivo
1217 907 1337 941 curiae
1356 907 1580 952 episcopalis,
1599 907 1701 941 Fasc.
1726 907 1872 950 „VViirz-

91 963 204 1005 burg„
236 962 278 996 A.
341 968 354 982 ⁰
383 961 445 995 14“
476 972 510 995 n.
537 961 570 995 6.

212 1021 271 1054 Ad
298 1018 463 1065 ‚‚casmn“
490 1021 700 1064 respondet:
726 1021 925 1064 Episcopus
951 1032 973 1054 α
996 1022 1163 1064 pontifice
1188 1021 1383 1054 iubilaeum
1404 1024 1506 1063 petat
1515 1032 1528 1062 ,·
1563 1031 1630 1064 quo
1661 1021 1773 1053 multa
1794 1025 1871 1063 pot-

91 1079 197 1108 erunt
223 1072 439 1119 ,‚snppleri“.
495 1074 719 1116 Confessarii
745 1079 981 1108 moneantur:
1016 1075 1234 1118 Episcopum
1266 1085 1344 1107 eum
1370 1075 1460 1116 ipsis
1483 1085 1586 1107 suam
1612 1074 1872 1107 haereticorum

89 1129 382 1162 absolvendorum
403 1132 610 1170 potestatem
637 1129 901 1161 communicare
927 1139 1000 1161 non
1019 1138 1134 1171 posse.
1177 1129 1377 1171 Episcopus
1403 1137 1521 1160 omnes
1541 1139 1610 1170 per
1636 1128 1873 1169 confessarios

91 1182 136 1215 ab
161 1182 302 1214 haeresi
326 1181 503 1214 absolutos
529 1183 709 1214 communi
735 1181 957 1214 absolutione
990 1181 1034 1214 ab
1060 1182 1424 1214 excorientum'catt'one
1458 1180 1590 1224 liberet,
1626 1184 1656 1213 et
1690 1184 1798 1223 curet,
1834 1184 1873 1214 ut

91 1236 308 1277 confessarii
340 1234 501 1277 sinyulos
536 1234 584 1266 ad
616 1239 842 1277 peccatorum
878 1235 1134 1268 absolutionem
1160 1235 1275 1267 denuo
1304 1234 1493 1276 petendam
1519 1235 1711 1267 adducant.
1762 1234 1873 1267 Mittit

99 1289 271 1323 Canisz'us
297 1292 327 1321 et
346 1287 581 1330 promulqari
607 1289 703 1330 cupit
730 1288 908 1322 decretum
932 1289 974 1321 de
999 1289 1243 1321 matrimoniis
1268 1288 1510 1322 clandestinis,

93 1379 151 1383 —
183 1355 270 1382 —1
301 1353 472 1395 Addam
505 1367 618 1395 nunc
642 1354 694 1395 de
716 1353 939 1408 proposito
962 1353 1066 1395 mihi
1089 1353 1283 1395 Praelati
1318 1367 1435 1404 casu,
1469 1366 1596 1406 quem
1619 1351 1872 1406 Amplitudo

93 1424 172 1463 tua
204 1418 423 1473 cognouit,
457 1421 501 1461 et
535 1433 561 1461 a
592 1433 660 1461 me
693 1418 833 1461 voluit
864 1418 1060 1462 iudicari.
1123 1418 1224 1460 Non
1256 1420 1454 1473 repetam
1487 1417 1646 1468 varias,
1687 1430 1798 1470 quae
1829 1416 1873 1458 in

92 1485 174 1527 hoc
206 1484 382 1538 negotio
415 1498 512 1526 sese
544 1484 668 1526 nobis
701 1487 746 1527 et
777 1483 1049 1538 sapientibus
1081 1485 1282 1535 offerunt,
1317 1483 1613 1526 difficultates
1661 1483 1870 1537 Optarem

95 1563 176 1604 ego
209 1550 505 1600 vehementer,
539 1552 589 1592 vt
620 1549 655 1591 si
689 1549 925 1604 publicatio
949 1548 1345 1602 Jndulgentiarum,
1379 1549 1450 1590 vel
1478 1547 1681 1597 Jubilaei,
1715 1550 1764 1590 vt
1796 1561 1874 1589 vo—

95 1629 259 1666 camus,
302 1614 444 1666 isthic,
488 1614 601 1657 sicut
633 1614 863 1667 Augustae
904 1629 1054 1669 nuper,
1097 1615 1218 1658 facta
1260 1628 1346 1656 non
1383 1614 1454 1664 sit,
1497 1614 1728 1655 Praelatus
1759 1612 1873 1654 idem

95 1680 222 1723 huius
255 1680 429 1734 quidem
461 1680 745 1734 Apostolicae
777 1680 949 1733 gratiae
983 1679 1133 1722 statim
1167 1683 1399 1733 quaereret
1430 1682 1475 1721 et
1507 1679 1726 1733 acciperet
1758 1678 1874 1720 salu-

94 1749 238 1789 tarem
262 1745 696 1788 communicationem
709 1746 739 1789 2.
784 1746 900 1788 Nam
923 1759 979 1787 ex
1002 1747 1081 1788 hoe
1103 1747 1229 1787 nobis
1252 1746 1399 1787 oblato
1422 1744 1647 1786 Ecclesiae
1668 1743 1873 1787 thesauro

97 1812 236 1854 multa
268 1811 461 1866 suppleri
493 1814 686 1865 possunt,
721 1825 833 1864 quae
865 1824 1093 1866 perperam
1124 1825 1150 1853 a
1173 1811 1375 1853 Praelato
1408 1810 1451 1851 in
1474 1810 1610 1852 sacris
1632 1809 1875 1859 commissa,

97 1877 169 1919 vel
192 1877 396 1919 ommissa
428 1876 618 1919 fuerunt.
664 1876 906 1931 Supersunt
938 1879 1086 1918 autem
1118 1877 1259 1918 adhuc
1291 1876 1402 1918 duae
1435 1875 1731 1924 difficultates,
1765 1888 1876 1927 quae

96 1957 183 1985 non
225 1942 341 1994 alibi,
385 1956 514 1996 quam
556 1941 655 1984 istic
697 1942 874 1992 auferri,
918 1942 1107 1995 dictique
1140 1942 1333 1984 Praelati
1368 1955 1473 1983 cura
1505 1943 1550 1983 et
1581 1954 1713 1995 opera
1748 1953 1875 1992 quam

98 2008 285 2063 primum
318 2007 565 2050 submoueri
593 2008 765 2050 debent.
810 2006 966 2049 Altera
989 2011 1057 2050 est
1080 2021 1135 2048 ex
1158 2010 1284 2061 parte
1307 2006 1702 2049 Confessariorum:
1737 2005 1876 2047 altera

99 2087 204 2115 vero
238 2073 475 2115 difficultas
507 2087 563 2115 ex
594 2076 722 2127 parte
755 2073 952 2124 aliorum,
996 2072 1068 2126 qui
1106 2076 1209 2115 sunt
1241 2073 1295 2114 ab
1327 2072 1481 2126 ijsdem
1514 2071 1801 2124 Confessarijs
1833 2071 1876 2111 in

98 2153 203 2182 casu
236 2138 432 2180 haeresis
464 2152 695 2193 perperam
728 2138 931 2182 absoluti.

219 2204 340 2253 Quod
384 2204 520 2257 igitur
563 2204 618 2246 ad
664 2204 908 2246 huiusmodi
949 2203 1248 2246 Confessarios
1292 2202 1454 2245 attinet
1498 2202 1570 2256 qui
1614 2202 1789 2243 volente
1834 2202 1878 2242 et

100 2269 266 2312 sciente
299 2270 517 2319 Praelato,
562 2270 806 2324 complures
847 2270 901 2311 ab
943 2269 1115 2311 haeresi
1157 2271 1201 2311 et
1234 2267 1681 2310 excommunicatione
1714 2266 1877 2308 maiore

100 2335 263 2390 passim
287 2335 582 2385 absoluerunt,
606 2335 712 2377 illud
735 2335 777 2376 in
801 2334 951 2389 primis
975 2334 1212 2377 curandum
1237 2336 1316 2384 est,
1345 2335 1394 2375 vt
1415 2333 1665 2386 intelligant
1686 2332 1876 2382 tandem,

99 2401 142 2443 in
187 2403 410 2455 posterum
455 2401 509 2442 ab
554 2401 636 2442 hac
681 2400 935 2442 absoluendi
979 2402 1215 2454 potestate,
1262 2413 1390 2452 quam
1436 2413 1521 2440 non
1567 2398 1750 2447 habent,
1797 2397 1878 2438 sibi

100 2480 280 2521 prorsus
313 2465 618 2508 abstinendum
651 2480 760 2516 esse,
803 2480 943 2519 neque
982 2467 1116 2507 Vllum
1150 2464 1472 2507 Confessarium
1506 2464 1560 2505 ab
1593 2463 1761 2505 haeresi
1795 2463 1879 2505 rite

101 2532 330 2574 absoluere
371 2531 464 2573 sine
506 2545 619 2573 noua
662 2534 706 2573 et
747 2531 923 2586 spetiali
949 2524 1179 2574 facultate
1213 2529 1436 2571 Pontifieis
1467 2528 1662 2571 Maximi.
1727 2529 1880 2571 Potest

101 2597 274 2650 quidem
316 2597 558 2651 Episcopus
599 2611 677 2651 pro
720 2597 992 2639 authoritate
1034 2611 1114 2638 sua
1156 2595 1425 2638 haereticum
1473 2608 1551 2648 per
1597 2594 1787 2648 seipsum
1835 2596 1880 2635 et

103 2662 324 2704 Vicarium
358 2664 512 2704 suum3
545 2662 788 2712 absoluere,
832 2662 908 2704 sed
946 2662 1057 2704 hanc
1090 2676 1212 2703 suam
1245 2660 1289 2702 in
1322 2660 1588 2702 absoluendo
1622 2660 1879 2702 facultatem

102 2727 213 2778 aliis,
249 2727 402 2781 quibus
434 2728 527 2782 ipse
557 2729 666 2778 vult,
701 2727 1020 2786 communicare
1042 2741 1128 2768 non
1150 2729 1309 2781 potest,
1344 2725 1605 2781 praesertim
1627 2725 1670 2767 in
1694 2725 1879 2775 casibus,

103 2807 212 2846 quos
243 2796 418 2844 vocant,
454 2794 579 2836 Pont.
614 2794 733 2836 Max:
766 2792 1016 2835 reseruatis.

228 2893 238 2913 ¹
264 2892 433 2927 Fortasse
461 2892 627 2927 Canisius
663 2892 729 2927 hoc
764 2892 951 2937 praefatus
984 2895 1081 2926 erat:
1118 2891 1163 2925 Se
1198 2893 1282 2925 ante
1317 2891 1462 2935 aliquod
1488 2892 1631 2935 tempus
1657 2890 1881 2936 Herbipolim

104 2945 247 2980 misisse
274 2946 474 2988 consilium,
511 2947 604 2990 quod
641 2946 818 2991 episcope,
855 2958 926 2989 quo
960 2945 991 2979 is
1027 2945 1156 2979 melius
1191 2947 1228 2979 et
1261 2945 1329 2979 sibi
1366 2947 1402 2978 et
1438 2944 1663 2990 episcopatui
1694 2944 1881 2979 consulere

106 3001 240 3044 posset,
267 3000 352 3033 dare
378 3001 499 3033 iussus
525 3002 641 3040 esset;
670 3000 762 3043 quod
791 2999 980 3033 consilium
1008 3010 1041 3032 v.
1069 3010 1178 3043 supra
1204 3011 1237 3044 p.
1258 2999 1410 3033 75-79,

227 3053 240 3072 ²
265 3053 318 3086 De
344 3053 411 3087 hoc
437 3053 590 3087 iubilaeo
616 3065 652 3087 v.
678 3064 789 3098 supra
814 3065 848 3098 p.
870 3052 1068 3087 127—128.

228 3107 240 3126 ³
266 3106 450 3141 Vicarium
477 3107 694 3150 generalem,
721 3118 826 3150 quem
854 3106 1017 3146 dicimus,
1043 3106 1238 3149 significat.

178 3170 492 3203 Braunsberger,
514 3171 626 3197 Canisii
646 3171 802 3204 Epistulae
823 3171 855 3196 et
873 3170 960 3197 Acta.
990 3170 1039 3197 VI.
1574 3166 1594 3199 9
