2044 3335
153 85 239 127 498
387 83 488 118 1767.
516 82 601 118 Can.
620 82 839 126 Hieronymo
865 80 998 115 Natali.
1042 80 1240 126 Oeniponte
1268 81 1322 115 17.
1341 81 1549 116 Decembris
1577 82 1677 116 1571.

154 200 275 243 satis.
329 200 488 249 Quibus
521 200 574 241 de
606 199 733 240 rebus
767 199 893 241 auide
919 211 1174 253 responsum
1197 199 1415 251 expectat,
1449 201 1497 242 ut
1531 199 1637 241 certi
1669 199 1830 254 aliquid
1862 200 1915 242 de

153 265 240 307 filio
274 267 468 307 statuere
500 264 651 318 possit,
685 263 944 318 praesertim
977 263 1020 305 in
1052 263 1134 305 hac
1161 262 1410 306 ualetudine
1433 264 1713 307 uehementer
1735 265 1913 308 afflicta.

154 330 358 372 Fortasse
380 329 541 371 Rector
564 328 733 382 collegij
760 328 1004 370 Germanici
1023 329 1037 356 ¹
1060 328 1097 370 si
1119 327 1416 379 admoneatur,
1442 329 1496 370 ad
1518 329 1765 383 propositas
1783 343 1915 383 quae-

153 394 316 437 stiones
348 394 476 435 facile
507 393 798 447 respondebit.

271 458 613 512 Expectabimus
626 458 857 501 editionem
872 457 1140 500 Gallicanam
1154 457 1206 499 de
1217 457 1399 499 historia
1410 458 1437 500 J
1440 459 1676 512 apponensi
1687 460 1716 502 2.
1739 459 1915 501 Gratias

155 523 324 565 Christo
358 523 538 577 agimus,
584 523 655 576 qui
688 523 733 566 P.
768 523 823 566 N.
860 523 1116 565 Generalem
1150 523 1204 564 ad
1245 523 1388 564 aulam
1422 523 1604 576 Regiam
1637 523 1806 565 saluum
1839 524 1915 566 ad-

153 587 278 630 duxit
293 589 322 638 3,
357 591 401 630 et
433 602 658 642 speramus
689 588 796 638 fore,
830 591 879 630 ut
910 587 952 629 in
977 587 1119 630 Gallia
1147 601 1315 640 quoque
1348 587 1534 630 feliciter
1556 602 1650 630 cum
1674 589 1725 631 D.
1748 589 1914 641 Legato

152 656 364 703 uersetur,
397 653 483 695 imo
515 657 563 696 ut
596 653 728 696 etiam
760 667 837 707 per
860 652 1135 695 Germaniam
1160 666 1215 694 ex
1239 652 1380 694 Gallia
1402 653 1584 694 Romam
1617 654 1723 695 duce
1745 653 1915 696 Christo

151 722 411 761 reuertatur.
471 719 660 772 Magnae
693 718 863 771 quidem
898 717 1185 760 consolationi
1216 717 1339 759 nobis
1370 717 1486 760 foret
1517 718 1631 760 tanti
1663 718 1806 761 Patris
1839 719 1915 760 ad-

152 785 309 826 uentus
340 783 383 825 in
416 784 646 838 prouintijs
679 783 874 825 omnibus
909 782 1189 825 Germanicis.

271 848 482 892 Narrauit
524 849 799 892 Lutheranus
845 849 896 889 de
942 862 1053 890 nouo
1100 847 1382 890 conciliabulo
1426 847 1765 900 haereticorum,
1809 862 1915 901 quos

152 913 331 956 Elector
367 916 593 967 Augustus
635 929 688 956 ex
724 913 1098 967 Wittenbergensi
1143 916 1187 955 et
1227 913 1436 955 Jhenensi
1478 913 1627 955 schola
1670 913 1713 955 in
1755 913 1913 955 eisdem

154 979 365 1021 conclusit
397 980 588 1027 aedibus
628 979 709 1021 hac
743 979 874 1021 etiam
909 978 1059 1021 addita
1090 978 1456 1028 interminatione,
1491 979 1603 1031 quod
1637 978 1785 1032 egredi
1815 993 1916 1032 pro-

152 1043 425 1094 hibebuntur,
459 1044 662 1098 quamdiu
694 1059 779 1086 non
813 1043 1133 1098 composuerint
1165 1043 1386 1085 dissidium
1419 1043 1500 1085 hoc
1531 1046 1657 1085 uetus
1679 1043 1914 1096 religionis,

153 1123 235 1162 quo
278 1112 373 1152 tota
414 1109 616 1160 Saxonia,
659 1110 744 1151 imo
787 1112 830 1152 et
869 1109 1101 1151 Germania
1142 1108 1297 1150 misere
1339 1109 1614 1151 diuexatur4.
1678 1108 1914 1162 Egregium

151 1173 318 1216 scilicet
359 1174 589 1217 artificium
622 1175 675 1216 ad
719 1174 989 1216 concordiam
1023 1174 1246 1227 religionis
1276 1174 1392 1216 inter
1422 1174 1520 1215 illos
1553 1173 1914 1224 constituendam,

152 1239 226 1292 qui
256 1239 387 1281 etiam
420 1240 567 1282 litibus
591 1243 635 1282 et
658 1239 764 1281 rixis
788 1239 1074 1290 delectantur,
1103 1253 1236 1292 seque
1259 1242 1407 1282 mutuo
1430 1241 1498 1281 tot
1519 1239 1605 1280 iam
1627 1239 1751 1280 annis
1773 1238 1915 1281 rabio-

152 1303 320 1345 sissime
352 1304 667 1358 prosciderunt.
716 1305 910 1347 Jstorum
935 1318 1037 1345 uero
1061 1303 1270 1346 dissensio
1294 1306 1426 1356 auget
1448 1304 1570 1345 nobis
1593 1303 1914 1354 Caluinismum,

152 1368 271 1410 cuius
304 1372 435 1423 caput
465 1369 509 1411 in
543 1370 775 1412 Germania
807 1372 955 1412 notum
990 1371 1078 1410 est:
1112 1369 1174 1410 sic
1206 1369 1416 1423 paulatim
1451 1382 1473 1410 e
1500 1369 1625 1410 malis
1655 1368 1916 1411 Lutheranis

153 1433 390 1476 deteriores
408 1434 704 1478 Caluinianosa
720 1435 968 1488 accipimus,
992 1436 1138 1488 pestes
1161 1434 1325 1476 scilicet
1342 1433 1542 1476 exitiales
1565 1433 1702 1475 omnis
1724 1433 1915 1487 pietatis.

151 1499 311 1541 Dolent
333 1499 556 1551 Catholici,
591 1501 703 1554 quod
738 1500 918 1541 audiunt
949 1499 1064 1541 haud
1093 1499 1185 1540 sine
1207 1499 1397 1553 periculo
1421 1499 1649 1541 Caesarem
1671 1499 1872 1540 laborare
1885 1499 1914 1541 5.

153 1564 237 1606 Sed
268 1565 376 1606 haec
408 1565 560 1616 obiter,
593 1565 630 1607 si
661 1565 849 1608 fortasse
883 1565 1022 1607 adhuc
1045 1565 1094 1607 R.
1120 1565 1168 1606 T.
1193 1565 1244 1606 de
1277 1565 1406 1606 rebus
1430 1563 1695 1606 Germanicis
1728 1564 1916 1605 libenter

153 1629 285 1673 audit.
351 1630 708 1673 Commendamus
749 1645 827 1672 nos
869 1630 1100 1684 plurimum
1132 1629 1354 1683 sacrificijs
1387 1631 1431 1671 et
1471 1629 1670 1683 precibus
1703 1629 1753 1674 R.
1787 1629 1834 1672 T.
1871 1632 1916 1671 et

271 1699 299 1731 a)
322 1698 547 1725 Caluininiauos
568 1704 680 1733 aumas.

274 1796 283 1816 ¹
312 1795 349 1829 P.
377 1795 579 1830 Ludovicus
607 1795 792 1838 Gagliardi
823 1795 1053 1838 (Steinlmber
1077 1794 1099 1828 l.
1128 1807 1155 1829 c.
1184 1794 1215 1828 1²
1241 1794 1316 1837 88).

271 1848 284 1868 2
309 1848 361 1882 De
386 1848 454 1883 hac
480 1849 644 1890 editione,
671 1848 820 1883 Parisiis
848 1860 879 1882 a.
901 1849 990 1883 1572
1016 1848 1051 1882 in
1078 1847 1194 1882 lucem
1221 1847 1361 1888 emissa,
1387 1859 1421 1880 v.
1449 1858 1556 1891 supra
1583 1859 1615 1891 p.
1643 1847 1739 1881 491⁹.

272 1902 285 1921 ³
310 1903 462 1945 Borgias
494 1903 548 1937 30.
577 1902 799 1947 Septembris
828 1902 915 1936 1571
945 1913 1025 1936 cum
1061 1901 1232 1935 cardinali
1259 1900 1436 1934 Michaele
1468 1900 1615 1934 Bonello
1642 1900 1695 1933 Pii
1723 1899 1766 1934 V.
1793 1899 1914 1942 legato

152 1955 339 1989 Mati-itum
367 1956 552 1998 ingressus
579 1958 656 1990 erat
685 1956 804 1997 (Suam
830 1955 852 1989 l.
879 1967 909 1989 c.
936 1955 1033 1998 512).

273 2011 285 2028 4
310 2008 440 2043 Nescio
466 2020 572 2052 quam
598 2020 683 2043 vere
702 2008 930 2042 Lutheranus
956 2008 1016 2042 ille
1042 2008 1132 2042 haec
1158 2006 1369 2041 narraverit.
1412 2006 1506 2040 Num
1533 2006 1762 2050 significabat
1791 2005 1916 2048 ⁷,collo-

154 2062 295 2106 quium“
327 2062 427 2096 iussu
453 2062 609 2105 Augusti
637 2062 813 2096 Saxoniae
840 2062 1006 2095 electoris
1033 2064 1069 2095 et
1094 2061 1236 2095 Ioannis
1264 2060 1445 2095 Guilielmi
1473 2060 1648 2094 Saxoniae
1675 2060 1775 2094 (lucis
1794 2059 1915 2093 Alten-

152 2115 257 2159 burgi
284 2127 314 2149 a.
337 2116 489 2158 1568s69
508 2116 601 2149 inter
619 2115 806 2158 theologos
825 2115 1133 2158 vitembergenses
1160 2117 1196 2148 et
1220 2115 1384 2148 ienenses
1402 2113 1563 2148 habitum
1575 2115 1594 2147 ἱ)
1620 2112 1720 2155 Quod
1742 2112 1911 2156 „acriter“

154 2170 190 2202 et
214 2168 352 2202 frustra
378 2168 539 2203 habitum
568 2180 646 2203 esse
672 2169 829 2203 affirmat
860 2170 1040 2202 Gassarns
1066 2168 1087 2202 l.
1115 2179 1144 2202 c.
1172 2168 1187 2201 I
1216 2167 1317 2201 1924.

273 2223 285 2241 ⁵
312 2222 435 2256 Mense
461 2222 576 2267 Aprili
605 2222 696 2257 1572
722 2222 993 2256 Maximilianus
1019 2222 1062 2255 Il.
1093 2223 1128 2264 (†
1150 2221 1255 2263 1576)
1284 2220 1503 2254 valetudinis
1528 2220 1645 2263 gratia
1671 2220 1774 2263 aquis
1800 2219 1916 2254 ebers-

152 2275 388 2309 dorfiensibus
425 2275 650 2317 (Ebersdorf)
692 2275 862 2309 utebatur
903 2276 1044 2317 (Tm-ba
1076 2274 1097 2308 l.
1126 2286 1155 2308 c.
1191 2274 1242 2307 ΙΙΙ
1279 2274 1393 2317 5283).
1445 2273 1722 2307 Maximilmnus
1759 2272 1916 2306 *litteris

152 2328 271 2372 Praga
299 2329 352 2363 16.
377 2329 560 2363 Februarii
588 2329 676 2363 1571
706 2328 799 2362 datis
832 2340 954 2362 omnes
982 2327 1170 2362 Societatis
1197 2327 1318 2361 domos
1345 2328 1379 2360 in
1407 2326 1598 2361 Germania
1624 2326 1714 2360 sitas
1747 2325 1917 2359 liberavit

157 2383 220 2424 „ab
246 2382 340 2415 omni
367 2394 473 2416 onere
498 2382 691 2427 recipiendi
718 2382 961 2425 cuiuscunque
980 2382 1122 2425 generis
1149 2381 1350 2425 hospites“;
1378 2380 1606 2423 significabat
1632 2382 1750 2413 autem
1769 2379 1914 2419 milites,

156 2435 461 2480 „stipendiarios“,
497 2435 652 2476 aulicos,
688 2435 885 2480 principum
921 2435 1123 2475 ministros,
1161 2434 1318 2468 advenas
1353 2434 1430 2467 sive
1472 2432 1712 2475 „saeculares“
1751 2432 1829 2466 sive
1861 2444 1915 2466 ec-

153 2488 394 2529 clesiasticos;
422 2500 528 2533 quam
548 2489 703 2532 gratiam
729 2500 768 2522 se
796 2489 990 2522 concedere
1017 2488 1186 2529 affirmat,
1218 2487 1448 2532 „praesertim
1468 2487 1568 2520 cum“
1598 2485 1691 2520 Socii
1721 2486 1775 2527 „in
1802 2487 1915 2519 sacris

153 2544 259 2586 atque
286 2542 416 2576 divinis
443 2542 572 2576 officiis
598 2542 665 2576 rite
691 2554 733 2576 ac
759 2543 815 2587 pie
843 2542 1025 2580 obeundis,
1060 2541 1096 2575 in
1123 2541 1369 2575 conservanda
1404 2542 1440 2574 et
1471 2539 1700 2585 propaganda
1727 2551 1789 2583 per
1814 2539 1914 2573 verbi

151 2595 215 2629 Dei
234 2596 546 2640 praedicationem,
565 2596 875 2630 Sacramentorum
894 2595 1239 2629 administrationem
1259 2596 1295 2628 et
1313 2594 1384 2628 alia
1407 2593 1553 2638 pietatis
1571 2592 1690 2626 officia
1709 2593 1915 2627 Catholicae

152 2648 334 2682 Ecclesiae
361 2649 521 2682 doctrina
548 2651 656 2692 atque
683 2648 870 2693 disciplina
896 2660 1032 2682 necnon
1059 2648 1094 2681 in
1122 2648 1305 2681 educanda
1323 2649 1359 2680 et
1385 2646 1577 2680 erudienda
1604 2645 1789 2679 iuventute
1815 2657 1914 2689 egre-

153 2701 247 2743 giam
284 2714 427 2746 operam
462 2702 666 2747 impendere
701 2702 859 2735 soleant“
901 2702 962 2744 (ex
997 2701 1108 2735 totius
1144 2701 1348 2746 diplomatis
1387 2699 1593 2744 apographo
1628 2699 1785 2742 antiquo,
1821 2699 1912 2742 quod

154 2756 275 2788 exstat
299 2755 483 2798 Marburgi
519 2755 553 2788 in
585 2755 731 2789 archivo
767 2755 882 2798 regio:
915 2754 1025 2796 7,Acta
1051 2754 1150 2788 Vndt
1176 2754 1391 2796 Handelung
1411 2781 1417 2787 .
1439 2781 1444 2786 .
1466 2780 1472 2787 .
1495 2765 1537 2786 zu
1563 2752 1675 2786 Fulda
1701 2763 1824 2795 wegen
1853 2752 1915 2785 der

155 2806 317 2849 Religion
344 2809 433 2841 vndt
458 2809 616 2842 Jesuiter
642 2810 896 2851 zugetragen&
942 2807 993 2842 Cf.
1023 2808 1130 2841 etiam
1150 2808 1268 2851 Duhr,
1295 2807 1368 2841 Jes.
1396 2806 1411 2840 I
1438 2806 1652 2848 850—851).
1696 2806 1916 2839 Franciseus

154 2860 344 2892 Hui-tadu&
370 2862 411 2893 de
429 2862 602 2895 Mendoea.
629 2873 748 2895 comes
776 2861 818 2895 de
837 2861 1089 2904 Monteagudo,
1115 2860 1289 2905 hispanus
1315 2860 1406 2904 apud
1431 2859 1714 2893 Maximilianum
1734 2858 1777 2892 II.
1796 2860 1916 2892 orator

153 2911 362 2945 Vindobona
380 2914 435 2947 23.
456 2913 674 2958 Septembris
695 2915 781 2948 1571
803 2913 967 2959 Philippo
986 2914 1030 2947 Π.
1049 2914 1125 2957 regi
1143 2913 1308 2958 scripsit:
1336 2914 1589 2956 Imperatorem
1608 2923 1729 2945 secum
1747 2913 1912 2955 questum

155 2975 233 2998 esse
253 2965 294 2998 (le
313 2965 490 3007 religiosis
509 2967 721 3010 quibusdam
749 2967 861 3002 italis:
894 2978 982 3011 „que
1008 2967 1038 3001 si
1064 2979 1109 3000 no
1128 2978 1213 3000 eran
1238 2966 1292 3000 los
1317 2966 1550 3000 observantes
1576 2965 1618 2999 de
1637 2964 1707 2999 San
1726 2964 1914 2998 Francisco

153 3028 176 3061 y
203 3017 256 3051 los
283 3017 324 3050 de
351 3018 385 3050 la
413 3019 617 3063 Compastia,
654 3021 735 3054 todo
769 3021 801 3054 lo
829 3021 950 3054 demas
984 3032 1044 3054 era
1080 3020 1122 3054 de
1149 3032 1236 3063 gran
1272 3018 1471 3064 perdicion“
1506 3018 1705 3062 (Coleccion
1733 3018 1775 3051 de
1800 3017 1914 3051 Docu—

156 3072 296 3104 mentos
323 3070 475 3104 ineditos
502 3075 567 3105 etc.
596 3072 668 3114 CX,
695 3073 833 3106 Madrid
864 3074 963 3115 1894,
991 3074 1088 3117 305).
