2044 3335
664 91 837 134 Augusta
855 90 960 125 vind.
980 90 1012 124 2.
1032 89 1168 135 Aprilis
1189 88 1290 123 1569.
1783 88 1868 128 289

94 209 191 262 alijs
231 208 314 250 fide
356 207 509 261 dignis.
574 207 639 248 Ac
682 208 820 249 multa
862 210 953 250 tum
995 208 1165 249 locutus
1207 208 1275 247 est
1307 218 1384 258 per
1416 204 1637 246 obsessam
1671 203 1868 253 daemon,

94 287 206 326 quae
238 274 404 315 certum
437 275 504 314 est
536 271 591 313 ab
623 272 796 313 homine
828 272 933 325 fingi
974 286 1059 313 non
1099 270 1308 325 potuisse.
1372 270 1558 311 Coactus
1591 282 1617 309 a
1650 267 1869 317 crucifixo,

94 341 143 380 ut
176 337 334 387 aiebat,
368 337 482 379 inter
514 339 691 378 coetera
723 350 835 389 quae
866 336 1193 391 pronuntiabat,
1226 334 1430 376 maritum
1466 334 1516 377 D.
1546 333 1728 374 Vrsulae
1747 334 1760 360 ¹
1793 332 1869 374 ad-

94 403 261 444 monuit
302 402 464 452 sedulo,
509 404 556 444 vt
588 401 797 455 abijceret
838 402 972 443 libros
1004 402 1210 455 impuros,
1254 399 1367 441 sicut
1398 413 1501 440 mox
1532 398 1605 440 ille
1638 398 1756 448 fecit,
1800 400 1872 440 eta

96 468 182 509 alia
222 468 393 509 secreta
434 465 637 520 prorsusb
678 466 879 520 prodidit,
926 480 1037 519 quae
1079 465 1360 507 mulierculae
1401 464 1445 505 in
1487 465 1677 505 mentem
1719 462 1871 504 venire

94 546 315 585 nunquam
355 532 613 586 potuissent.
678 531 844 573 Omitto
886 532 1013 584 signa
1053 529 1297 580 horribilia,
1344 528 1664 582 praedictiones
1707 531 1750 570 et
1794 527 1871 569 ad-

95 597 375 647 monitiones,
419 610 527 649 quas
567 596 681 638 idem
723 598 840 638 teter
881 596 1059 650 spiritus
1101 594 1272 644 attulit,
1316 593 1548 646 multisque
1590 593 1727 634 modis
1766 591 1873 635 fecit

95 662 218 703 nobis
256 662 396 712 fidem,
441 661 673 715 Deiparam
708 661 933 714 Virginem
966 661 1054 702 suis
1087 659 1281 701 effecisse
1322 658 1537 712 precibus,
1586 660 1656 699 utc
1694 658 1872 699 obsessa

95 727 199 782 perd
232 727 433 768 Vrsulam
470 726 629 768 dictam
664 740 688 767 a
724 729 836 769 tetro
871 727 995 768 hoste
1029 729 1073 768 et
1105 724 1275 779 hospite
1316 723 1619 773 liberaretur2,
1665 723 1872 775 quemad-

96 792 269 833 modum
311 791 460 846 paucis
500 791 576 833 illa
617 791 761 832 uerbis
809 794 961 845 aperte
1009 790 1192 845 prolatis
1240 788 1397 831 effecit.
1471 788 1593 830 Haec
1640 790 1873 841 propterea

98 856 292 907 dixerim,
337 857 449 909 quod
491 855 690 897 minimee
733 856 1050 899 contemnenda
1091 858 1239 909 putem
1273 853 1355 895 Dei
1397 853 1522 903 dona,
1567 852 1722 905 quibus
1764 852 1871 894 haec

96 922 167 976 pia
208 925 410 964 matrona
451 922 704 971 decoratur,
752 924 796 963 et
839 935 949 974 quae
991 934 1087 962 cum
1131 919 1373 962 animarum
1416 918 1698 960 conuersione
1740 919 1872 970 atque

95 987 295 1041 profectu
336 986 546 1039 singulari
588 986 779 1039 quotidie
821 986 1023 1039 coniungi
1066 985 1293 1027 cernimus.
1359 984 1505 1025 Habet
1538 983 1651 1037 apud
1691 996 1737 1024 se
1778 982 1873 1036 pias

95 1054 140 1094 et
171 1051 470 1106 spiritualibus
502 1051 658 1104 studijs
691 1051 819 1092 ualde
852 1051 1051 1093 addictas
1091 1050 1317 1099 foeminas,
1363 1049 1517 1101 quibus
1550 1061 1653 1090 uere
1686 1050 1872 1090 matrem

96 1119 228 1170 atque
268 1117 487 1159 Martham
529 1130 626 1158 sese
666 1119 866 1170 praestat
907 1116 951 1157 in
992 1129 1161 1157 summa
1202 1114 1360 1156 mentis
1403 1118 1447 1156 et
1489 1113 1784 1167 simplicitate,
1828 1115 1873 1155 et

96 1183 288 1236 puritate
311 1182 505 1224 seruiens
528 1180 776 1224 Dominof3.
820 1181 994 1223 Faciam
1028 1180 1202 1223 interim
1234 1181 1400 1229 lubens,
1435 1179 1549 1232 quod
1581 1181 1729 1220 monet
1751 1179 1797 1221 P.
1823 1179 1870 1220 T.

97 1250 144 1289 ut
176 1262 271 1289 cuin
305 1247 508 1289 Patribus
541 1247 639 1301 alijs
672 1247 895 1288 conferam
928 1261 992 1298 ea,
1028 1247 1080 1288 de
1113 1246 1267 1299 quibus
1302 1245 1417 1286 circa
1450 1244 1716 1286 exorcismos
1750 1244 1872 1285 dubi-

94 1313 274 1354 tandum
317 1313 449 1363 uenit,
495 1315 540 1355 et
580 1326 707 1366 spero
749 1312 834 1353 illis
876 1313 918 1353 in
962 1314 1184 1366 posterum
1218 1325 1303 1352 non
1336 1310 1464 1351 ualde
1498 1324 1605 1363 opus
1637 1310 1744 1359 fore,
1790 1309 1873 1351 etsi

96 1392 208 1419 nunc
241 1378 370 1420 solito
405 1379 551 1432 plures
585 1378 785 1419 obsessos
818 1378 1046 1430 Augustae
1079 1377 1305 1418 uideamus
1319 1377 1348 1418 4.
1413 1375 1571 1417 Credat
1614 1375 1717 1416 mihi
1752 1375 1797 1418 P.
1823 1374 1871 1416 T.

96 1443 361 1495 singularem
403 1443 514 1484 hanc
549 1443 735 1485 Vrsulae
777 1444 966 1496 gratiam
1009 1457 1035 1484 a
1074 1443 1166 1484 Deo
1210 1441 1315 1492 dari,
1360 1442 1409 1482 vt
1449 1443 1630 1494 gustare
1671 1440 1874 1482 uideatur

97 1508 295 1562 spiritum
329 1512 508 1551 nostrae
539 1507 776 1558 societatis,
822 1522 950 1561 quam
992 1508 1067 1550 illa
1099 1507 1219 1549 miris
1252 1506 1391 1548 modis
1424 1509 1468 1547 et
1501 1508 1633 1554 amat,
1678 1509 1723 1548 et
1755 1505 1872 1556 colit,

99 1578 144 1616 et
177 1574 397 1624 obseruat‚
432 1577 638 1626 certoque
671 1573 777 1615 sibig
808 1574 1025 1627 promittit
1058 1573 1179 1614 breui
1211 1572 1318 1623 fore,
1353 1575 1402 1614 vt
1434 1571 1629 1614 intimam
1666 1571 1797 1612 donet
1835 1570 1873 1611 ei

95 1639 306 1681 Dominus
339 1653 435 1681 cum
469 1639 515 1681 P.
549 1638 597 1681 Τ.
632 1638 994 1689 coniunctionem,
1028 1641 1073 1680 et
1105 1638 1160 1680 ad
1194 1652 1287 1680 eam
1323 1638 1487 1679 referre
1521 1636 1640 1690 cupit
1673 1639 1773 1678 acta
1805 1635 1874 1677 hic

97 1704 241 1746 omnia
274 1705 325 1746 de
348 1703 585 1759 spiritibus,
619 1704 731 1746 sicut
764 1706 809 1746 et
831 1704 969 1758 ipsam
994 1703 1219 1746 admonuit
1242 1704 1451 1745 Dominus
1464 1704 1493 1745 5.
1548 1702 1670 1744 Haec
1702 1701 1874 1754 longius

96 1770 290 1824 exposui,
335 1769 408 1812 vth
441 1769 521 1812 Dei
554 1769 725 1819 ancilla,
770 1783 881 1822 quae
919 1770 1043 1811 nobis
1075 1772 1218 1811 mater
1249 1769 1462 1810 hactenus
1494 1767 1537 1809 in
1572 1767 1742 1809 Christo
1775 1767 1872 1817 fuit,

96 1835 257 1877 rectius
289 1835 418 1878 isthic
451 1839 754 1888 cognoscatur,
789 1838 833 1877 et
866 1836 984 1876 Deus
1015 1835 1059 1877 in
1092 1849 1144 1877 ea
1176 1834 1468 1888 praedicetur,
1510 1848 1588 1887 pro
1623 1846 1708 1886 qua
1741 1832 1873 1874 etiam

95 1915 247 1955 preces
276 1901 455 1955 expetoi
485 1900 621 1943 totius
644 1903 821 1943 nostrae
845 1900 1083 1951 societatis,
1118 1903 1166 1943 ut
1189 1900 1268 1941 hoc
1292 1900 1479 1942 electum
1502 1913 1627 1940 suum
1661 1912 1872 1951 organum

95 1967 315 2009 illustrare
349 1970 394 2009 et
425 1980 579 2019 regere
612 1969 770 2020 pergat
803 1966 988 2020 Spiritus
1022 1966 1238 2008 sanctusk.

215 2054 242 2085 a)
264 2054 404 2085 Sequitur
422 2059 516 2078 unum
536 2054 579 2078 vel
598 2053 694 2077 simile
715 2061 750 2083 zu,
777 2061 795 2077 a
816 2054 844 2079 C.
866 2053 956 2078 oblitt.
1050 2052 1080 2083 b)
1104 2053 1244 2084 Sequitur
1272 2061 1294 2077 r.
1315 2061 1332 2077 ιι
1354 2053 1382 2077 C.
1403 2052 1613 2082 oblitteratum,
1639 2051 1713 2082 quod
1737 2051 1794 2075 riam
1817 2051 1874 2082 legii

96 2102 153 2119 non
168 2098 272 2126 potest.
352 2096 378 2125 c)
400 2095 435 2119 Ιιι
456 2096 481 2119 Α
501 2095 636 2126 sequitur
655 2093 716 2124 illa,
736 2095 826 2119 oblitt.
908 2093 938 2125 d)
961 2095 994 2118 In
1016 2095 1042 2119 B
1062 2095 1197 2126 sequitur
1217 2093 1250 2119 D.
1333 2094 1360 2124 e)
1383 2092 1464 2125 quod
1486 2099 1547 2118 non
1568 2094 1602 2117 B.
1678 2092 1707 2123 f)
1730 2094 1828 2123 Supra
1851 2100 1873 2116 v.

97 2135 225 2161 Domino
246 2137 276 2161 τή
298 2138 323 2161 Α
345 2145 433 2160 mmm
452 2137 550 2168 ignota
571 2136 714 2167 scriptum
735 2139 777 2160 est
798 2134 918 2162 Credat.
1005 2138 1035 2167 g)
1057 2137 1117 2160 Hoc
1140 2144 1161 2160 v.
1182 2137 1211 2160 rin
1234 2137 1260 2161 B
1281 2136 1417 2160 omissum
1440 2138 1490 2159 est.
1581 2133 1612 2165 11)
1634 2134 1772 2165 Sequitur
1791 2133 1874 2163 haec,

97 2186 114 2202 α
136 2179 164 2203 C.
185 2178 276 2203 oblitt.
343 2177 364 2209 i)
386 2177 512 2210 expecto
533 2179 567 2202 Β.
639 2176 669 2208 k)
694 2178 771 2208 Quae
791 2180 965 2209 sequuntur,
988 2186 1075 2209 usque
1096 2178 1134 2201 ad
1155 2177 1198 2202 De
1218 2176 1251 2202 P.
1272 2176 1448 2202 Schorichio
1470 2177 1551 2205 ezrel„
1571 2176 1601 2200 in
1623 2177 1649 2201 B
1669 2176 1775 2200 omissa
1796 2179 1873 2200 sunt.

222 2292 230 2310 ¹
258 2290 453 2333 Georgium
479 2290 522 2324 II.
551 2290 768 2334 Fuggerum.

218 2345 231 2364 2
259 2344 452 2378 catharina
490 2344 539 2387 (v.
569 2355 680 2388 supra
717 2356 749 2388 p.
777 2343 876 2386 255).
929 2343 976 2377 At
1015 2343 1066 2387 (id
1102 2343 1195 2387 quod
1232 2342 1326 2376 infra
1361 2342 1514 2387 patebit)
1553 2341 1705 2384 Ursula,
1745 2341 1874 2376 mulier

98 2399 328 2442 caeteroquin
353 2398 478 2432 multis
513 2397 709 2441 solidisque
736 2397 934 2431 virtutibus
970 2399 1107 2438 ornata,
1143 2396 1211 2431 hac
1246 2396 1282 2430 in
1318 2409 1355 2430 re
1391 2396 1498 2429 nimis
1534 2395 1680 2429 credula
1715 2407 1874 2440 suaeque

97 2452 299 2486 sententiae
333 2451 441 2485 nimis
479 2454 589 2485 tenax
628 2454 706 2484 erat
741 2453 778 2484 et
815 2462 853 2484 se
893 2450 1054 2484 delusam
1092 2461 1170 2484 esse
1206 2453 1333 2494 postea
1369 2461 1449 2483 cum
1486 2461 1616 2492 magno
1653 2461 1716 2483 suo
1752 2449 1874 2483 dolore

99 2507 248 2550 experta
280 2507 345 2539 est.
397 2505 600 2538 Matthaeus
626 2505 794 2538 Raderus
819 2503 853 2538 S.
875 2503 907 2537 J.
936 2504 969 2536 in
997 2503 1113 2537 ἦέ1711ῑο
1149 2503 1293 2547 quidem
1331 2502 1464 2536 Canisii
1498 2503 1686 2546 Augustae
1722 2514 1752 2536 a.
1782 2503 1871 2537 1611

98 2570 205 2592 11101111
230 2559 367 2604 scripta
394 2559 435 2592 de
454 2557 588 2592 Ursula
614 2569 658 2591 ex
681 2556 901 2599 „Annalibus
920 2557 1165 2599 Augustanis‘
1188 2557 1348 2590 notavit:
1381 2556 1587 2597 „Postremo
1608 2568 1648 2590 eo
1667 2556 1874 2590 sanctitatis

98 2613 307 2656 peruenisse
333 2612 474 2652 dicitur,
500 2615 541 2645 ut
566 2623 612 2644 ex
637 2610 804 2644 humanis
828 2610 1037 2654 corporibus
1056 2610 1215 2654 impuros
1234 2609 1384 2654 spiritus
1402 2609 1585 2653 expulisse
1604 2609 1752 2651 feratur,
1779 2610 1874 2653 quod

99 2667 183 2709 quia
218 2667 392 2700 testatum
426 2677 497 2699 non
532 2665 671 2709 reperio
707 2664 743 2697 in
779 2663 894 2697 medio
930 2663 1113 2707 relinqu&
1154 2663 1255 2705 (Cod.
1287 2663 1393 2704 1355,
1430 2662 1531 2697 MSS.
1559 2663 1710 2704 Gesuit.,
1746 2675 1779 2708 p.
1808 2663 1871 2703 3·2;

99 2720 233 2753 Romae
271 2720 306 2753 in
344 2719 560 2753 bibliotheca
598 2717 808 2760 nationali);
850 2717 885 2750 in
921 2716 1006 2750 Vita
1042 2728 1127 2750 vero
1160 2717 1294 2750 Canisii
1331 2728 1362 2750 a.
1394 2717 1486 2751 1614
1521 2716 1703 2750 Μο11001111
1739 2728 1873 2751 excusa

103 2773 150 2818 (p.
178 2773 332 2816 92—93)
363 2773 450 2806 haec
476 2783 624 2817 prorsus
650 2771 782 2805 omisit.

220 2828 232 2847 ³
259 2826 388 2860 Mulier
423 2826 598 2870 quaedam
636 2824 780 2858 Martha
814 2823 956 2858 nomine
992 2824 1137 2868 excepit
1169 2823 1358 2857 Dominum
1402 2824 1457 2865 „in
1492 2823 1634 2857 domum
1672 2825 1794 2858 suam“
1838 2826 1874 2858 et

103 2880 315 2924 „satagebat
350 2880 445 2914 circa
479 2880 650 2923 frequens
686 2878 945 2912 ministerium⁴⁴
977 2877 1065 2911 eius,
1121 2876 1285 2919 „Martha
1321 2877 1574 2911 ministi·abat“
1613 2877 1715 2912 Iesu:
1754 2878 1801 2912 Lc
1831 2879 1873 2913 10

101 2934 146 2968 38
171 2935 235 2974 40;
264 2934 300 2967 10
329 2933 382 2974 12,
409 2933 441 2967 2.

219 2988 231 3007 ‘¹
260 2986 313 3021 Cf.
340 2987 444 3027 infra,
471 2998 563 3020 mon.
591 2998 673 3029 aug.
702 2984 739 3028 (b
768 2986 817 3028 7).

220 3041 233 3060 ⁵
261 3039 392 3074 Ursula
426 3039 532 3084 paulo
558 3042 639 3084 post
674 3039 751 3072 eius
786 3039 835 3072 rei
872 3037 990 3081 gratia
1024 3037 1172 3071 Romam
1209 3037 1373 3082 profecta
1408 3040 1481 3078 est;
1520 3038 1563 3072 de
1599 3049 1670 3082 qua
1705 3049 1743 3072 re
1778 3038 1873 3072 infra

101 3094 250 3128 dicetur.

172 3157 484 3188 Braunsberger,
505 3155 618 3182 Canisii
638 3155 794 3190 Epistulae
814 3156 845 3181 et
865 3155 952 3182 Acta.
982 3154 1030 3180 VI.
1543 3152 1585 3184 19
