2044 3335
284 107 385 143 1695.
413 107 451 141 P.
472 106 678 141 Leonardus
704 107 832 142 Kessel
860 108 945 143 Can.
999 108 1099 144 1696.
1128 108 1162 143 S.
1181 108 1396 143 Franciscus
1423 108 1575 153 Borgias
1603 108 1688 143 Can.
1771 111 1855 152 373

92 224 282 267 ifratresl
323 223 403 266 hoc
445 223 635 267 studium
669 224 956 267 orthodoxum
998 226 1242 280 prouehant
1273 226 1414 279 magis
1446 239 1574 280 quam
1606 225 1856 280 impediant.

94 289 177 332 Sed
217 303 320 331 non
362 289 595 331 omnium
637 291 722 332 est
762 289 950 333 fides2.
1014 291 1223 333 Dominus
1254 291 1297 332 in
1331 305 1454 333 suam
1495 290 1679 344 gloriam
1712 293 1860 333 uertat

93 353 248 397 omnia.
291 354 561 396 Reuerenter
593 357 637 397 et
659 358 858 397 amanter
880 356 1119 399 salutatum
1152 369 1208 397 ex
1240 370 1307 398 me
1341 356 1465 410 cupio
1489 357 1540 400 D.
1562 355 1858 406 Laurentium,

93 418 165 472 qui
196 418 413 473 Deiparae
444 419 638 473 Virginis
671 420 835 462 cultum
866 420 996 463 isthic
1028 421 1245 463 instauret
1277 435 1452 474 quaeso,
1496 425 1544 464 vt
1578 421 1859 475 Ottingenses

93 484 173 526 hoc
205 486 328 527 tanto
360 485 568 527 thezauro
600 484 761 527 rectius
794 485 857 528 uti
899 487 944 528 et
984 486 1069 528 frui
1101 485 1248 528 norint
1263 487 1291 529 3.
1356 487 1451 540 Ego
1483 500 1792 539 nonnunquam
1825 485 1860 528 si

94 549 290 591 dominus
330 549 493 600 faueat,
535 550 677 593 isthuc
719 564 950 593 excurram
983 550 1221 605 Religionis
1263 565 1381 605 ergo,
1425 551 1502 593 sed
1534 554 1636 594 ante
1668 552 1861 594 futuram

93 616 306 657 aestatem
347 629 433 657 non
474 615 649 658 uacabit
689 616 884 659 uereor4.
954 616 1163 658 Dominus
1204 616 1574 670 Magnificentiam
1621 619 1742 659 tuam
1790 616 1861 658 diu

93 679 216 721 nobis
261 682 306 722 et
348 680 572 725 Ecclesiae
615 680 872 723 incolumem
916 683 1075 724 seruet.
1139 680 1367 734 Augustae
1411 681 1571 735 raptim
1612 683 1636 722 5
1669 681 1862 723 Nouem-

92 744 182 786 bris
218 746 344 788 1569·
990 782 1151 825 Seruus
1182 781 1226 823 in
1259 781 1428 824 Christo
1462 781 1508 823 Ρ.
1533 781 1742 824 CaniSiUS·

213 856 456 899 Admodum
499 857 752 899 Reuerendo
795 857 888 899 viro
922 858 1106 900 Domino
1138 857 1329 901 Martino
1362 857 1696 912 Eyseingreinio
1737 871 1864 912 prae-

94 921 235 976 posito
276 922 511 965 Patavensi
553 925 596 965 et
630 922 892 976 Ottingensi‚
935 923 1178 978 praestanti
1211 923 1432 976 Theologo
1475 925 1520 966 et
1560 925 1745 977 patrono
1787 937 1865 965 suo

97 987 158 1028 Zu
193 987 416 1040 Ottingen.

216 1068 380 1103 Canisius
406 1068 664 1111 Eisengreinio,
692 1069 784 1113 quod
811 1070 1028 1114 persuadere
1054 1070 1212 1111 volebat,
1239 1071 1301 1104 aut
1327 1081 1396 1104 non
1422 1069 1613 1114 persuasit,
1648 1071 1711 1104 aut
1736 1068 1867 1103 saltem

94 1132 164 1155 non
190 1122 314 1155 statim
340 1122 540 1166 persuasit;
575 1133 657 1156 nam
684 1121 744 1156 ille
771 1134 863 1157 anno
891 1134 1031 1167 quoque
1066 1123 1228 1168 proximo
1255 1123 1501 1168 episcopatum
1536 1122 1766 1157 labacensem
1791 1133 1867 1157 sus-

95 1175 213 1219 cipere
239 1175 498 1216 meditabatur;
534 1175 597 1210 sed
623 1187 682 1209 res
707 1176 852 1210 tandem
879 1176 932 1211 sic
967 1177 1107 1211 evenit:
1144 1176 1357 1220 Eisengrein
1383 1176 1419 1210 in
1445 1176 1601 1210 Bavaria
1636 1177 1787 1217 mansit;
1823 1187 1868 1210 ne

95 1228 139 1262 ad
165 1230 307 1273 tempus
343 1229 485 1273 quidem
511 1229 547 1263 in
574 1228 720 1263 Stiriam
755 1230 939 1274 profectus
975 1241 1055 1265 esse
1081 1230 1242 1271 videtur:
1281 1230 1383 1264 cuius
1415 1229 1466 1264 rei
1502 1230 1591 1264 haec
1618 1241 1729 1264 causa
1755 1228 1869 1263 fuisse

95 1281 248 1323 videtur,
284 1282 377 1327 quod
403 1281 574 1317 Albertus
592 1282 635 1318 V.
661 1282 733 1317 dux
769 1282 922 1317 abeundi
948 1284 1092 1318 veniam
1129 1284 1160 1318 ei
1191 1295 1261 1318 non
1288 1283 1387 1318 dedit
1414 1283 1567 1327 (Pfleyer
1592 1283 1615 1318 1.
1643 1295 1672 1318 c.
1701 1282 1867 1326 82—84).

97 1397 251 1434 1695.
350 1398 412 1434 P.
439 1396 854 1435 LEONARDUS
882 1398 1153 1436 KESSEL
1183 1398 1235 1435 S.
1256 1398 1310 1435 J.
1338 1402 1456 1434 rector
1482 1399 1624 1443 collegii
1656 1399 1872 1435 coloniensis

286 1452 487 1487 CANISIO.
919 1453 1067 1488 Colonia
1093 1453 1239 1488 ineunte
1266 1453 1325 1487 vel
1351 1453 1468 1487 medio
1493 1453 1689 1487 Novembri
1718 1454 1822 1489 1569.

219 1520 305 1552 Vide
329 1520 445 1562 infra,
472 1531 523 1563 ep.
551 1531 584 1552 η.
607 1522 710 1553 1703.

97 1645 252 1682 1696.
320 1645 627 1683 SANCTUS
655 1645 1085 1683 FRANCISCUS
1105 1645 1418 1683 BORGIAS
1445 1648 1672 1692 praepositus
1691 1647 1872 1691 generalis

288 1699 480 1734 Societatis
506 1700 587 1735 lesu
614 1700 816 1735 CANISIO.
1257 1700 1371 1735 Roma
1398 1701 1453 1735 26.
1473 1701 1690 1736 Novembris
1720 1701 1822 1736 1569.

216 1770 271 1804 Ex
305 1770 512 1816 apographo
547 1771 659 1806 eiusd.
694 1774 824 1817 temp.;
861 1772 896 1805 in
928 1771 1103 1816 margine,
1140 1771 1264 1806 eadem
1289 1783 1418 1806 manu:
1460 1772 1518 1815 „P.
1545 1772 1666 1807 Pietro
1694 1771 1871 1806 Canisio“.

99 1823 218 1858 Germ.
239 1824 284 1859 70
310 1825 333 1859 f.
353 1825 410 1859 44.

216 1897 322 1930 Libri
348 1897 544 1930 excudenclz·
568 1907 641 1930 non
666 1902 759 1940 sant,
787 1898 859 1930 m'sc'
884 1898 932 1930 ad
953 1898 1119 1940 pietatem
1146 1897 1369 1931 excitandam
1395 1898 1514 1931 idonei
1540 1902 1656 1932 erunt.
1703 1896 1872 1930 Canisius

99 1960 168 1983 non
203 1950 297 1983 debet
331 1951 383 1983 ita
418 1950 598 1994 occupari,
637 1955 671 1983 ut
702 1962 724 1983 a
749 1951 935 1984 scribendo
971 1951 1199 1994 impediatur.
1250 1951 1499 1994 cmyqerorum
1524 1951 1673 1984 reditus.
1723 1950 1873 1984 Ioannis

97 2003 254 2046 Fuyyerzss
289 2005 516 2047 quaestiones.
571 2004 739 2038 Canisius
773 2015 882 2048 neque
917 2005 1119 2038 cardinalis
1144 2005 1285 2038 Amulii
1311 2016 1420 2048 neque
1444 2005 1621 2038 similibus
1646 2004 1774 2038 litteris
1799 2005 1872 2037 loco

98 2057 290 2091 movebitur
299 2069 311 2099 ;
335 2058 489 2101 Borye'as
514 2058 556 2091 de
581 2058 722 2101 colleyio
747 2058 910 2091 helvetieo
930 2059 1135 2102 pontificem
1163 2059 1406 2102 interroyabit.

216 2129 311 2171 Pax
344 2134 415 2172 etc.
479 2129 523 2171 Si
564 2131 587 2171 e
628 2130 826 2174 riceuuta
867 2130 1013 2184 quella
1054 2130 1096 2172 di
1128 2131 1181 2173 V.
1216 2130 1267 2173 R.
1303 2130 1345 2172 di
1378 2132 1447 2173 29.
1482 2130 1551 2172 del
1593 2132 1786 2184 passam,
1829 2130 1873 2171 et

98 2197 261 2248 quanto
285 2196 318 2236 s'
337 2193 592 2248 appertiene
614 2195 687 2237 all'
707 2209 839 2250 opera
862 2195 931 2238 del
953 2196 1000 2239 P.
1020 2196 1072 2239 D.
1091 2196 1280 2257 Torres5
1312 2196 1349 2238 si
1380 2195 1637 2251 rispondera
1669 2197 1740 2236 un'
1758 2194 1874 2237 altra

98 2261 219 2303 uolta
249 2260 420 2313 quando
453 2260 498 2302 la
529 2274 631 2303 cosa
662 2263 763 2304 sara
789 2263 980 2304 trattata
1003 2261 1177 2304 conlui.
1232 2262 1268 2303 E
1302 2264 1422 2304 certo
1456 2261 1535 2303 che
1557 2275 1642 2303 non
1666 2259 1873 2302 conuiene

99 2326 176 2369 che
209 2325 245 2368 si
277 2325 438 2379 stampi
478 2325 588 2367 libro
631 2327 784 2369 alcuno
816 2341 871 2369 ne
903 2341 979 2369 suo
1013 2341 1067 2369 ne
1100 2327 1143 2369 di
1175 2327 1289 2369 altro
1323 2326 1400 2369 che
1432 2341 1517 2368 non
1551 2326 1588 2368 si
1619 2325 1741 2380 pensi
1773 2326 1875 2366 sara

100 2406 180 2434 con
212 2391 486 2433 edificatione
519 2391 634 2434 della
666 2392 821 2435 Chiesa
854 2394 899 2435 et
931 2392 1046 2435 della
1078 2392 1357 2447 Compagnia.

218 2457 277 2498 Le
310 2456 584 2510 occupationi
618 2456 659 2498 di
691 2457 745 2500 V.
778 2458 829 2500 R.
863 2457 906 2499 in
939 2458 1143 2511 Augusta
1174 2457 1212 2500 si
1244 2457 1444 2499 desidera
1476 2471 1562 2499 non
1595 2456 1717 2499 siano
1749 2458 1874 2499 tante

100 2536 220 2565 come
243 2522 385 2576 quelle
408 2521 449 2563 di
472 2521 598 2564 fuora
621 2522 699 2565 che
721 2522 1016 2577 impediscano
1038 2523 1068 2565 il
1090 2523 1282 2566 scriuere
1304 2522 1631 2573 notabilmente,
1657 2521 1874 2564 crediamo

99 2591 203 2643 pero
246 2588 324 2630 che
365 2587 478 2630 fatto
523 2587 553 2629 il
598 2587 776 2631 natale6
819 2591 1085 2631 torneranno
1131 2588 1273 2642 questi
1315 2587 1487 2642 Signori
1528 2587 1718 2642 Fuggeri
1760 2590 1804 2630 et
1844 2586 1874 2628 il

222 2729 231 2749 ¹
258 2727 531 2763 Maximilianus
548 2728 591 2762 ΙΙ.
619 2727 814 2773 imperator
849 2729 884 2761 et
918 2726 1167 2761 Ferdinandus
1186 2727 1227 2760 ΙΙ.
1257 2726 1432 2761 archidux
1468 2726 1705 2772 princepsque
1731 2724 1873 2760 Tirolis.

221 2781 234 2802 ²
260 2782 280 2816 2
307 2781 422 2816 Thess
449 2781 480 2823 3,
507 2781 547 2819 2:
574 2793 619 2816 an
645 2781 865 2816 subobscure
891 2780 1180 2814 Maximilianum
1199 2780 1243 2814 II.
1270 2779 1482 2824 significat?

221 2837 234 2856 3
261 2834 328 2876 Qui
354 2847 399 2869 m.
426 2834 592 2869 Ianuario
618 2846 649 2869 a.
671 2834 761 2870 1570
788 2834 959 2878 Ottingae
992 2833 1274 2868 contionatorem
1305 2833 1480 2868 ecclesiae
1505 2831 1706 2876 collegialis
1732 2832 1874 2876 agebat,

102 2889 145 2923 ab
171 2889 248 2934 ipso
275 2888 522 2932 Eisengreinio
552 2888 778 2931 „Ludovicus
801 2886 1025 2922 Schimwisz‘
1056 2889 1208 2921 vocatur
1236 2886 1362 2931 (Mart.
1389 2888 1613 2931 Essenyrem,
1638 2887 1758 2921 Vnser
1783 2885 1875 2920 liebe

101 2943 204 2977 Fraw
231 2954 273 2976 zu
299 2942 408 2976 Alten
435 2941 595 2986 Oetting,
622 2942 825 2986 Jngolstatt
854 2941 954 2982 1571,
982 2942 1005 2975 f.
1035 2939 1149 2984 134b).

222 2998 234 3016 4
261 2995 432 3030 Excurrit
457 3006 503 3030 m.
530 2995 698 3030 Ianuario
728 2995 836 3035 1570;
866 3007 899 3029 v.
926 2994 1032 3035 infra,
1060 3005 1152 3028 mon.
1180 2996 1244 3029 ott.
1266 2993 1333 3038 (2).

222 3051 235 3069 ⁵
262 3049 301 3083 P.
321 3047 503 3083 Francisci
529 3048 695 3084 Turriani
721 3048 852 3083 librum
879 3048 922 3082 de
948 3047 1126 3082 sacrificio
1152 3047 1284 3082 missae
1311 3047 1511 3091 significat3
1548 3059 1583 3082 v.
1610 3057 1720 3092 supra
1746 3057 1779 3091 p.
1795 3045 1874 3080 368.

223 3104 234 3122 ⁶
262 3103 349 3137 Post
374 3102 406 3137 d.
434 3102 491 3137 25.
510 3101 719 3138 Decembris
745 3101 1000 3148 proximosque
1027 3101 1113 3135 dies.
