2044 3335
148 98 232 140 458
651 96 750 130 1743.
779 96 942 130 Canisius
969 96 1008 130 P.
1025 96 1242 141 Hieronymo
1268 96 1400 131 Natali.

264 214 327 255 De
360 213 467 254 libro
501 227 595 254 meo
629 226 755 265 quem
788 213 983 254 nonnulli
1007 213 1169 254 Romae
1201 213 1413 266 legerunt,
1448 216 1492 256 et
1525 228 1620 256 cum
1643 215 1767 257 Pont.
1787 215 1903 257 Max.

145 279 425 332 comprobare
458 278 658 319 dicuntur
673 279 699 327 1,
733 277 870 319 habeo
904 291 1008 319 sane
1041 292 1117 319 cur
1150 278 1332 329 doleam,
1368 293 1462 320 cum
1487 279 1630 332 cogito
1664 294 1791 333 quam
1825 280 1904 322 sim

144 342 345 396 indignus
386 345 430 384 et
461 342 602 395 impar
634 355 714 394 ego
757 342 811 384 ad
843 342 928 384 ista
961 342 1241 393 conficiunda,
1285 346 1475 396 quotque
1508 343 1704 386 miserias
1747 347 1790 387 et
1826 344 1905 386 im—

144 407 434 462 perfectiones
467 407 700 460 adiungam
723 407 874 457 labori,
910 407 1070 449 cumin
1094 421 1143 448 eo
1166 414 1354 450 uersor³.
1402 408 1560 449 Parum
1593 422 1698 450 sane
1729 423 1907 451 moueor

145 472 301 514 oblatis
335 471 603 524 quorundam
637 472 958 514 Cardinalium2
991 471 1211 514 laudibus:
1251 472 1416 514 utinam
1450 472 1631 514 Domino
1665 475 1709 515 et
1741 473 1906 527 superi-

146 536 291 578 oribus
323 536 429 578 meis
461 536 504 577 in
538 550 584 578 re
617 539 743 579 tanta
775 537 935 591 possim
969 537 1114 578 facere
1147 537 1268 579 satis.
1309 538 1454 590 Atque
1487 541 1535 579 ut
1567 551 1716 579 uerum
1749 538 1906 587 fatear,

146 602 350 655 optabam
394 604 512 643 certe
544 601 625 643 hoc
658 616 789 644 onere
822 601 1010 652 liberari,
1053 615 1107 643 ne
1149 616 1257 656 opus
1299 605 1415 644 esset
1456 602 1498 643 in
1531 602 1765 657 scriptione
1807 617 1906 657 pro-

145 666 280 719 gredi,
326 666 483 719 atqueb
526 669 575 709 ut
616 681 696 720 ego
740 681 911 721 possem
956 666 1116 708 rectius
1157 666 1367 709 inseruire
1407 667 1625 709 uocationi
1666 681 1788 709 meae
1828 682 1906 721 pro

146 745 264 773 more
285 734 546 775 nostrorum.
593 732 819 774 Accedunt
853 736 897 774 et
928 731 1237 786 impedimenta
1259 732 1485 785 quaedam,
1520 732 1572 774 de
1594 732 1747 786 quibus
1769 733 1909 775 obiter

146 796 298 846 dicam,
340 800 388 839 ut
421 797 472 839 R.
507 797 554 839 T.
588 797 676 839 filio
710 811 786 839 suo
819 797 1021 839 imbecilli
1054 797 1265 840 consulat.
1330 797 1555 839 Destituor
1586 811 1746 851 magna
1777 797 1907 839 libro-

147 876 240 903 rum
289 862 610 912 commoditate,
657 877 785 916 quam
830 862 1007 915 Dilinga
1051 863 1338 915 suggerebat:
1386 863 1583 916 implicor
1630 863 1907 905 contionandi

145 926 378 976 laboribus,
421 927 506 969 iam
541 928 727 969 donatus
758 927 1043 969 Archiduci3:
1088 927 1162 968 uix
1194 927 1262 969 hic
1299 930 1350 969 15
1385 927 1594 980 degimus,
1638 942 1773 981 eoque
1811 928 1908 982 plus

146 992 310 1045 negotij
359 992 486 1034 datur
530 992 572 1033 in
617 993 697 1035 hoc
742 992 917 1047 oppido,
972 992 1084 1045 quod
1132 995 1311 1047 propter
1358 993 1570 1047 Principis
1616 993 1908 1047 praesentiam

147 1057 292 1098 uarias
327 1057 502 1099 exhibet
534 1057 656 1099 nobis
690 1057 998 1111 occupationes
1011 1063 1033 1099 ⁰.
1098 1057 1253 1099 Procul
1287 1058 1437 1099 absum
1476 1072 1500 1099 a
1535 1058 1735 1100 Patribus
1768 1057 1908 1100 Theo-

147 1121 272 1174 logis,
308 1135 414 1174 quos
447 1122 649 1176 Dilingae
683 1123 736 1164 ad
769 1137 922 1164 manus
955 1123 1180 1173 habebam,
1216 1136 1397 1175 quorum
1429 1123 1584 1165 utebar
1617 1122 1808 1177 consilijs
1841 1126 1908 1165 at-

148 1200 229 1240 que
272 1201 454 1229 censura
496 1201 639 1241 saepe.
705 1187 857 1241 Neque
898 1188 1020 1230 fauet
1061 1188 1293 1230 admodum
1335 1201 1411 1229 aer
1453 1187 1791 1240 Oenipontanus,
1838 1187 1908 1241 qui

149 1252 294 1294 multis
327 1252 482 1294 noxius
527 1267 622 1294 esse
655 1253 779 1295 solet.
844 1252 1155 1295 Praeuidebam
1199 1253 1306 1295 haec
1346 1253 1617 1295 incommoda
1658 1253 1909 1307 priusquam

147 1317 229 1359 huc
262 1317 509 1370 migrarem,
557 1318 633 1360 s'ed
666 1318 977 1360 dissimulanda
1009 1320 1053 1360 et
1090 1318 1350 1371 negligenda
1383 1332 1478 1360 esse
1511 1318 1627 1368 duxi,
1662 1332 1758 1360 cum
1790 1318 1909 1359 uide-

148 1397 237 1424 rem
270 1382 316 1424 P.
352 1382 405 1425 N.
442 1383 699 1425 Generalem
732 1383 814 1424 huc
848 1397 943 1424 esse
976 1397 1249 1437 propensum,
1284 1386 1332 1425 ut
1365 1397 1445 1436 ego
1478 1384 1524 1425 Ρ.
1553 1384 1835 1425 Alexandro4
1866 1383 1909 1425 in

149 1447 356 1490 cathedra
389 1448 677 1499 succederem,
722 1451 766 1490 et
798 1447 1028 1490 Archiduci
1069 1449 1149 1490 hoc
1189 1449 1284 1490 loco
1321 1448 1588 1491 inseruirem.
1652 1448 1824 1490 Faciam
1867 1448 1910 1490 id

148 1526 253 1555 sane
294 1513 445 1563 libens,
489 1512 693 1566 quamdiu
735 1516 968 1567 suppetent
1009 1513 1123 1555 uires
1164 1528 1241 1567 per
1273 1513 1352 1555 Dei
1393 1513 1604 1567 gratiam:
1649 1513 1725 1555 sed
1757 1527 1911 1555 uereor

150 1592 217 1620 me
250 1578 368 1620 lente
401 1592 733 1632 progressurum
775 1578 817 1619 in
859 1578 1108 1632 scriptione,
1153 1592 1262 1631 quae
1303 1578 1396 1620 sola
1437 1578 1652 1620 hominem
1693 1579 1909 1632 integrum

150 1643 373 1697 postulare
396 1643 579 1686 uidetur.
626 1643 683 1686 Jn
714 1643 781 1685 his
804 1643 1022 1686 montibus
1056 1643 1300 1686 obedientia
1324 1644 1429 1685 duce
1452 1643 1561 1685 mori
1591 1646 1772 1697 paratus
1794 1658 1910 1685 sum:

149 1710 320 1750 tantum
362 1708 501 1750 indico
536 1708 830 1758 difficultates,
874 1723 984 1761 quae
1017 1708 1454 1751 admolestissimam
1497 1708 1619 1749 cumcl
1651 1708 1912 1762 aduersarijs

150 1788 340 1827 pugnam
373 1788 420 1815 se
453 1774 697 1827 accingenti
731 1775 929 1824 offerunt,
972 1777 1020 1816 ut
1053 1774 1103 1816 R.
1138 1774 1185 1816 T.
1222 1774 1273 1815 de
1306 1774 1502 1816 omnibus
1534 1773 1693 1816 iudicet
1731 1788 1807 1828 pro
1841 1788 1911 1815 sa-

149 1839 314 1892 pientia
346 1853 436 1889 sua,
480 1841 613 1892 utque
656 1853 723 1881 me
756 1841 991 1893 purgatum
1033 1839 1161 1881 isthic
1194 1839 1367 1888 habeat,
1410 1839 1446 1880 si
1479 1839 1668 1880 fortasse
1709 1853 1811 1892 pars
1843 1853 1910 1880 se-

151 1903 290 1946 cunda
323 1904 375 1945 de
407 1904 548 1946 Maria
579 1905 705 1946 tarde
739 1904 780 1946 in
813 1905 951 1946 lucem
983 1904 1180 1958 prodeat.

268 1969 332 2009 De
375 1983 558 2011 censura
611 1969 708 2011 libri
754 1969 806 2011 ad
848 1983 916 2011 me
958 1969 1089 2011 missa
1130 1969 1325 2023 inprimis
1377 1983 1458 2022 ago
1501 1968 1668 2021 gratias
1701 1968 1751 2011 R.
1786 1969 1833 2011 T.
1868 1973 1911 2011 et

149 2034 199 2076 D.
234 2034 462 2075 Emanueli
476 2035 504 2083 5,
552 2034 623 2087 qui
655 2037 826 2077 tanturn
859 2034 1022 2076 laboris
1056 2034 1298 2088 absumpsit
1329 2033 1371 2075 in
1406 2033 1666 2075 annotandis
1700 2033 1908 2084 omnibus,

150 2113 227 2140 nec
260 2099 422 2148 dubito,
467 2099 567 2152 quin
609 2099 734 2153 plura
767 2099 957 2153 potuerit
991 2099 1220 2152 corrigere,
1263 2099 1299 2140 si
1332 2099 1601 2140 commodum
1641 2098 1704 2140 illi
1741 2098 1908 2142 fuisset.

149 2164 323 2205 Faciam
356 2167 501 2206 autem
545 2164 657 2217 quod
690 2164 857 2206 monuit
889 2164 939 2207 R.
974 2164 1022 2206 T.
1056 2167 1104 2206 ut
1137 2164 1443 2206 annotationes
1482 2167 1527 2206 et
1559 2177 1764 2206 censuras
1796 2164 1910 2205 illius

148 2229 334 2270 referam
368 2229 422 2270 ad
445 2243 646 2270 censores
679 2229 723 2271 in
745 2230 825 2270 hac
847 2229 1066 2283 prouintia
1090 2229 1364 2279 constitutos,
1399 2242 1631 2281 eorumque
1664 2242 1910 2283 supremum

148 2308 306 2346 sequar
337 2293 554 2336 iudicium.
617 2293 720 2335 Cum
763 2296 909 2336 autem
951 2294 1275 2336 deformitatem
1318 2294 1535 2346 quandam
1573 2293 1690 2347 operi
1723 2293 1909 2344 adferat,

148 2359 182 2400 si
215 2362 281 2402 tot
312 2359 354 2400 in
389 2358 493 2400 locis
528 2361 721 2401 mutetur
754 2358 885 2401 editio
899 2360 927 2409 6,
961 2358 1151 2402 fortasse
1183 2359 1345 2401 rectius
1378 2359 1524 2404 fuerit.
1567 2361 1615 2400 ut
1648 2372 1673 2400 a
1705 2372 1773 2400 me
1805 2359 1910 2400 nihil

148 2424 303 2465 edatur
343 2424 385 2464 in
426 2427 669 2477 posterum,
712 2423 793 2465 nisi
835 2423 955 2478 prius
997 2424 1161 2466 Romae
1206 2424 1481 2477 corrigantur
1528 2426 1571 2465 et
1615 2424 1911 2477 approbentur

148 2488 302 2530 omnia.
347 2488 460 2541 quod
505 2489 540 2528 si
580 2489 671 2537 fiat,
717 2489 854 2530 multo
898 2488 1068 2541 quidem
1111 2488 1279 2530 tardius
1324 2489 1379 2530 ad
1424 2488 1653 2530 editionem
1697 2488 1908 2530 uenietur.

266 2562 293 2591 a)
316 2563 360 2586 Ita
382 2563 410 2587 C.
425 2563 552 2587 correrii
573 2570 609 2588 er
628 2569 741 2589 uerser.
803 2562 832 2595 b)
854 2563 901 2588 Sic
922 2564 950 2587 C.
966 2563 1092 2587 correxit
1113 2571 1148 2588 ex
1168 2563 1232 2588 sed.
1293 2564 1319 2593 c)
1340 2564 1386 2588 Sic
1407 2564 1435 2589 C.
1450 2563 1577 2587 corma-it
1597 2570 1633 2587 ex
1653 2561 1909 2594 occupationibus,

149 2600 178 2633 d)
200 2603 337 2634 Sequitur
357 2603 404 2634 ad,
424 2605 512 2628 oblitt.

270 2709 279 2728 ¹
306 2709 649 2744 Commentariorum
677 2711 719 2744 de
734 2711 844 2745 Verbi
863 2711 927 2745 Dei
954 2711 1166 2756 corruptelis
1192 2711 1322 2745 librum
1348 2711 1502 2755 primum
1532 2710 1589 2753 (de
1616 2709 1650 2744 S.
1670 2710 1800 2743 Ioanne
1819 2710 1907 2754 Bap-

148 2760 250 2803 tista)
279 2762 454 2796 adversus
481 2762 751 2798 centuriatores
779 2776 799 2798 a
825 2776 863 2798 se
890 2765 1064 2809 scriptum
1092 2764 1292 2807 significat;
1320 2776 1354 2798 V.
1381 2775 1490 2808 supra
1516 2775 1549 2808 p.
1568 2763 1766 2797 444—447.

267 2814 278 2832 ²
306 2813 476 2848 Stanislai
503 2815 614 2856 Hosii,
643 2816 825 2851 Guilielmi
852 2817 983 2858 Sirleti,
1011 2817 1155 2851 Ottonis
1175 2816 1392 2856 Truchsess;
1420 2828 1454 2850 v.
1482 2827 1591 2861 supra
1617 2827 1649 2860 p.
1669 2816 1737 2850 438
1763 2815 1843 2850 447.

267 2868 279 2885 ³
306 2866 527 2901 Ferdinando
556 2869 600 2902 II.

269 2921 279 2937 ⁴
306 2918 447 2959 Hellen:
477 2933 509 2953 v.
536 2932 646 2965 supra
672 2933 704 2965 p.
725 2922 795 2956 443
822 2925 858 2956 et
883 2922 988 2963 infra,
1015 2934 1108 2956 mon.
1128 2934 1204 2957 oen.
1226 2923 1317 2966 (16).

267 2972 279 2989 ⁵
306 2971 392 3011 Sam
420 2984 454 3006 v.
482 2984 590 3017 supra
616 2986 649 3018 p.
668 2975 749 3008 444.

268 3024 279 3042 ‘⁵
306 3023 480 3058 Sebaldus
500 3025 624 3069 Mayer
642 3027 892 3072 typographus
910 3028 1116 3071 dilinganus
1143 3029 1213 3062 iam
1241 3039 1352 3073 paene
1379 3027 1495 3061 omnia
1522 3027 1620 3071 typis
1647 3026 1907 3071 exscripserat;

148 3087 182 3110 v,
201 3087 310 3120 supra
337 3088 368 3120 p.
387 3077 467 3110 438.
