2044 3335
149 106 234 148 554
594 106 688 140 Mon.
716 105 786 139 942
812 105 890 139 sive
917 105 986 140 elv.
1009 105 1074 149 (4).
1119 106 1175 140 24.
1195 106 1329 151 Aprilis
1358 107 1459 142 1568,

267 220 332 255 His
359 219 491 254 Canisii
527 219 647 253 verbis
683 220 915 254 confirmatur
949 223 985 255 et
1019 221 1231 263 illustratur,
1268 223 1360 266 quod
1396 222 1538 257 aliunde
1574 234 1713 267 quoque
1749 224 1910 258 constat:

148 273 283 307 Multos
309 272 573 307 ecclesiasticos
600 271 813 307 Germaniae
840 286 880 307 eo
906 276 1065 319 tempore
1092 274 1127 308 in
1155 286 1283 318 magno
1319 277 1524 320 contemptu
1551 276 1674 310 fuisse.
1724 275 1848 320 Neque
1874 277 1910 310 id

148 326 275 360 mirum
303 338 380 359 esse
407 327 544 370 potest;
573 325 766 361 cardinalis
787 328 863 361 Otto
887 328 1075 361 Trachsess
1094 327 1258 370 Dilingae
1284 328 1320 362 in
1345 329 1481 373 synodo
1508 329 1718 363 dioecesana
1743 341 1789 364 m.
1810 329 1909 363 Iunio

148 390 179 413 a.
202 379 288 412 1567
316 378 438 412 habita
465 380 615 422 questus
642 381 706 420 est,
733 380 826 423 quod
850 380 1038 422 „Abbates‚
1066 380 1223 414 Praelati
1251 384 1286 415 et
1304 381 1474 415 Parochi“
1509 381 1849 426 „compotationibus
1875 385 1912 416 et

148 431 380 465 ebrietatibus
406 442 556 473 magnos
583 433 620 465 et
645 443 776 476 parvos
802 444 909 477 saepe
934 433 1238 467 scandalizarent“
1272 433 1322 476 (J.
1342 436 1386 468 A.
1406 435 1555 479 Steiner,
1581 434 1714 479 synodi
1740 434 1912 469 dioecesis

146 485 382 526 Augustanae
400 484 443 524 II,
471 483 714 518 Mindelhemii
735 486 835 527 1766,
872 485 968 529 378).
1020 486 1074 520 Ita
1100 486 1251 520 Ioannes
1277 487 1426 521 Raitner
1459 487 1637 532 parochus
1670 487 1911 531 elvangensis.

148 548 229 571 cum
258 548 276 570 e
302 548 404 571 sacro
430 539 608 581 suggestu
634 538 808 573 catholice
834 538 996 580 dixisset,
1032 540 1067 573 in
1094 539 1246 584 publicis
1272 540 1432 574 tabernis
1458 543 1582 575 contra
1608 541 1767 582 dixerat3
1799 541 1912 575 semel

150 591 258 633 atque
285 589 414 624 iterum
441 590 612 632 homines,
649 592 708 635 qui
735 604 813 626 eum
842 593 924 626 vino
951 592 1010 626 vel
1035 593 1094 627 ovi
1121 593 1352 635 donaverant,
1387 596 1537 638 peccata
1562 606 1631 628 non
1658 594 1841 628 confessos
1866 594 1910 628 ad

147 654 307 677 mensam
335 643 609 678 eucharisticam
635 644 841 686 admiserat,
869 645 959 679 civis
985 645 1169 680 cuiusdam
1197 646 1427 690 elvangensis
1453 647 1562 681 filiam
1580 659 1727 681 uxorem
1747 647 1910 687 duxerat,

146 696 350 783 {ebriositati
384 708 497 741 paene
524 697 653 731 cotidie
679 698 892 739 indulserat;
929 709 1021 732 anno
1047 699 1191 733 tandem
1221 700 1310 734 1563
1336 699 1507 744 parochia
1533 700 1668 735 eiectus
1694 702 1750 734 est
1778 700 1911 744 (Giefel

162 777 169 784 .
189 761 218 784 c.
240 750 408 792 10—11).

149 870 255 907 942
281 873 359 907 sive
386 871 490 908 elv.
512 871 612 917 (4).
688 872 746 908 24.
765 872 905 919 Aprilis
931 872 1024 909 1568.

265 937 321 972 Ex
355 938 590 983 autographo,
626 939 719 983 quod
755 941 810 973 est
836 938 1016 973 Monachii
1050 938 1086 972 in
1122 938 1268 973 archivo
1302 939 1405 982 regni
1440 939 1611 982 bavarici,
1640 938 1721 973 Cod.
1753 938 1911 982 „Augsb.

146 991 295 1026 Hochst.
323 992 365 1025 II.
394 992 458 1034 Gs5
485 1004 518 1025 n.
546 992 610 1026 91⁶⁴
641 992 665 1026 f.
685 992 764 1027 337.

270 1051 478 1084 cardinalis
509 1052 698 1085 Truchsess
721 1053 892 1095 postridie
917 1054 974 1085 sui
1000 1064 1042 1085 ex
1072 1054 1323 1096 praepositura
1357 1064 1425 1086 sua
1460 1053 1657 1095 elvanqensi
1681 1053 1817 1086 reditus
1842 1052 1912 1085 Ba-

146 1106 269 1138 vart'ae
295 1105 378 1138 duct
401 1105 544 1138 scribit:
569 1106 629 1138 Ex
655 1108 699 1138 50
723 1107 799 1147 fere
823 1107 911 1139 viras
943 1106 1153 1149 feminisque
1188 1106 1386 1139 lutheranis
1411 1108 1457 1139 26
1483 1106 1735 1139 absolutionem
1761 1105 1913 1148 petisse,-

147 1158 284 1190 dt'vitem
312 1158 494 1201 quandam
511 1159 691 1191 mulierem
706 1161 867 1201 primum
887 1161 1106 1201 pertinacem
1131 1160 1252 1201 fuisse,
1281 1160 1404 1192 deinde
1430 1164 1544 1192 autem
1571 1171 1614 1192 ex
1634 1159 1774 1192 Canisii
1798 1159 1910 1191 mani-

146 1211 211 1244 bus
236 1211 487 1244 eucharistiam
521 1212 585 1244 snb
620 1223 693 1244 una
723 1214 834 1255 speeie
867 1214 1064 1255 sumpsisse.
1120 1213 1280 1246 Caeteros
1314 1214 1415 1246 abire.
1449 1214 1563 1246 iussos
1597 1224 1676 1255 esse,
1712 1212 1802 1245 alios
1830 1216 1912 1255 post

147 1266 167 1297 1
187 1275 345 1307 mensem,
372 1265 462 1298 alios
485 1269 562 1307 post
587 1267 621 1308 2,
648 1266 740 1299 alios
760 1270 840 1308 post
859 1268 880 1298 3
898 1270 968 1309 ete„
996 1268 1047 1299 ita
1073 1271 1201 1309 tamen,
1227 1271 1266 1299 ut
1291 1267 1383 1299 bona
1405 1268 1566 1308 primum
1594 1266 1738 1299 rendere
1757 1269 1912 1308 possent.

146 1317 328 1351 Postrema
357 1318 495 1351 Canisii
530 1320 688 1352 contione
720 1320 871 1362 reliquis
903 1320 950 1351 ad
987 1319 1089 1361 fidem
1123 1320 1278 1352 reductis
1312 1320 1401 1352 daos
1426 1320 1518 1352 alios
1549 1320 1690 1352 additos
1715 1330 1794 1352 esse.
1847 1318 1911 1351 Ca-

146 1372 279 1404 nlsz'am
305 1375 334 1404 et
361 1372 598 1405 contionando
624 1376 653 1405 et
680 1373 754 1405 alla
781 1373 900 1414 officia
927 1373 1144 1415 praestando
1169 1384 1242 1406 rem
1269 1372 1477 1406 catholicam
1499 1373 1698 1415 plurimum
1725 1372 1911 1409 adiuvisse.

270 1442 519 1484 Cardinalis
554 1442 643 1484 Otto
681 1443 909 1485 Traelcsess
942 1446 1155 1499 episcopas
1188 1449 1451 1498 athastanas
1485 1449 1519 1485 et
1547 1445 1817 1499 praepositus
1859 1444 1911 1485 el·

146 1509 368 1562 varzyensis
397 1507 567 1549 Alberto
597 1509 642 1551 V.
665 1509 882 1550 Bavariae
916 1510 1014 1550 duct
1046 1510 1160 1563 haec,
1188 1514 1363 1563 praeter
1396 1511 1498 1562 alia,
1532 1510 1701 1563 scripsit
1732 1509 1911 1563 Dilinya

145 1573 216 1614 24.
238 1573 402 1627 Aprilis
426 1574 564 1615 1563,-
596 1572 726 1615 Sonst
749 1573 818 1614 bin
850 1573 918 1615 ich
941 1577 1032 1616 erst
1055 1577 1203 1628 gester
1225 1588 1310 1615 von
1334 1574 1574 1627 Elwangen
1597 1573 1674 1615 her
1695 1573 1910 1615 kommen.

147 1636 258 1678 Aldo
291 1637 375 1679 hab
407 1636 476 1678 ich
507 1637 607 1680 mitt
634 1637 762 1681 Gotts
794 1639 909 1692 gnad
932 1638 1070 1681 meins
1102 1639 1333 1681 erachtens
1365 1639 1450 1681 nitt
1473 1638 1616 1692 wenig
1648 1638 1910 1691 ausgericht,

147 1701 379 1744 Nemblich
424 1716 525 1744 auss
569 1703 750 1757 ongefer
791 1706 860 1747 50.
894 1705 1082 1757 burgern
1127 1704 1214 1746 und
1264 1704 1482 1758 burgerin‚
1528 1718 1576 1746 so
1622 1703 1698 1745 der
1729 1717 1912 1745 neuwen

145 1769 295 1809 secten
328 1768 615 1822 angebangen
649 1770 717 1811 26.
751 1768 920 1820 bekort„
954 1769 1023 1811 die
1055 1769 1147 1811 sich
1179 1769 1319 1812 haben
1353 1768 1625 1811 absoluieren
1657 1769 1814 1810 lassen.

267 1832 347 1874 Die
394 1832 547 1886 vbrige
595 1833 716 1875 seind
764 1835 822 1876 all
870 1834 1189 1887 aussgeschafft
1236 1834 1346 1876 nach
1394 1834 1479 1875 und
1526 1834 1636 1876 nach
1681 1833 1767 1875 und
1811 1833 1911 1875 inen

146 1910 231 1938 von
273 1896 355 1938 mir
396 1901 583 1950 vergunt
625 1899 702 1940 das
744 1898 851 1941 irich
892 1913 944 1941 zu
975 1899 1230 1941 uerkauffen
1263 1900 1367 1941 oder
1400 1899 1452 1941 do
1485 1899 1520 1940 si
1554 1899 1639 1941 nitt
1670 1899 1910 1941 kauffleutt

146 1962 289 2003 finden
331 1976 379 2003 so
419 1963 504 2004 hab
546 1963 613 2005 ich
655 1964 733 2006 mit
767 1965 862 2006 dem
896 1964 1063 2019 Capitel
1094 1964 1330 2018 gehandlet
1363 1965 1439 2006 das
1472 1978 1572 2006 man
1604 1964 1639 2006 si
1672 1964 1755 2006 sull
1788 1977 1911 2005 auss-

146 2026 281 2078 losen,
322 2027 477 2070 domitt
518 2028 555 2070 si
595 2043 676 2070 nur
711 2029 884 2083 hinweg
916 2030 1086 2081 kemen,
1131 2029 1208 2072 das
1240 2030 1382 2072 haben
1414 2029 1451 2071 si
1484 2028 1793 2071 danckbarlich
1834 2042 1911 2071 an-

145 2105 416 2145 genommen.

267 2157 365 2199 Vnd
397 2157 538 2199 haben
572 2158 723 2201 ettlich
756 2173 857 2201 auss
888 2159 988 2201 inen
1020 2159 1234 2201 nemblich
1268 2159 1335 2201 die
1369 2162 1514 2202 ersten
1557 2159 1628 2201 ain
1659 2161 1808 2201 monat
1839 2158 1911 2200 zill

146 2222 257 2263 nach
291 2221 487 2273 Osteoen,
521 2223 652 2265 deren
685 2223 828 2266 seindt
859 2224 983 2266 seclis
1016 2225 1121 2266 aber
1152 2224 1222 2267 ain
1255 2224 1395 2266 frauw
1434 2225 1613 2267 darauss
1646 2224 1809 2266 welche
1842 2224 1909 2265 die

145 2286 390 2337 reichischt‚
423 2287 522 2331 hatt
543 2288 632 2330 sich
656 2289 803 2331 sether
825 2289 993 2340 bekort,
1017 2289 1103 2331 und
1126 2304 1195 2332 am
1218 2289 1541 2343 Afftermontag
1563 2289 1673 2331 nach
1697 2289 1880 2332 Osteren
1896 2289 1911 2316 1

145 2351 418 2394 absoluieren
455 2353 600 2395 lassen
640 2354 728 2396 vnd
767 2368 866 2396 vom
899 2354 1068 2397 Canisio
1110 2355 1188 2396 das
1229 2354 1379 2408 haylig
1410 2356 1666 2398 Sacrament
1706 2354 1748 2396 in
1789 2353 1912 2396 ainer

144 2418 310 2471 gestalt
341 2431 610 2471 genommen.

264 2483 344 2524 Die
368 2483 518 2536 vbrige
540 2483 681 2526 haben
711 2483 755 2526 in
777 2484 969 2538 gleicher
991 2485 1133 2527 anzall
1156 2485 1298 2538 alweg
1329 2484 1366 2526 ir
1387 2484 1516 2539 funpf
1534 2499 1630 2526 zum
1653 2483 1909 2537 wenigisten

144 2546 207 2589 ire
239 2547 305 2598 zil,
340 2549 434 2590 Den
466 2549 612 2599 ander,
647 2549 729 2591 den
759 2550 927 2601 tritten,
963 2550 1143 2600 vierten,
1177 2550 1377 2604 funpften
1410 2553 1560 2592 monat
1591 2549 1700 2591 nach
1724 2549 1909 2591 Osteren

145 2626 193 2653 so
225 2612 328 2665 lang
361 2613 448 2655 biss
480 2613 516 2655 si
548 2628 628 2667 gar
649 2614 825 2657 hinauss
848 2615 1062 2663 kommen,
1096 2615 1200 2657 Man
1222 2615 1330 2657 hofft
1363 2615 1467 2657 aber
1488 2629 1616 2656 wann
1649 2614 1716 2656 die
1738 2613 1908 2656 Redlis-

144 2678 244 2719 fiert
264 2677 441 2720 hinauss
463 2678 665 2721 kommen
686 2680 747 2721 Es
769 2680 943 2722 werden
975 2680 1086 2722 noch
1108 2680 1168 2722 vil
1200 2679 1450 2722 reuocieren
1473 2679 1559 2722 und
1581 2679 1673 2721 hier
1695 2679 1908 2721 zwischen

146 2740 237 2782 sich
270 2743 347 2783 och
381 2743 584 2787 bekeren.

269 2806 373 2848 Gott
411 2808 495 2849 hab
528 2809 599 2850 lob
631 2809 717 2851 und
749 2810 904 2852 Danck
936 2810 1024 2852 Der
1055 2809 1195 2852 fromb
1229 2808 1424 2851 Canisius
1454 2808 1552 2851 hatt
1583 2822 1664 2862 gar
1695 2808 1755 2850 vil
1786 2809 1908 2851 nuttz

146 2869 245 2912 mitt
276 2871 484 2924 predigen
516 2874 601 2915 und
634 2876 756 2916 sonst
788 2874 885 2916 aldo
926 2875 1153 2928 geschafft,
1195 2874 1281 2916 und
1321 2874 1365 2916 in
1402 2873 1544 2916 seiner
1583 2874 1723 2916 lesten
1755 2872 1908 2927 predig

145 2948 198 2975 zu
231 2934 311 2976 den
344 2936 524 2988 vorigen
555 2938 665 2980 noch
699 2941 752 2983 .2.
786 2939 952 2984 bekort.

269 3086 279 3104 ¹
303 3084 405 3119 Feria
431 3085 491 3120 III.
519 3086 708 3123 Paschatis
733 3090 811 3123 sive
837 3089 892 3125 20.
921 3089 1065 3134 Aprilis.
