2044 3335
157 118 212 159 84
654 115 756 150 1510.
785 114 950 149 Canisius
977 114 1012 149 S.
1031 115 1220 149 Francisco
1248 115 1410 159 Borgiae.

276 235 506 288 Superiore
547 235 817 276 hebdomoda
857 234 1051 276 misimus
1093 234 1299 276 Romam³
1341 235 1616 277 charissimos
1656 235 1817 277 fratres
1848 235 1921 278 Ja-

154 301 304 342 cobum
330 297 613 349 cremensem,
639 300 695 340 M.
721 299 967 353 Reynerum
993 297 1318 353 Le0d[i]ensem
1341 299 1586 343 rhetoricae
1615 300 1918 354 professorem,

153 368 197 407 et
219 365 483 408 Stanislaum
508 364 716 406 Polonum
740 364 897 405 bonum
928 367 972 406 et
1004 364 1190 406 nobilem
1225 364 1546 407 adolescentem
1562 367 1588 408 ¹.
1632 365 1760 407 Nunc
1785 365 1918 408 mitti-

152 444 247 472 mus
279 429 389 483 sete„
425 436 469 471 ut
500 444 635 484 supra
665 444 705 483 p.
736 428 831 482 80].

272 499 554 541 Prouincialis
593 499 934 541 Lombardious2
980 499 1099 542 misit
1142 498 1431 553 Oenipontum
1474 500 1672 542 Fratrem
1713 501 1917 542 Ioannem

152 565 304 614 Vinch,
340 565 424 618 qui,
459 568 508 607 ut
531 565 670 615 audio,
702 564 888 618 Neapoli
912 567 956 606 et
978 564 1211 606 Mediolani
1236 564 1347 607 uixit
1360 566 1389 608 3.
1433 565 1526 607 Nos
1548 565 1668 606 illum
1692 565 1918 608 remitten—

152 631 250 671 dum
274 629 564 683 putauimusb,
600 629 720 671 cuius
744 643 877 684 opera
898 643 984 671 non
1007 629 1312 683 indigeremus,
1348 632 1393 672 et
1416 629 1487 682 qui
1510 630 1623 684 apud
1645 644 1724 672 nos
1747 630 1918 683 quietus

150 695 323 737 futurus
365 709 449 736 non
492 694 734 745 uidebatur,
779 709 874 736 cum
910 695 964 736 ad
999 694 1185 748 patriam
1218 695 1487 736 inuisendam
1521 695 1749 749 aspiraret,
1791 695 1917 738 homo

149 760 338 802 nondum
381 762 578 802 mortuus
619 760 821 808 mundo4,
866 761 932 801 etc
975 759 1047 812 qui
1089 773 1173 801 non
1215 760 1308 801 sine
1349 759 1539 814 periculo
1580 759 1781 802 fortassis
1813 775 1917 802 suae

149 825 428 874 uocationisd,
462 826 515 867 ad
550 824 712 866 amicos
744 825 1047 866 excurreret5:
1082 824 1175 874 Qua
1206 825 1248 866 in
1270 838 1318 866 re
1341 838 1480 866 meam
1505 839 1585 877 ego
1609 824 1915 868 conscientiam

149 904 337 943 grauare
379 890 508 940 nolui,
551 890 627 931 sed
659 890 797 932 tutius
830 904 925 931 esse
959 889 1063 931 duxi
1095 889 1215 931 illum
1249 903 1275 931 a
1307 889 1450 944 patria
1482 890 1630 944 procul
1664 890 1829 941 abesse,
1872 894 1917 933 et

149 956 227 997 sub
251 955 496 998 obedientia
528 955 593 996 sui
620 955 904 997 Prouincialis
936 955 1098 1005 uiuere,
1138 955 1193 997 ad
1226 969 1351 1008 quem
1385 969 1602 1008 nunquam
1637 969 1718 1008 ego
1750 955 1915 1010 scripsi,

149 1024 197 1063 ut
230 1021 416 1074 aliquem
450 1021 505 1062 ad
538 1035 615 1062 nos
649 1020 860 1063 mitteret.

268 1092 470 1133 Nondum
511 1091 641 1145 redijt
682 1091 728 1134 P.
763 1091 1042 1133 Dominicus6
1074 1091 1235 1133 Rector
1267 1091 1586 1133 Monachiensis
1628 1105 1682 1133 ex
1714 1091 1915 1133 Lotorin-

149 1157 246 1210 gica
278 1156 560 1211 profectione,
595 1171 673 1198 nec
706 1157 818 1198 male
850 1156 1025 1198 interim
1057 1160 1233 1210 praeest
1266 1156 1316 1198 D.
1351 1156 1511 1197 Paulus
1527 1157 1554 1199 7.
1605 1156 1769 1198 Redibo
1802 1171 1914 1198 nuno

148 1223 203 1264 ad
243 1222 539 1264 uisitationem
571 1222 750 1276 Collegij
784 1221 1115 1272 Monachiensis,
1160 1235 1186 1263 a
1228 1235 1313 1274 qua
1355 1221 1504 1263 diebus
1542 1222 1706 1274 aliquot
1737 1236 1805 1263 me
1838 1223 1912 1263 ab-

147 1290 403 1330 straxerunt
436 1287 613 1340 negotia
636 1287 836 1340 Dilingae
869 1286 1130 1341 peragenda,
1163 1286 1336 1340 illicque
1368 1301 1462 1328 sum
1486 1287 1717 1328 Rectorem
1740 1289 1784 1329 et
1807 1287 1913 1329 alios

146 1353 188 1394 in
232 1353 401 1394 domino
445 1353 708 1402 consolatus,
754 1356 802 1395 ut
844 1366 971 1394 casus
1012 1352 1233 1401 aduersos,
1277 1365 1383 1404 quos
1425 1354 1655 1406 apostatae
1692 1352 1815 1393 nobis
1847 1352 1912 1393 in-

147 1420 391 1472 gesserunt,
426 1417 678 1459 fortioribus
712 1417 865 1459 animis
898 1417 1055 1460 ferant.

266 1489 469 1531 Nondum
502 1489 553 1531 D.
589 1489 749 1530 Paulus
790 1489 917 1530 finem
959 1487 1128 1530 fecerat
1169 1487 1363 1530 uertendi
1405 1488 1659 1530 Germanice
1692 1488 1912 1531 Catechis-

148 1569 276 1605 mum,
320 1557 364 1596 et
397 1568 495 1596 ecce
528 1567 666 1595 nouus
698 1553 860 1608 prodiJ't
892 1554 1123 1607 interpres,
1158 1553 1229 1606 qui
1263 1553 1444 1594 eundem
1478 1553 1632 1594 librum
1659 1554 1911 1607 Moguntiae

146 1634 319 1661 uersum
363 1619 516 1661 excudi
560 1619 771 1661 curauitss.
838 1619 1045 1660 Videmur
1081 1618 1226 1671 igitur,
1270 1618 1305 1659 si
1338 1621 1531 1660 nostram
1565 1618 1807 1660 uersionem
1839 1633 1910 1660 ur-

147 1699 339 1737 geamus,
385 1686 461 1726 aut
504 1685 670 1726 frustra
711 1684 925 1732 laborare,
972 1686 1048 1725 aut
1089 1683 1427 1737 Typographum
1470 1684 1634 1725 nullum
1676 1683 1910 1738 impetrare

146 1764 286 1804 posse,
330 1763 426 1791 cum
467 1749 585 1803 prior
627 1748 797 1802 quidem
840 1749 972 1791 editio
1014 1752 1184 1791 tantum
1228 1752 1491 1801 quaestuosa
1523 1748 1592 1799 sit,
1635 1752 1680 1791 et
1712 1749 1910 1802 sequenti

147 1815 438 1869 Typographo
472 1829 591 1868 spem
625 1815 732 1856 lucri
767 1828 934 1856 omnem
969 1814 1147 1863 adimat,
1190 1827 1241 1855 ac
1278 1813 1478 1856 fortassis
1512 1813 1641 1856 etiam
1676 1827 1771 1855 cum
1805 1814 1909 1856 Cae-

146 1894 272 1922 sareo
313 1879 541 1934 priuilegio
582 1879 714 1933 priori
758 1879 936 1922 editioni
983 1879 1143 1921 donato
1186 1881 1363 1933 pugnet.
1434 1878 1526 1927 Qua
1567 1879 1619 1920 de
1661 1893 1792 1921 causa
1833 1893 1911 1921 nos

147 1947 379 1987 excusatos
421 1945 621 1995 arbitror,
665 1958 748 1997 quo
781 1945 922 1986 minus
954 1945 997 1985 in
1029 1945 1110 1986 hoc
1143 1958 1273 1998 opere
1305 1944 1634 1998 progrediamur
1666 1945 1717 1986 D.
1753 1944 1911 1986 Paulus

147 2013 192 2053 et
237 2024 331 2063 ego,
379 2010 536 2052 facturi
582 2010 773 2062 alioquin
818 2010 1015 2060 libenter,
1062 2010 1175 2062 quod
1209 2009 1412 2050 Pontifex
1445 2009 1662 2051 Maximus
1695 2009 1746 2051 de
1787 2009 1911 2051 huius

147 2074 406 2117 Catechismi
447 2075 645 2116 uersione
688 2079 731 2117 et
770 2075 958 2117 editione
991 2074 1163 2127 utrique
1196 2077 1389 2116 nostrum
1422 2074 1622 2116 iniunxit.
1686 2074 1910 2116 Commen-

266 2174 293 2205 a)
318 2174 459 2204 chaltnoi·
473 2181 515 2198 vr.
529 2181 587 2205 sqq.
602 2173 634 2197 in
648 2173 780 2204 maryine
794 2173 899 2197 addita
911 2175 987 2197 sunt.
1044 2170 1075 2204 b)
1096 2173 1264 2203 Sequuntur
1279 2180 1320 2196 vv.
1336 2171 1415 2204 quod
1438 2171 1518 2197 illius
1539 2179 1605 2205 ope,
1623 2172 1711 2197 oblite.
1768 2173 1794 2203 c)
1810 2173 1869 2197 Hoc¹
1886 2180 1908 2197 Γ.

146 2223 239 2247 supra
258 2222 373 2240 versum
392 2215 533 2246 scriptum
555 2218 605 2239 est.
668 2213 696 2244 (l)
718 2214 857 2245 Sequitur
876 2214 920 2245 ut,
940 2214 1029 2238 omitt.

270 2340 279 2358 ¹
306 2338 397 2371 Vide
423 2349 532 2382 supra
558 2349 591 2382 p.
611 2337 763 2371 63—65.

268 2398 281 2417 ‘2
307 2397 346 2431 P.
373 2397 587 2431 Franciscus
614 2396 797 2430 Adurnius
826 2396 1013 2439 (Adorno).

269 2458 280 2477 3
306 2457 345 2490 In
372 2455 574 2499 *Catalogo
600 2455 807 2500 provinciae
834 2455 1014 2489 rhenanae
1034 2454 1066 2488 S.
1082 2455 1115 2489 J.
1142 2466 1187 2488 m.
1212 2454 1376 2488 Ianuario
1403 2466 1433 2488 a.
1451 2455 1541 2489 1565
1568 2466 1674 2488 manu
1702 2455 1740 2488 P.
1761 2457 1912 2489 Antonii

153 2511 261 2543 Vinclc
298 2509 495 2554 praepositi
533 2509 766 2553 provincialis
804 2508 938 2553 scripto
967 2508 1007 2551 (f.
1036 2507 1090 2551 ssb)
1131 2508 1296 2548 refertur,
1339 2507 1553 2550 ⁷,Antonium
1582 2507 1719 2541 Vinck“
1761 2508 1909 2542 fratrem

147 2563 289 2604 laicum,
326 2575 370 2596 ex
402 2562 573 2607 „vertrijk
600 2574 693 2607 pago
720 2562 754 2595 di
782 2561 996 2595 Brabantia⁴⁴
1030 2561 1228 2605 (Vei-tryck
1266 2561 1369 2595 vicus
1404 2561 1506 2603 regni
1537 2560 1678 2604 belgici,
1713 2572 1821 2605 prope
1847 2561 1910 2595 Lo-

149 2617 294 2649 vanium
321 2616 427 2658 situs)
457 2618 584 2655 ortum,
611 2616 654 2649 21
683 2626 795 2649 annos
821 2617 946 2648 natum
973 2626 1070 2655 esse;
1099 2614 1159 2658 qui
1188 2615 1241 2648 10.
1262 2614 1396 2659 Aprilis
1422 2614 1510 2648 1562
1538 2613 1706 2647 Treveris
1732 2613 1768 2647 in
1795 2613 1909 2648 Socie—

149 2672 260 2703 tatem
287 2669 475 2709 admissus,
511 2668 611 2702 initio
638 2680 669 2702 a.
699 2669 789 2702 1565
825 2669 859 2701 in
897 2668 1047 2711 collegio
1084 2667 1293 2710 moguntino
1329 2668 1516 2702 ianitorem
1542 2667 1684 2710 agebat.
1736 2667 1823 2701 Eum
1851 2679 1909 2701 ne-

150 2724 269 2767 potem
295 2722 408 2755 fuisse
435 2722 580 2755 Antonii
608 2722 724 2755 Vinck
751 2720 995 2766 provincialis,
1023 2732 1068 2755 ex
1095 2721 1201 2754 huius
1227 2721 1360 2754 litteris
1387 2720 1599 2764 quibusdam
1626 2720 1861 2763 intellegitur.

270 2784 281 2800 ⁴
309 2780 365 2815 Cf.
393 2780 459 2814 Gal
488 2782 519 2821 6,
549 2781 602 2815 14.
749 2782 761 2800 ⁵
789 2780 842 2814 Cf.
870 2780 973 2819 infra,
1000 2792 1093 2814 mon.
1122 2792 1199 2813 oen.
1228 2779 1293 2821 (4).

269 2841 282 2860 ⁶
307 2840 516 2882 Menginus;
546 2851 578 2872 v.
606 2851 716 2883 supra
741 2851 774 2883 p.
795 2840 866 2873 65¹.
1013 2839 1025 2859 7
1052 2838 1233 2872 Hoffaeus.

272 2900 283 2915 ⁹
310 2898 492 2932 Eiusmodi
517 2899 719 2932 versionem
746 2898 988 2940 germanicam
1014 2897 1231 2932 Catechismi
1250 2897 1398 2931 Romani
1426 2897 1589 2941 equidem
1616 2897 1741 2931 nullibi
1767 2896 1911 2931 invenio

150 2953 474 2985 commemoratam.
509 2951 612 2984 Certe
632 2950 808 2994 Georgius
830 2951 931 2991 Eder,
958 2962 1038 2984 cum
1067 2950 1208 2984 Canisio
1235 2953 1382 2984 curante
1402 2950 1667 2984 catechismum
1693 2950 1788 2984 verti
1813 2950 1909 2984 audi-

152 3005 275 3044 visset,
302 3004 465 3037 vertendi
493 3003 612 3037 labore
639 3015 659 3037 a
685 3015 723 3037 se
751 3006 919 3048 suscepto
940 3003 989 3046 (v.
1009 3015 1118 3048 supra
1136 3015 1169 3048 p.
1190 3003 1249 3046 58)
1271 3003 1398 3043 cessit:
1426 3003 1461 3036 id
1489 3015 1534 3037 ex
1552 3003 1665 3048 ipsius
1684 3003 1911 3046 cognoscitur

152 3058 255 3091 Ederi
284 3057 414 3097 verbis,
449 3068 540 3099 quae
567 3057 667 3100 posui
697 3058 785 3090 Can.
812 3058 827 3090 Ι
854 3057 933 3092 668.
985 3057 1038 3090 Cf.
1066 3057 1173 3090 etiam
1202 3058 1251 3090 St.
1279 3058 1322 3090 L.
1353 3058 1483 3090 Corvin
1508 3069 1538 3090 r.
1566 3057 1808 3099 Skibniewslci,
1841 3055 1908 3089 Ge-

151 3110 311 3145 schichte
339 3110 400 3143 des
427 3109 628 3143 romischen
655 3109 921 3151 Katechismus‚
950 3110 1039 3143 Rom
1066 3122 1099 3143 u.
1127 3110 1364 3152 Regensburg
1392 3109 1493 3151 1903,
1520 3110 1660 3143 69—70
1688 3109 1765 3143 142.
