2044 3335
119 93 203 135 538
424 91 518 126 Mon.
545 91 613 125 932
640 90 717 124 sive
743 89 803 124 dil.
826 89 891 133 (5).
933 90 965 123 A
990 101 1037 124 m.
1056 88 1150 122 Maio
1177 88 1221 123 ad
1248 87 1439 123 Octobrem
1467 89 1568 124 1569.

117 206 323 247 concitauit,
351 204 517 249 quamuis
543 204 689 245 frustra,
720 214 803 237 nam
838 202 968 247 reliqui
1002 213 1087 237 suae
1114 202 1313 237 vocationis
1339 215 1513 238 memores
1547 216 1622 238 rem
1657 215 1796 238 omnem
1821 216 1879 239 su-

118 259 317 305 perioribus
343 259 571 302 aperuerunt.
621 255 701 290 Non
726 257 883 290 cessauit
912 256 1054 290 interim
1082 256 1214 290 Doctor
1248 255 1309 290 ille
1335 268 1420 291 suas
1454 257 1671 291 tentationes
1706 257 1880 292 fratribus

117 311 389 352 communicare,
417 312 452 344 et
478 321 517 344 se
543 320 689 354 prorsus
716 309 870 343 alienum
897 308 1079 343 declarare
1105 320 1174 342 non
1204 308 1318 343 solum
1346 321 1367 343 a
1392 310 1634 354 superioribus
1669 310 1775 344 huius
1803 309 1879 344 Col-

117 365 213 410 legij,
241 364 369 409 quibus
395 362 430 396 in
456 362 598 404 faciem,
625 362 732 396 etiam
758 362 909 407 publice,
936 361 1161 402 contradicit,
1188 373 1267 396 cum
1294 361 1392 396 nulla
1419 363 1514 397 adsit
1539 363 1695 407 alioquin
1721 363 1879 398 occasio:

119 429 243 452 verum
271 416 377 450 etiam
405 426 425 449 a
451 415 687 460 prouinciali¹
713 417 860 460 totaque
885 415 953 449 hac
978 415 1173 459 prouincia.
1221 414 1422 459 Displicent
1446 415 1498 450 illi
1523 428 1612 460 pene
1639 416 1766 458 omnia,
1792 418 1879 450 tem-

119 482 185 515 pus
212 471 248 503 in
273 468 406 503 scholis
433 479 472 502 se
499 468 633 502 iamdiu
659 469 807 513 perdere
834 468 1073 513 conqueritur,
1101 467 1195 512 quod
1230 468 1265 501 in
1292 468 1458 502 iuuandis
1492 469 1620 503 animis
1646 469 1785 503 vtiliter
1811 469 1882 503 col-

118 524 234 557 locare
260 524 392 567 posset.
428 521 503 564 Ego
529 521 627 566 loqui
652 521 705 556 illi
730 533 799 555 non
817 522 961 562 audeoa,
988 521 1082 565 quod
1100 522 1164 554 vix
1181 521 1305 555 audiat
1329 521 1399 555 tria
1416 522 1536 563 verba,
1564 523 1649 566 quin
1675 522 1881 566 loquentem

118 576 259 620 magnis
295 575 511 610 clamoribus
550 575 606 618 (vt
640 577 696 609 est
729 574 945 617 cholericus)
982 575 1232 619 interrumpat.
1282 574 1330 609 Jn
1365 575 1521 609 docendo
1556 578 1730 619 quantum
1764 577 1882 620 potest

118 641 244 664 vocem
270 628 463 670 contendit,
492 629 586 662 vnde
612 628 793 673 frequenti
825 627 999 662 obnoxius
1034 630 1090 662 est
1122 627 1298 668 catarrho,
1334 630 1478 672 propter
1512 628 1782 663 immoderatam
1808 640 1882 663 cor-

118 683 215 728 poris
241 682 526 716 calefactionem.
563 681 715 727 Ceperat
741 693 824 725 ergo
850 681 1100 725 frequentibus
1117 680 1171 715 vti
1197 681 1419 725 pharmacis:
1447 693 1538 725 quae
1556 682 1673 716 minus
1699 682 1882 716 commoda

119 736 197 770 eius
222 735 422 770 valetudini
448 735 649 769 iudicabam
675 737 820 780 propter
839 734 1098 769 assiduitatem.
1135 732 1227 775 Quin
1245 735 1363 779 potius
1381 737 1422 768 vt
1440 746 1584 769 causam
1610 735 1722 769 morbi
1740 735 1884 769 tolleret

119 791 156 822 et
180 790 253 823 tam
281 788 400 823 studia
436 799 544 832 quam
571 799 695 822 vocem
730 789 957 833 temperaret,
994 799 1039 821 ex
1073 787 1220 821 consilio
1255 787 1383 821 medici
1419 787 1666 822 consulebam:
1702 788 1754 822 sic
1790 788 1883 822 enim

119 841 195 876 fore
220 844 261 876 vt
287 844 322 876 et
348 841 506 875 laborem
540 842 652 876 ferret
677 841 832 883 diutius,
867 843 903 875 et
929 841 1106 875 communi
1133 851 1214 874 cum
1245 839 1327 885 alijs
1362 840 1449 882 cibo,
1486 852 1555 885 quo
1587 853 1682 875 nunc
1716 841 1883 882 abstinet,

119 897 292 930 vteretur.
343 895 442 929 Haec
468 894 529 928 ille
556 907 600 929 ex
627 906 683 928 me
708 906 777 928 non
803 894 894 928 satis
927 906 1041 938 aequo
1067 893 1184 928 animo
1221 893 1320 928 visus
1347 896 1403 928 est
1437 894 1569 928 audire.
1620 893 1722 928 Vnde
1748 896 1789 928 vt
1814 893 1883 928 cla-

120 948 279 983 moribus
305 949 412 982 finem
438 948 605 990 facerem,
640 947 713 982 dixi
740 950 780 982 vt
805 947 940 992 scripto
975 946 1126 992 posthac
1160 957 1226 980 sua
1260 949 1484 991 proponeret,
1519 947 1578 981 vel
1604 959 1667 992 per
1693 947 1734 981 D.
1762 947 1883 981 Pisam

119 1001 282 1036 Rectoris
314 1002 582 1043 admonitorem,
609 1013 700 1045 quae
725 1001 838 1035 vellet
862 1001 973 1035 libere
999 1000 1232 1044 significaret.
1284 1000 1393 1034 Venit
1417 1000 1561 1035 interim
1587 1000 1667 1042 huc,
1695 1002 1778 1034 ante
1808 1000 1884 1034 dies

122 1056 166 1090 14
192 1058 295 1100 pater
320 1054 561 1100 prouincialis,
588 1055 649 1099 qui
675 1054 878 1088 examinato
909 1053 1053 1097 negotio
1089 1065 1170 1088 cum
1204 1053 1423 1087 obstinatum
1450 1054 1588 1088 videret
1615 1054 1784 1097 Anglum,
1810 1054 1882 1087 Au·

121 1111 264 1152 gustam
291 1120 372 1142 eum
398 1119 519 1142 secum
546 1108 708 1149 abduxit,
734 1119 789 1141 me
817 1107 1018 1149 comitante,
1046 1107 1106 1141 vbi
1132 1106 1254 1141 multis
1281 1118 1361 1141 cum
1388 1107 1505 1150 Anglo
1540 1109 1660 1141 actum
1688 1111 1752 1149 est,
1780 1109 1817 1141 et
1842 1119 1882 1141 eo

120 1161 264 1195 tandem
291 1173 348 1196 res
375 1161 540 1203 adducta,
567 1164 608 1195 vt
633 1161 694 1194 ille
721 1161 1005 1195 emendationem
1030 1163 1225 1204 vtcumque
1251 1160 1496 1205 promitteret:
1532 1164 1640 1205 atque
1666 1161 1718 1195 ita
1743 1172 1882 1194 mecum

120 1214 191 1248 huc
216 1214 334 1259 redijt.
378 1214 533 1249 Jnterim
558 1226 644 1249 vero
671 1214 755 1248 dum
781 1225 847 1257 ego
873 1225 954 1248 cum
978 1213 1096 1257 Anglo
1123 1213 1249 1247 absum
1273 1224 1387 1247 nouas
1412 1213 1537 1247 turbas
1563 1214 1668 1248 audio
1694 1225 1715 1247 a
1732 1213 1775 1248 D.
1794 1213 1881 1248 Tho.

121 1268 308 1309 excitatas,
335 1269 397 1312 qui
423 1279 569 1302 causam
595 1267 715 1311 Angli,
743 1267 887 1301 abducti
912 1268 1127 1310 Augustam,
1154 1266 1379 1308 defendebat,
1412 1269 1448 1300 et
1474 1266 1543 1301 alia
1569 1279 1639 1301 non
1664 1267 1756 1301 bona
1789 1266 1882 1300 inter

120 1321 254 1356 fratres
271 1321 468 1366 spargebat
486 1348 494 1356 .
514 1321 623 1355 Pater
641 1320 870 1366 prouincialis
889 1332 968 1355 cum
988 1321 1132 1354 adesset
1143 1320 1166 1362 ²,
1192 1319 1281 1353 nihil
1300 1319 1374 1353 fere
1393 1320 1468 1363 egit
1485 1331 1566 1354 cum
1584 1320 1662 1361 isto,
1690 1320 1783 1364 quod
1802 1331 1882 1353 eum

123 1386 143 1409 a
170 1387 209 1409 se
244 1375 401 1409 alienum
428 1374 577 1416 videret,
612 1377 647 1408 et
682 1374 776 1419 quod
808 1374 839 1408 is
874 1374 1008 1408 diceret
1044 1373 1130 1407 nihil
1165 1385 1203 1407 se
1239 1373 1370 1407 habere
1397 1374 1493 1417 patri
1526 1373 1882 1408 communicandum:

122 1428 193 1462 iam
213 1429 305 1462 enim
332 1439 371 1462 se
389 1429 509 1462 omnia
527 1428 676 1462 Romam
702 1428 956 1473 perscripsisse
974 1427 1018 1462 ad
1037 1427 1077 1462 P.
1096 1426 1137 1462 Τ.
1151 1427 1164 1447 ³
1189 1438 1209 1461 a
1235 1437 1306 1471 qua
1323 1438 1535 1471 responsum
1553 1428 1773 1472 expectaret.
1807 1426 1883 1470 Ego

121 1481 232 1525 igitur
258 1493 339 1516 cum
357 1482 524 1524 Augusta
550 1493 630 1515 cum
649 1481 766 1525 Anglo
793 1480 979 1526 redijssem
1006 1483 1043 1515 et
1067 1481 1295 1526 perturbatos
1321 1480 1474 1514 fratrum
1496 1480 1634 1514 animos
1659 1479 1882 1524 reperissem,

121 1534 290 1579 aliudque
316 1535 512 1569 remedium
540 1546 608 1569 non
634 1534 831 1569 inuenirem
859 1535 902 1568 ad
929 1534 1127 1568 sedandum
1152 1533 1219 1568 hoc
1244 1533 1458 1575 incendium,
1485 1533 1645 1568 ordinaui
1665 1532 1706 1568 D.
1726 1532 1884 1566 Thomae

118 1588 264 1633 scripto,
292 1588 327 1622 in
355 1588 489 1622 virtute
514 1589 661 1622 sanctae
688 1587 920 1630 obedientiae,
955 1599 999 1621 ne
1026 1590 1150 1622 contra
1175 1587 1433 1630 cuiuscumque
1467 1586 1661 1632 superioris
1696 1597 1883 1631 personam

120 1641 179 1676 vel
206 1641 465 1676 ordinationem
492 1652 610 1675 coram
636 1640 718 1686 alijs
751 1640 968 1685 loqueretur,
1004 1642 1256 1686 praeterquam
1289 1640 1534 1684 superioribus
1559 1640 1618 1674 vel
1645 1638 1883 1680 Confessario‚

120 1695 227 1740 idque
262 1696 379 1730 sciens
406 1697 441 1730 et
467 1695 602 1730 volens.
654 1694 934 1740 Expectabimus
960 1706 1167 1729 successum
1193 1694 1254 1736 rei,
1287 1696 1323 1728 et
1350 1694 1388 1728 Ρ.
1415 1693 1455 1729 Τ.
1481 1705 1717 1739 responsum.
1739 1721 1745 1727 .
1765 1720 1773 1727 .
1812 1692 1884 1727 Sex

121 1749 198 1783 dies
224 1751 307 1783 sunt
333 1761 378 1782 ex
404 1760 473 1793 quo
500 1749 667 1792 Augusta
701 1748 771 1782 huc
804 1747 904 1794 redii,
940 1759 1009 1792 quo
1043 1751 1204 1793 tempore
1239 1748 1329 1782 satis
1365 1747 1485 1792 quiete
1520 1746 1687 1781 hocloco
1714 1747 1884 1787 viximus,

122 1801 264 1837 Christo
290 1802 419 1846 gratia,
447 1804 482 1836 et
508 1802 577 1836 duo
602 1801 663 1836 illa
690 1801 810 1847 capita
835 1801 1007 1836 humilius
1033 1813 1071 1836 se
1097 1812 1222 1845 gerere
1248 1801 1426 1835 videntur.

123 1934 231 1972 932
257 1937 335 1970 sive
363 1934 457 1970 dil.
479 1934 579 1980 (5).
653 1934 682 1970 A
707 1944 753 1970 m.
773 1933 864 1970 Maio
891 1932 937 1969 ad
963 1933 1155 1970 Octobrem
1180 1932 1275 1969 1569.

240 1995 296 2030 Ex
323 1995 508 2039 Sacchino,
537 1995 622 2029 Can.
649 1995 848 2036 265-266,
874 1996 910 2028 et
935 2006 981 2028 ex
1007 1995 1180 2028 IVinsenii
1205 1993 1336 2027 litteris
1371 1992 1588 2037 archetypis,
1621 2004 1713 2036 quae
1739 1993 1823 2026 sunt
1849 1991 1884 2025 in

121 2048 165 2084 G.
194 2048 257 2094 Ep.
285 2049 318 2082 X
343 2049 367 2083 f.
397 2048 498 2090 13623
542 2059 633 2092 quae
671 2060 717 2082 ex
753 2048 931 2082 Winsenii
969 2047 1100 2081 litteris
1141 2049 1339 2091 ponuntur,
1377 2046 1570 2080 maximam
1610 2047 1749 2090 partem
1790 2045 1886 2090 apud

124 2102 338 2137 Sacchinum
365 2113 505 2146 quoque
532 2101 572 2145 (l.
590 2113 619 2136 c.
639 2102 841 2145 266—267)
871 2103 1027 2135 exstant.
1062 2100 1118 2135 Ex
1144 2100 1318 2135 Sacchino
1344 2100 1433 2134 haec
1459 2099 1764 2144 transcripserunt
1791 2098 1885 2142 (sive

121 2156 199 2201 ipsa
225 2155 345 2197 verba,
372 2155 449 2189 sive
474 2155 572 2190 solas
597 2167 654 2189 res
679 2154 855 2200 ponendo)
884 2156 1061 2198 Doriyny,
1091 2155 1198 2198 Riese,
1225 2154 1351 2197 Boero,
1379 2153 1506 2187 Miehel
1532 2154 1599 2187 etc.

245 2215 428 2258 canisius,
460 2215 728 2258 provinc-ialam
761 2215 908 2257 levatus,
944 2214 1113 2256 Dilinyae
1149 2214 1262 2246 Sociis
1294 2213 1486 2256 praeclara
1520 2213 1690 2245 vitiatum
1727 2211 1884 2254 exempla

116 2269 284 2312 praeben
305 2278 436 2311 pueros
461 2269 634 2312 rudesque
658 2269 776 2309 doeet;
807 2268 1038 2310 confessiones
1063 2267 1201 2309 excipit.
1252 2267 1311 2300 Ad
1345 2271 1479 2309 tenipus
1504 2266 1703 2308 Auyicstam
1728 2265 1809 2305 abit,
1845 2267 1885 2298 ut

121 2322 381 2364 confessarium
406 2325 498 2364 agat.

241 2383 290 2425 P.
315 2382 571 2423 Franciscus
603 2382 838 2424 Saeehinus
870 2382 913 2423 S.
938 2380 980 2423 J.
1005 2381 1223 2423 Societatefs
1254 2379 1618 2434 historioyraphus
1650 2379 1695 2419 in
1721 2378 1886 2420 Canisii

125 2448 209 2488 vita
251 2448 352 2489 haee
390 2452 544 2488 narrat
587 2448 636 2489 de
678 2447 817 2489 eodem
843 2447 1014 2489 Caizisio
1048 2460 1086 2487 a.
1122 2447 1238 2488 1569
1271 2459 1321 2486 m.
1356 2445 1501 2500 Aprili
1532 2444 1761 2499 praepositi
1787 2457 1885 2498 pro-

125 2513 319 2554 vincialis
362 2512 499 2566 officio
536 2527 615 2567 per
655 2514 698 2555 S.
732 2513 1011 2554 Franeiscum
1043 2511 1248 2565 Boryiam
1288 2509 1465 2552 liberato
1507 2514 1543 2551 et
1584 2509 1658 2550 suh
1700 2509 1884 2549 medium

126 2577 291 2618 Maium
313 2579 508 2633 Auqusta
525 2578 760 2632 Dilinyam,
793 2581 836 2618 ut
860 2577 1159 2618 Centariarum
1182 2575 1613 2630 Illaqdeburyensium
1636 2573 1886 2626 refutationi

125 2655 152 2682 a
184 2642 227 2684 S.
252 2643 329 2683 Pio
361 2643 406 2684 V.
431 2644 515 2697 ipsi
547 2644 790 2685 commissae
820 2647 1000 2694 vacaret,
1033 2646 1297 2696 transyresso
1329 2639 1386 2691 (v.
1410 2653 1543 2694 supra
1574 2653 1614 2693 p.
1637 2640 1725 2680 293
1757 2638 1886 2685 322).-

128 2705 427 2749 Obedientiam
474 2706 537 2749 ita
584 2707 838 2761 eapessiuit‚
887 2720 972 2748 non
1015 2705 1141 2747 modo
1187 2707 1236 2747 vt
1278 2704 1554 2746 inferioribus
1599 2716 1645 2745 se
1690 2702 1884 2744 omnibus

126 2774 348 2822 aequaret,
381 2771 457 2813 sed
489 2775 539 2815 vt
570 2771 861 2822 tractandum,
895 2770 1233 2823 ducendamque,
1268 2772 1311 2811 et
1333 2768 1594 2810 versandum
1627 2782 1712 2809 non
1744 2781 1881 2818 secus,

125 2836 258 2887 atque
290 2835 488 2878 Vltimum
521 2837 780 2880 nouitiorum
813 2836 1064 2891 praeberet:
1098 2835 1212 2889 quod
1234 2833 1453 2887 Dilingani
1485 2833 1662 2887 Collegij
1685 2832 1884 2875 Minister

245 2910 272 2937 a)
293 2908 381 2934 audio
403 2913 513 2941 autom:

250 3017 256 3035 ¹
284 3016 315 3047 A
343 3015 380 3048 P.
408 3015 513 3049 Petro
541 3016 682 3050 Canisio
708 3016 913 3061 provinciae
941 3017 1153 3052 Germaniae
1178 3015 1372 3061 superioris
1398 3014 1611 3060 praeposito.

247 3068 258 3087 ‘-'
285 3067 411 3101 Adfuit
436 3079 456 3101 a
483 3068 514 3102 d.
534 3069 565 3102 3.
585 3069 628 3102 ad
656 3070 711 3103 11.
730 3069 946 3105 Decembris.
1093 3070 1105 3090 ³
1131 3069 1222 3104 Vide
1247 3079 1356 3114 supra
1381 3079 1415 3112 p.
1434 3067 1513 3102 536.
