2044 3335
669 99 724 134 Ab
751 100 806 134 28.
826 99 961 145 Aprilis
987 99 1030 134 ad
1056 100 1089 134 4.
1107 99 1195 134 Maii
1223 100 1324 134 1568.
1787 102 1870 143 571

458 228 587 267 egere
620 215 813 258 uidetur:
848 231 898 259 ea
932 231 1035 259 uero
1065 231 1150 259 non
1182 218 1319 259 solum
1354 232 1379 259 a
1403 218 1447 260 P.
1472 216 1527 260 N.
1553 215 1766 266 Generali,
1801 216 1877 258 sed

459 279 591 322 etiam
624 294 649 322 a
682 282 1020 335 congregatione
1053 296 1166 324 noua
1199 282 1393 336 generali
1419 281 1683 324 commodius
1716 280 1878 324 adferri

457 358 584 398 posse
618 345 880 389 uiderentur.

520 410 558 452 2.
594 410 661 451 Ex
684 413 808 464 parte
832 411 1015 453 aliarum
1038 411 1358 465 prouinciarum
1381 411 1533 454 similis
1559 412 1674 455 forte
1697 411 1876 462 utilitas,

458 476 502 516 et
535 475 772 517 necessitas
804 476 884 518 hoc
917 476 1167 518 turbulento
1200 478 1396 530 tempore
1428 477 1556 518 facile
1588 491 1684 518 sese
1711 477 1878 519 offeret.

520 541 559 582 3.
592 539 888 593 <intelligimus
906 540 1069 582 Romae
1092 541 1228 583 ardua
1246 541 1458 593 quaedam
1476 541 1653 594 negotia
1675 541 1877 592 incidere,

457 606 501 645 et
533 618 646 646 noua
679 619 811 647 onera
843 606 1005 648 nostris
1037 606 1296 659 imponenda
1329 619 1448 648 esse:
1483 620 1594 659 quae
1627 609 1767 649 totum
1801 605 1879 648 So-

456 668 629 712 cietatis
662 673 838 712 nostrae
873 685 1027 725 corpus
1059 670 1307 724 respiciant,
1348 673 1391 713 et
1424 685 1582 724 graues
1614 670 1879 714 mutationes

456 734 670 776 allaturae
694 735 966 786 uidebuntur,
990 735 1073 777 nisi
1095 735 1208 777 serio
1230 735 1316 776 illis
1338 749 1423 777 non
1447 736 1585 777 solum
1609 749 1634 777 a
1654 731 1699 778 P.
1718 736 1773 778 N.
1795 736 1880 778 Ge—

456 799 606 850 nerali,
641 800 715 841 sed
748 801 880 843 etiam
913 815 939 843 a
966 803 1060 843 tota
1093 801 1433 854 congregatione
1455 803 1723 850 occurratur,
1758 801 1879 843 cuius

456 864 628 917 generis
661 868 787 907 sunt³
818 879 872 907 ne
905 865 978 919 alij
1012 879 1035 907 e
1067 865 1229 907 nostris
1252 879 1382 918 quam
1414 865 1606 907 Professi
1639 865 1776 908 sacris
1809 880 1879 907 or-

457 929 625 971 dinibus
647 929 874 972 initientur
890 932 917 981 1,
942 933 986 973 et
1009 934 1057 973 ut
1080 933 1235 973 cantus
1258 930 1528 972 ordinariusb
1551 930 1593 972 in
1618 930 1881 974 Societatem

456 993 777 1038 introducaturc
809 998 853 1038 et
876 995 1115 1038 consimilia
1147 995 1184 1037 si
1214 1010 1325 1049 quae
1347 998 1450 1038 sunt
1463 997 1493 1038 2.
1546 996 1604 1038 Et
1630 995 1882 1050 priusquam

454 1059 666 1102 aduersus
689 1060 1031 1104 Constitutiones
1059 1075 1173 1103 noua
1196 1061 1408 1114 quaedam
1441 1060 1549 1103 talia
1578 1061 1881 1113 admittantur,

455 1123 499 1165 in
543 1124 934 1168 Constitutionibus
981 1126 1087 1181 ipsis
1135 1130 1311 1169 cautum
1357 1129 1446 1177 est,
1496 1126 1881 1180 congregationem

453 1190 703 1241 generalem
735 1191 864 1233 indici
896 1195 941 1234 et
973 1192 1183 1234 celebrari
1217 1194 1418 1247 oportere
1443 1194 1482 1235 ‚2
1516 1206 1610 1246 cap.
1635 1194 1674 1234 8.
1708 1206 1749 1247 p.
1783 1206 1879 1234 cum

455 1254 749 1297 declaratione
762 1257 790 1298 3.

513 1319 574 1362 Vt
606 1334 709 1362 uero
732 1321 921 1364 maxime
944 1322 1224 1376 congregatio
1253 1325 1432 1377 propter
1454 1336 1607 1365 causas
1630 1322 1879 1377 praedictas

454 1387 498 1427 et
531 1385 692 1428 similes
725 1386 833 1428 alias
866 1386 1093 1430 indicenda
1126 1388 1360 1438 uideretur,
1394 1387 1701 1431 existimarunt
1733 1390 1879 1430 tamen

453 1449 609 1492 Patres
642 1452 695 1493 ad
717 1452 992 1506 prudentiam
1016 1453 1064 1496 P.
1088 1453 1143 1497 N.
1169 1453 1395 1496 Generalis
1419 1455 1462 1495 et
1496 1453 1677 1496 aliorum
1700 1453 1879 1495 Patrum

453 1515 618 1558 Romae
641 1517 989 1560 conuenientium
1019 1518 1061 1560 id
1093 1518 1382 1569 referendum,
1417 1532 1500 1572 quo
1535 1518 1737 1562 uidelicet
1769 1521 1881 1561 tem-

452 1594 557 1634 pore
590 1583 873 1636 congregatio
905 1584 1008 1626 talis
1040 1583 1308 1626 instituenda
1341 1587 1471 1627 esset.

510 1647 697 1689 Rursum
730 1648 773 1690 in
806 1652 976 1703 partem
1008 1649 1261 1702 negatiuam
1302 1649 1519 1692 rationesd
1551 1649 1663 1691 aliae
1703 1648 1770 1690 his
1802 1663 1881 1691 an-

451 1725 591 1754 nexae
623 1715 990 1767 proponebantur.

226 1790 255 1815 a)
276 1785 322 1810 Ila
343 1786 375 1810 P.
395 1787 453 1811 Vae
479 1788 607 1812 cot-remit
633 1795 668 1812 ex
693 1788 887 1817 occurratur,
913 1787 1180 1821 quemadmodum.
1272 1788 1303 1820 b)
1324 1790 1389 1815 Duo
1410 1798 1452 1814 vr.
1472 1797 1530 1821 sqq.
1551 1797 1568 1814 α
1594 1790 1625 1814 Γ.
1645 1797 1736 1820 supra
1764 1796 1880 1813 versum

105 1827 217 1857 scripta
236 1830 313 1852 sunt.
405 1830 431 1859 c)
455 1829 585 1861 Quinque
606 1838 648 1854 rr.
668 1838 726 1862 sqq.
748 1839 764 1855 α
786 1831 815 1854 1'.
834 1838 925 1862 supra
949 1838 1061 1855 versum
1082 1832 1194 1862 scripta
1214 1835 1290 1856 sunt.
1384 1830 1414 1863 d)
1436 1832 1496 1856 Hm:
1516 1839 1540 1856 v.
1561 1839 1577 1855 α
1599 1831 1628 1855 Γ.
1648 1838 1742 1862 supra
1764 1838 1878 1855 versum

105 1868 247 1899 scriptum
267 1872 318 1894 est.

232 1965 240 1984 ¹
267 1964 300 1999 S.
328 1964 415 1999 Pius
441 1965 484 2000 V.
512 1966 618 2010 paulo
653 1969 736 2000 ante
771 1967 1019 2008 interdixerat,
1055 1979 1099 2001 ne
1132 1988 1170 1992 —
1196 1968 1232 2001 id
1259 1968 1353 2012 quod
1383 1979 1497 2012 usque
1533 1967 1579 2001 ad
1613 1966 1701 2001 illud
1739 1969 1881 2012 tempus

108 2018 243 2052 factum
271 2021 349 2052 erat
376 2039 417 2043 —
445 2020 670 2065 paupertatis
696 2021 801 2054 titulo
828 2021 863 2062 ii,
898 2023 957 2065 qui
985 2021 1162 2066 simplicia
1189 2024 1331 2055 tantum
1366 2021 1445 2055 sive
1471 2020 1769 2055 scholasticorum
1796 2023 1883 2055 vota

108 2072 145 2105 in
168 2071 346 2106 Societate
372 2075 650 2118 nuncupassent,
679 2074 721 2108 ad
749 2086 872 2109 sacros
898 2075 1040 2109 ordines
1067 2077 1382 2119 promoverentur:
1411 2086 1445 2109 v.
1468 2075 1556 2108 Can.
1576 2074 1609 2108 V
1634 2074 1834 2109 487—488.

229 2126 242 2146 2
269 2127 406 2160 Paulus
422 2128 493 2161 III.
513 2127 548 2161 in
576 2128 653 2172 ipsa
671 2128 786 2173 prima
805 2127 997 2163 Societatis
1024 2128 1291 2173 approbatione,
1319 2127 1454 2162 Romae
1472 2128 1528 2162 27.
1549 2127 1771 2173 Septembris
1793 2128 1884 2162 1540

109 2179 203 2220 data,
230 2180 486 2215 constituerat:
526 2180 640 2226 „Socij
668 2193 790 2216 omnes
817 2182 1021 2226 quicunque
1056 2182 1092 2216 in
1118 2182 1232 2216 sacris
1258 2181 1393 2215 fuerint
1421 2209 1427 2215 .
1458 2208 1465 2215 .
1496 2208 1503 2215 .
1532 2183 1724 2215 teneantur
1750 2180 1886 2224 singuli

108 2231 279 2276 priuatim
306 2243 347 2266 ac
374 2232 650 2277 particulariter,
679 2237 714 2267 et
739 2245 808 2267 non
835 2234 1081 2275 communiter,
1114 2234 1159 2268 ad
1186 2234 1375 2268 dicendum
1412 2234 1570 2268 officium
1596 2233 1794 2268 secundum
1821 2233 1885 2267 Ec-

109 2284 240 2319 clesiae
266 2285 407 2319 ritum.“
453 2285 500 2320 Et
526 2286 656 2320 iterum
684 2288 798 2320 Iulius
824 2289 895 2321 III.
922 2287 959 2321 in
986 2287 1090 2321 Bulla
1117 2287 1252 2321 Romae
1278 2287 1334 2321 ⁶21.
1363 2286 1444 2321 Iulii
1473 2287 1563 2321 1550
1591 2287 1674 2320 data
1701 2287 1885 2321 edixerat:

113 2338 188 2379 „Ad
216 2338 404 2373 dicendum
432 2339 591 2374 officium
617 2340 813 2374 secuudum
840 2352 1065 2375 communem
1090 2339 1277 2375 Ecclesiae
1303 2340 1422 2381 ritum,
1456 2340 1518 2374 sed
1546 2340 1726 2385 priuatim,
1754 2342 1791 2374 et
1815 2351 1887 2374 non

109 2392 346 2426 communiter
363 2392 422 2426 vel
448 2392 485 2426 in
504 2392 621 2435 choro,
648 2395 856 2427 teneantur“
884 2394 1058 2437 (Litterae
1083 2393 1302 2439 apostolicae
1329 2396 1396 2427 etc.
1419 2394 1461 2428 14
1488 2394 1562 2437 67).
1606 2393 1733 2437 Itaque
1760 2393 1887 2428 deinde

111 2446 149 2480 S.
174 2447 340 2489 Iynatius
365 2446 570 2481 constituit:
611 2445 709 2489 „Non
734 2448 881 2481 utentur
906 2446 1028 2481 Nostri
1050 2447 1171 2481 choro
1198 2448 1243 2481 ad
1278 2447 1385 2481 horas
1416 2447 1619 2487 canonicas,
1655 2445 1715 2480 vel
1741 2446 1887 2487 Missas,

111 2501 146 2534 et
183 2499 255 2533 alia
293 2500 412 2534 officia
447 2500 690 2534 decantanda“
732 2499 1032 2543 (Constitutiones
1066 2500 1107 2535 P.
1134 2501 1166 2542 6,
1193 2512 1222 2535 c.
1251 2501 1282 2542 3,
1317 2512 1352 2535 n.
1378 2501 1429 2543 4).
1480 2502 1652 2534 Attamen
1688 2500 1723 2535 S.
1752 2500 1815 2534 Pio
1842 2499 1887 2534 V.

111 2552 255 2597 placuit,
282 2555 322 2587 ut
340 2552 433 2588 Socii
452 2553 559 2588 choro
585 2556 783 2593 uterentur,
810 2556 919 2588 cantu
945 2556 1065 2588 tamen
1085 2556 1258 2598 quantum
1278 2553 1356 2587 fieri
1382 2556 1505 2598 posset
1525 2553 1625 2587 brevi
1652 2555 1688 2587 et
1713 2553 1885 2599 simplici;

111 2608 219 2650 atque
245 2607 296 2640 ita
322 2618 354 2641 a.
376 2608 476 2649 1568,
503 2619 596 2641 nova
624 2607 801 2641 Breviarii
827 2607 981 2641 editione
1007 2607 1044 2641 in
1069 2606 1186 2641 lucem
1213 2607 1356 2649 emissa,
1392 2607 1526 2640 Romae
1554 2609 1589 2641 et·
1615 2606 1651 2640 in
1678 2606 1781 2641 domo
1808 2619 1887 2652 pro—

110 2659 209 2694 fessa
235 2662 272 2694 et
296 2660 332 2694 in
359 2661 461 2695 domo
488 2661 708 2706 probationis
737 2660 990 2704 (scholasticos
1015 2673 1056 2695 eo
1083 2672 1190 2694 onere
1220 2661 1384 2705 pontifex
1420 2661 1495 2705 ipse
1521 2660 1727 2704 levaverat)
1757 2660 1886 2695 chorus

112 2713 235 2748 haberi
270 2716 418 2759 coeptus
453 2717 520 2749 est.
580 2714 763 2760 Simplicia
799 2725 940 2758 quoque
976 2714 1168 2748 Societatis
1204 2716 1289 2748 vota
1325 2713 1467 2748 abolere
1502 2713 1590 2748 Pius
1616 2713 1660 2749 V.
1696 2714 1887 2758 aliquando

112 2767 338 2811 cogitaverat
366 2768 591 2812 (Sacchinus,
618 2768 712 2802 Hist.
731 2767 766 2802 S.
794 2768 826 2802 J.
853 2767 914 2809 Ill,
943 2767 965 2802 1.
988 2769 1021 2808 4,
1048 2779 1081 2802 n.
1109 2768 1186 2802 144.
1223 2770 1377 2801 Astrain
1404 2767 1426 2802 l.
1447 2779 1475 2802 c.
1503 2767 1536 2801 H
1563 2767 1782 2811 317—321).
1833 2768 1886 2802 De

111 2821 248 2855 vestitu
284 2832 426 2865 quoque
453 2821 643 2856 Societatis
680 2821 802 2865 aliqui,
837 2821 868 2855 si
903 2833 973 2855 non
999 2821 1065 2855 hoc
1100 2823 1273 2866 tempore,
1309 2824 1407 2855 certe
1442 2821 1549 2865 paulo
1576 2823 1656 2866 post
1691 2821 1887 2863 timebant;

113 2875 291 2908 Polancus
328 2875 421 2908 enim
461 2874 616 2909 Tusculo
656 2874 711 2909 21.
739 2874 819 2908 Iulii
858 2875 948 2909 1569
988 2873 1147 2909 *litteris
1182 2874 1412 2909 Monachium
1447 2874 1490 2908 ad
1527 2874 1567 2909 P.
1595 2875 1886 2909 Bonaventuram

113 2927 312 2962 Paradinas
339 2928 373 2962 S.
392 2928 424 2962 J.
452 2929 592 2963 missis:
624 2928 685 2971 „Li
720 2928 888 2968 rumori“,
924 2928 1052 2972 inquit,
1092 2927 1192 2970 „dela
1227 2928 1369 2962 cuculla
1403 2940 1473 2962 non
1498 2927 1617 2963 hanno
1652 2929 1886 2964 fundamento

115 2981 242 3015 alcuno
267 2993 312 3015 ne
338 2993 401 3026 per
427 2982 543 3025 sogni,
578 2983 657 3016 anzi
692 2982 716 3015 il
744 2981 842 3026 Papa
878 2981 1022 3015 intende
1057 2981 1125 3015 ben
1161 2982 1226 3016 che
1262 2981 1282 3015 l'
1299 2981 1420 3016 habito
1455 2985 1578 3017 nostro
1605 2985 1623 3016 e
1650 2983 1885 3017 conueniente

112 3034 281 3068 massime
307 3046 370 3080 per
396 3035 419 3068 li
447 3035 547 3080 paesi
573 3035 857 3069 settentrionali“
893 3037 952 3078 (ex
979 3046 1102 3080 apogr.
1131 3035 1242 3070 eiusd.
1270 3039 1398 3081 temp.;
1427 3035 1547 3071 Germ.
1568 3037 1611 3071 67
1638 3037 1662 3071 f.
1681 3037 1796 3081 2872).

235 3088 247 3106 ³
272 3087 312 3122 P.
339 3088 545 3129 8,c.2,11.
576 3088 596 3122 2
624 3090 659 3122 et
685 3089 721 3123 C.
