2044 3335
331 85 433 120 1526.
460 84 627 119 Canisius
653 84 687 118 S.
706 84 899 120 Francisco
927 85 1089 128 Borgiae.
1142 82 1329 117 Monachio
1356 83 1388 117 8.
1408 82 1499 116 Nov.
1521 82 1622 116 1567.
1763 83 1845 122 115

76 207 271 247 nostrum
315 203 591 246 Jnstitutum.
655 203 921 246 Benedictus
965 204 1101 252 Deus,
1152 201 1224 254 qui
1271 214 1349 242 nos
1396 200 1578 241 istorum
1625 198 1849 240 Ecclesiae

76 269 263 311 hostium
295 268 583 311 insectatione
616 269 771 322 dignos
803 269 957 311 reddit.
1008 266 1271 309 Dominus
1303 265 1590 307 illuminet
1622 266 1846 306 0000051.

76 333 292 387 Monachij
328 335 367 376 8.
401 333 664 375 Nouembris
704 335 828 377 1567.

194 399 239 441 P.
275 398 511 451 Gregorius
524 399 553 448 2,
588 399 661 451 qui
693 398 909 441 foeliciter
945 398 1158 440 hactenus
1180 397 1408 449 Augustae
1442 394 1736 444 concionatur,
1771 407 1847 435 ex-

77 477 208 518 puere
240 464 495 516 sanguinem
530 464 686 517 coepit,
721 468 770 506 ut
802 478 827 505 a
860 462 1156 505 concionando
1180 461 1313 503 etiam
1337 460 1530 514 coeperit
1551 459 1847 514 supersedere.

76 529 435 571 Commendamus
471 529 592 571 illum
628 528 829 583 precibus
862 529 908 572 P.
942 529 1144 570 Vestrae.
1179 527 1359 568 Nullum
1391 540 1472 579 ego
1505 525 1688 579 reperio,
1722 538 1848 578 quem

77 595 120 635 in
147 594 408 646 Augustana
430 594 648 636 Cathedra
678 594 944 637 substituere
976 593 1150 647 possim,
1186 594 1231 634 et
1262 591 1407 633 nescio
1441 605 1495 632 an
1531 590 1761 633 conueniat
1782 604 1851 632 me

77 659 243 702 retrudi
284 659 328 701 in
369 659 600 713 pistrinum
642 659 748 701 illud
790 659 826 701 si
867 658 993 701 huius
1033 658 1135 700 boni
1168 656 1306 711 patris
1340 670 1473 710 opera
1506 670 1683 710 prorsus
1716 655 1851 697 desti-

76 728 311 766 tueremur.
366 724 568 777 Languet
600 725 732 767 etiam
766 725 812 768 P.
846 724 1068 766 Joannes3
1102 723 1218 765 Saxo
1253 721 1507 775 Oeniponti:
1548 724 1592 764 et
1623 721 1734 775 petit
1766 720 1852 762 Re-

80 789 418 831 uerendissimus
432 789 674 831 Cardinalis
688 789 974 843 Augustanus
990 789 1254 831 Germanum
1273 801 1298 829 a
1315 787 1438 829 nobis
1453 785 1811 828 Concionatorem
1822 788 1850 828 4.

77 855 212 897 Juuet
243 868 323 896 nos
356 854 566 898 Christus
896 890 941 932 Ρ.
976 890 1024 931 Τ.
1057 888 1261 942 indignus
1293 887 1407 929 filius
1440 887 1486 930 P.
1521 887 1731 930 Canisius.

200 982 300 1025 Quod
328 982 495 1017 Canisius
520 982 691 1026 Borgiam
717 982 775 1016 his
800 982 932 1016 litteris
959 981 1117 1016 monuit:
1155 979 1291 1025 Optare
1317 992 1367 1020 se,
1403 983 1442 1014 ut
1468 980 1504 1013 in
1530 979 1620 1014 libro
1652 979 1724 1022 „De
1750 979 1853 1013 Hier-

80 1036 234 1071 archicis
260 1036 566 1070 ordinationibus“
606 1047 626 1070 a
663 1035 701 1070 P.
730 1036 923 1070 Francisco
949 1035 1124 1070 Turriano
1161 1033 1358 1079 composito
1392 1036 1489 1068 esset
1519 1033 1652 1075 „maior
1678 1033 1854 1068 modestia

80 1093 115 1124 et
141 1089 374 1128 nioderatio“‚
402 1089 435 1123 id
463 1101 483 1123 a
504 1089 634 1133 Borgia
651 1089 860 1132 neglectum
887 1101 957 1123 non
985 1091 1051 1124 est.
1091 1088 1160 1122 Hic
1178 1088 1284 1129 enim,
1312 1099 1392 1121 cum
1412 1087 1526 1121 Roma
1545 1088 1601 1121 30.
1619 1087 1741 1120 Martii
1762 1087 1852 1122 1568

79 1144 114 1178 in
140 1143 307 1187 Belgium
343 1143 386 1177 ad
423 1143 463 1177 Ρ.
492 1142 752 1188 Hieronymum
788 1142 957 1177 Natalem
986 1141 1179 1176 Societatis
1214 1141 1444 1175 visitatorem
1480 1140 1623 1174 litteras
1659 1141 1771 1181 daret,
1809 1141 1852 1175 de

80 1197 248 1232 Turriani
275 1197 365 1231 libro
382 1196 483 1235 haee,
511 1200 656 1241 praeter
674 1197 755 1236 alia,
782 1197 943 1231 notavit:
974 1196 1073 1239 „Non
1099 1195 1251 1230 sarebbe
1275 1195 1371 1229 forse
1398 1195 1671 1229 inconueniente
1690 1195 1853 1228 moderar

80 1251 220 1285 almeno
254 1253 352 1284 certe
378 1250 501 1294 parole
526 1253 654 1295 troppo
680 1250 859 1284 mordenti
885 1252 1010 1284 contra
1036 1249 1087 1293 gli
1113 1248 1274 1290 heretici,
1310 1248 1371 1292 gia
1406 1247 1472 1282 che
1508 1248 1637 1282 stando
1672 1248 1722 1281 lui
1757 1247 1854 1282 nella

82 1303 313 1349 Compagnia,
339 1303 401 1348 piu
427 1306 548 1348 presto
575 1305 749 1338 conuerra
776 1303 1000 1338 s'accomodi
1026 1303 1062 1337 al
1088 1302 1191 1336 modo
1217 1302 1251 1336 di
1280 1302 1401 1346 quella
1427 1302 1462 1335 in
1490 1303 1620 1346 questa
1645 1304 1760 1346 parte,
1787 1301 1853 1335 che

82 1358 114 1392 al
142 1357 217 1391 zelo
243 1356 309 1391 che
335 1358 529 1398 mosiraua,
557 1357 709 1391 essendo
735 1357 906 1397 secolare‚
943 1369 1008 1391 con
1043 1356 1152 1390 simili
1179 1356 1302 1401 parole
1337 1356 1380 1389 de
1407 1355 1535 1389 acerbe
1560 1355 1847 1400 reprehensioni“

85 1410 189 1456 (Epp.
215 1411 340 1444 Nadal
366 1410 417 1444 III
443 1410 541 1452 576).
593 1410 784 1444 Caeterum
811 1410 932 1444 Natali
958 1410 1053 1444 haud
1086 1410 1136 1444 ita
1162 1409 1338 1454 placebat,
1375 1408 1468 1453 quod
1496 1408 1662 1442 Canisius
1688 1408 1853 1442 Turriani

81 1464 211 1498 librum
249 1463 362 1498 Sociis
398 1463 514 1506 belgis
550 1464 710 1505 miserat,
747 1467 787 1498 ut
821 1464 891 1509 ipsi
926 1475 1007 1498 eum
1043 1463 1293 1497 excudendum
1334 1464 1520 1501 curarent;
1561 1461 1720 1495 Lovanio
1759 1461 1852 1495 enim

83 1518 138 1552 15.
165 1517 351 1551 Februarii
381 1518 471 1552 1568
510 1517 665 1561 Borgiae
703 1517 870 1562 scripsit:
914 1517 971 1560 „Jl
1006 1517 1123 1551 Padre
1160 1516 1303 1551 Canisio
1342 1516 1545 1550 hauerebbe
1583 1518 1725 1560 potutto
1763 1515 1854 1549 farlo

77 1574 260 1616 stampare
288 1582 352 1604 con
372 1571 538 1614 maggior
554 1570 715 1605 facilita“
741 1573 802 1613 (ex
820 1571 1029 1616 archetypo,
1049 1570 1144 1615 quod
1164 1573 1218 1605 est
1236 1571 1273 1604 in
1289 1570 1372 1604 Cod.
1392 1569 1495 1612 „EN“
1516 1569 1564 1613 [v.
1585 1570 1671 1603 Can.
1686 1569 1718 1602 V
1732 1568 1851 1611 Lxxn]

77 1637 110 1659 11.
134 1625 219 1665 197;
247 1625 356 1658 etiam
382 1624 419 1658 in
445 1624 534 1669 Epp.
562 1626 686 1658 Nadal
712 1625 762 1658 ΠΙ
789 1624 888 1667 566).

197 1695 351 1738 Borgias
380 1694 523 1729 Canisio
550 1706 613 1740 per
641 1695 837 1730 Polancum
864 1695 1049 1740 respondit
1075 1696 1131 1729 20.
1160 1694 1370 1729 Decembris
1398 1694 1500 1728 1567.

85 1832 232 1870 1526.
333 1835 550 1871 CANISIUS
578 1833 846 1871 SANCTo
876 1833 1267 1870 FRANGISGO
1296 1832 1614 1870 BORGIAE
1651 1834 1854 1879 praeposito

266 1889 426 1932 generali
454 1889 646 1924 societatis
673 1889 765 1924 Iesu.
819 1889 1066 1934 (Epistula
1102 1889 1290 1933 altera.)

1187 1942 1378 1976 Monachio
1406 1943 1439 1977 8.
1458 1941 1674 1976 Novembris
1705 1942 1804 1976 1567.

195 2019 250 2053 Ex
277 2018 474 2062 archetypo
503 2016 574 2060 (2⁰;
606 2015 670 2058 l¹l3
699 2027 777 2060 pp.;
806 2014 840 2048 in
868 2026 900 2059 p.
920 2014 943 2048 4
969 2014 1075 2048 inscr.
1103 2017 1138 2047 et
1165 2013 1339 2057 reliquiae
1365 2014 1462 2057 sig).
1498 2012 1615 2047 Germ.
1641 2013 1706 2047 183
1732 2024 1765 2046 n.
1785 2013 1852 2046 217

80 2072 119 2117 (f.
145 2073 215 2108 403
242 2075 278 2106 et
303 2084 356 2116 sq.
384 2083 454 2105 non
480 2069 602 2112 sign.).
643 2068 809 2102 Canisius
835 2079 901 2102 sua
926 2079 1035 2101 manu
1060 2067 1204 2101 litteras
1230 2067 1446 2112 subscripsit
1476 2066 1554 2110 („P.
1576 2066 1635 2100 Tf'
1659 2066 1757 2109 etc).

197 2145 363 2178 Rectores
388 2142 553 2176 mutandi
578 2145 672 2174 sunt.
728 2140 869 2174 Canisz'i
903 2140 1122 2173 consultores
1156 2144 1186 2172 et
1213 2140 1418 2172 admonitor
1430 2151 1442 2179 ‚⁴
1479 2139 1550 2181 ipse
1585 2139 1722 2171 veniam
1752 2140 1851 2181 petit.

82 2198 149 2239 Qui
174 2198 246 2231 sint
272 2197 510 2231 constituendi
537 2192 748 2239 „professi“‚
777 2195 839 2237 qui
866 2194 1112 2237 „coadiutores
1136 2190 1323 2235 formam.
1361 2193 1574 2235 Abrofsetur,
1601 2193 1695 2235 quod
1722 2192 1759 2225 P.
1779 2192 1854 2226 Να-

80 2251 162 2284 talis*
189 2252 392 2284 constituit:
418 2251 458 2283 Ut
483 2250 522 2282 in
549 2258 670 2281 mensa
698 2249 818 2280 vinnm
844 2258 941 2290 aqua
966 2247 1185 2280 misceretur.

254 2333 426 2375 ι11105115.
473 2332 566 2374 Pax
599 2329 759 2373 Christi
791 2329 1013 2372 nobiscum
1048 2329 1279 2371 admodum
1316 2328 1569 2370 Reuerende
1602 2328 1746 2371 Pater.

194 2409 404 2459 Quoniam
438 2408 564 2449 huius
586 2406 842 2448 Prouinciae
865 2406 1057 2459 Collegia
1089 2409 1192 2448 sunt
1220 2420 1246 2448 a
1279 2419 1346 2446 me
1369 2419 1447 2459 per
1469 2404 1549 2446 Dei
1572 2405 1759 2458 gratiam
1783 2409 1852 2448 ut-

77 2488 242 2528 cunque
275 2474 477 2517 uisitata:
510 2472 661 2527 paucis
693 2471 886 2514 indicare
918 2471 1057 2513 uisum
1092 2474 1172 2521 est,
1208 2485 1318 2524 quae
1352 2471 1404 2512 ad
1438 2470 1705 2512 foeliciorem
1739 2471 1852 2513 eius-

76 2540 171 2582 dem
206 2540 461 2581 Prouinciae
494 2537 855 2592 gubernationem
891 2537 1089 2578 conferre
1122 2550 1251 2591 posse
1284 2536 1501 2579 uidentur.
1554 2535 1654 2577 Non
1686 2539 1851 2591 repeto,

78 2619 186 2658 quae
228 2605 380 2659 scripsi
423 2605 474 2646 de
513 2602 756 2646 mutatione
790 2603 970 2644 duorum
1004 2602 1274 2644 Rectorum5
1306 2601 1507 2642 nimirum
1542 2600 1774 2655 Oeniponti
1808 2604 1852 2644 et

76 2670 363 2724 Jngolstadij:
402 2669 539 2712 faciat
571 2669 617 2711 P.
653 2668 747 2710 Tua
780 2668 893 2721 quod
926 2668 970 2709 in
1003 2667 1188 2709 Domino
1221 2666 1481 2709 indicauerit
1513 2667 1732 2721 expedire,
1775 2669 1851 2710 sed

78 2737 203 2778 credo
236 2739 384 2778 tamen
418 2735 705 2778 mutationem
737 2735 856 2776 illam
891 2734 1063 2786 utrique
1096 2733 1287 2786 Collegio
1321 2733 1607 2787 profuturam.

201 2878 206 2896 ¹
234 2877 282 2911 Ps
311 2877 387 2917 145,
415 2876 448 2911 8.

196 2931 208 2950 2
233 2930 413 2965 Roseffius
439 2929 659 2964 cathedralis
685 2928 859 2963 ecclesiae
886 2930 1112 2972 augustanae
1138 2928 1373 2962 contionator.

196 2985 209 3003 ³
233 2983 449 3028 Merquitius
474 2982 692 3028 parochialis
719 2982 893 3016 ecclesiae
920 2982 1179 3026 oenipontanae
1207 2982 1440 3016 contionator.

195 3039 207 3056 4
234 3037 304 3071 Pro
330 3036 499 3081 parochia
526 3036 729 3078 dilingana:
759 3048 792 3069 V.
820 3047 930 3080 supra
956 3047 989 3080 p.
1017 3035 1072 3069 85.

196 3092 208 3109 5
234 3090 305 3125 ΡΡ.
333 3089 471 3124 Nicolai
498 3089 620 3124 Lanoii
648 3092 684 3123 et
710 3089 859 3123 Martini
885 3088 1140 3123 Leubenstain.
