2044 3335
618 93 720 127 1706.
747 92 787 126 P.
806 92 956 126 loannes
982 92 1024 126 de
1050 92 1205 127 Polanco
1232 92 1384 128 Canisio.

122 96 147 137 Οἵ)

152 97 176 137 et>

182 96 206 136 [Ο

243 210 284 252 „9
313 209 372 252 [9].
414 208 512 242 Nihil
554 207 660 253 plane
702 219 782 242 cum
824 208 995 242 daemone
1036 210 1162 250 agant,
1204 210 1258 243 s.¹
1292 209 1495 253 loquantur,
1536 208 1605 243 nisi
1639 219 1702 252 per
1738 208 1811 242 uim
1846 210 1882 242 et

119 263 339 297 coactionem
381 274 425 296 ex
468 261 676 295 exorcismo,
711 280 758 284 —
795 261 838 295 10
864 260 950 305 [11].
999 260 1100 294 Nihil
1141 262 1303 303 credant,
1338 262 1407 296 nisi
1442 262 1516 296 sint
1555 264 1679 306 aperte
1713 261 1757 296 ad
1792 261 1880 295 illud

120 315 234 350 coacti
261 315 461 355 daemones,
495 325 561 348 nec
587 316 718 356 cogant
744 313 811 348 nisi
838 325 900 358 per
927 313 1165 348 exorcismum
1191 314 1378 359 probatum
1411 326 1431 349 a
1455 315 1541 349 sede
1566 314 1808 359 Apostolica2.
1836 333 1878 338 ——

123 370 161 403 11
184 367 269 411 [10].
299 368 354 401 Ad
380 366 468 401 nihil
494 369 626 410 cogant
650 366 801 401 aliarum
827 378 957 408 rerum,
984 367 1053 401 nisi
1079 378 1170 411 quae
1188 369 1412 402 necessariae
1438 369 1512 402 sint
1534 368 1578 402 ad
1597 367 1816 402 eiectionem.
1836 387 1879 390 —

122 422 163 455 15
183 420 267 464 [12].
295 419 331 454 Si
358 419 442 464 quid
469 420 565 454 dicat
590 420 739 454 daemon
766 420 857 464 quod
886 420 929 454 ad
948 420 1239 454 reformationem
1257 432 1393 455 morum
1411 421 1575 462 attineat,
1600 432 1644 454 ne
1663 421 1820 455 credant.
1835 440 1881 444 —-

123 474 164 509 18
185 472 268 517 [13].
296 472 333 506 Si
359 473 443 517 quid
462 472 559 507 dicat
583 472 619 506 in
645 473 787 507 laudem
813 485 841 507 s.
861 473 952 514 DEI,
970 484 999 508 s.
1019 473 1057 507 B.
1070 472 1112 508 V.
1132 473 1280 515 Mariae,
1298 485 1327 509 s.
1345 474 1539 517 societatis,
1563 486 1590 508 s.
1606 474 1747 508 omnino
1766 473 1881 508 cuius-

119 537 236 570 quam,
262 538 306 560 ne
324 528 514 571 propterea
532 525 709 567 credatur,
737 526 830 571 quod
856 526 934 571 ipse
952 526 1058 567 dicat,
1084 526 1147 560 sed
1165 528 1285 561 tacere
1311 527 1486 562 iubeatur.
1503 546 1545 551 —
1567 528 1609 562 19
1630 526 1714 571 [14].
1741 526 1778 560 Si
1796 527 1880 571 quid

119 579 211 614 male
238 579 280 613 de
307 579 425 623 aliquo
444 579 621 623 loquatur,
647 590 676 613 s.
696 579 858 613 futurum
876 578 1080 624 praediceta
1098 578 1156 623 [‘?]‚
1183 591 1211 615 s.
1230 579 1387 624 alioquin
1406 580 1547 621 absens,
1573 592 1602 615 s.
1621 579 1811 621 occultum,
1837 591 1881 614 ne

118 632 297 667 credatur.
323 651 364 656 --
396 632 440 666 13
469 632 552 675 [15].
592 632 629 666 Si
656 633 741 676 quid
766 633 930 674 minetur,
963 644 1006 666 ne
1031 632 1211 667 timeatur.
1239 653 1281 656 —
1312 634 1355 667 14
1383 632 1467 678 [16].
1507 633 1544 668 Si
1570 633 1654 678 quid
1681 633 1777 667 dicat
1803 644 1882 667 esse

118 685 360 720 necessarium
402 697 431 720 s.
467 685 556 719 utile
595 685 638 720 ad
678 685 926 719 liberationem
964 686 1212 728 energumeni,
1256 698 1300 720 ne
1339 687 1505 727 credant,
1548 698 1615 720 nec
1652 686 1796 721 faciant.
1835 705 1881 710 —-

120 739 163 773 16
191 738 276 782 [17.]
319 739 354 773 Si
391 739 477 783 quid
512 739 610 773 dicat
635 738 908 782 Energumenus
941 750 981 773 se
1016 738 1151 773 uidisse
1185 750 1213 773 s.
1241 739 1309 773 sibi
1345 751 1424 774 esse
1459 740 1674 781 reuelatum,
1709 739 1778 784 ipsi
1811 751 1881 773 non

118 792 307 827 credatur:
333 803 448 836 neque
466 804 552 826 uero
577 792 608 826 si
627 792 711 836 quid
730 792 826 826 dicat
851 792 1075 837 superiorum
1092 804 1212 826 rerum
1230 793 1399 827 obsessus
1424 793 1476 827 ita
1493 793 1691 838 accipiatur
1707 795 1881 836 tanquam

118 857 138 879 a
156 845 247 880 bono
272 845 404 890 spiritu
428 845 478 879 sit
502 846 713 890 profectum,
740 857 805 880 seu
830 845 898 879 duo
924 845 997 879 sint
1021 846 1057 879 in
1084 845 1313 880 daemoniaco
1338 846 1497 891 spiritus,
1524 858 1616 880 unus
1641 846 1764 888 bonus,
1791 846 1883 880 alter

117 898 246 941 malus,
273 899 366 943 quod
382 910 452 932 non
470 898 720 933 contemnendi
738 901 794 933 est
811 898 969 943 periculi.
990 918 1033 921 —
1054 899 1096 933 17
1116 898 1202 943 [18].
1228 899 1353 943 Neque
1369 899 1401 933 si
1419 899 1503 943 quid
1522 899 1687 934 consulat
1703 898 1812 933 etiam
1829 899 1881 933 rei

118 951 284 997 optimae,
310 951 345 986 id
372 951 508 986 faciant
533 954 722 996 propterea
737 979 744 986 .
759 954 958 996 sequantur
975 963 1059 986 uero
1077 952 1112 986 in
1131 951 1282 995 agendis
1308 952 1363 986 ius
1381 952 1472 993 DEI,
1492 952 1686 993 Ecclesiae,
1709 954 1745 986 et
1762 954 1881 986 rectae

118 1005 268 1040 rationis
294 1005 485 1045 dictamen,
520 1016 590 1039 non
617 1005 800 1039 daemonis
825 1005 1012 1039 subdolam
1047 1006 1083 1039 et
1108 1004 1274 1040 fallacem
1300 1005 1523 1040 uoluntatem
1559 1009 1594 1040 et
1629 1005 1809 1040 iudicium.
1837 1024 1881 1029 —

119 1058 164 1093 20
186 1058 269 1101 [19].
312 1058 476 1102 Denique
502 1057 673 1102 quidquid
701 1058 849 1099 dixerit,
884 1058 954 1092 nisi
980 1060 1128 1092 coactus
1153 1060 1277 1103 aperte
1312 1070 1355 1092 ex
1383 1059 1598 1101 exorcismo,
1634 1062 1670 1093 et
1705 1059 1749 1093 ad
1774 1058 1881 1093 finem

119 1112 305 1146 eiectionis
331 1111 474 1152 diaboli,
501 1111 578 1145 eius
604 1111 656 1145 rei
681 1111 818 1145 nullam
844 1111 1001 1146 habeant
1026 1111 1212 1152 rationem,
1239 1114 1275 1145 et
1301 1112 1417 1156 quoad
1443 1112 1519 1146 eius
1545 1112 1622 1146 fieri
1647 1112 1791 1157 poterit,
1823 1112 1881 1146 ob-

119 1164 343 1206 liuiscantur,
370 1165 473 1208 quasi
498 1163 588 1198 nihil
614 1164 672 1205 sit,
698 1176 762 1198 seu
788 1175 845 1199 res
871 1164 919 1198 sit
944 1165 1151 1208 pernitiosa.
1201 1165 1321 1208 Atque
1347 1165 1434 1199 adeo
1460 1165 1495 1199 in
1522 1165 1565 1200 iis
1591 1165 1764 1207 omnibus,
1791 1176 1882 1209 quae

118 1229 163 1251 ex
184 1217 305 1251 uerbis
331 1219 368 1251 et
384 1217 538 1251 formula
556 1217 746 1251 exorcismi
773 1229 843 1251 non
861 1220 916 1251 est
932 1217 1176 1252 necessarium
1201 1217 1422 1262 interrogare
1432 1219 1456 1259 ³,
1482 1218 1512 1252 si
1539 1219 1623 1262 quid
1649 1218 1726 1263 ipse
1751 1229 1881 1263 perse,

118 1282 145 1304 s.
165 1270 294 1314 quauis
320 1270 507 1305 occasione
532 1270 777 1313 interrogatus
803 1271 945 1312 dixerit,
971 1270 1137 1305 iubeatur
1162 1282 1226 1316 per
1251 1271 1488 1306 exorcismum
1514 1274 1646 1306 tacere.
1667 1291 1710 1295 —
1728 1272 1761 1305 4.
1788 1271 1882 1304 Ante

118 1324 358 1358 exorcismum
395 1326 522 1358 curent
556 1323 651 1358 omni
685 1324 862 1358 industria
888 1326 929 1358 ut
953 1323 1059 1368 plane
1085 1326 1307 1369 compertum
1340 1324 1389 1358 sit
1413 1335 1537 1358 ueram
1563 1336 1643 1359 esse
1677 1323 1775 1358 illam
1802 1323 1882 1358 dae-

118 1376 233 1411 monis
259 1376 514 1418 obsessionem,
541 1379 577 1410 et
602 1377 829 1411 celebrentur
852 1377 994 1419 missae,
1021 1376 1111 1411 fiant
1136 1377 1315 1411 orationes
1341 1380 1377 1411 et
1401 1377 1544 1419 ieiunia,
1572 1380 1608 1411 et
1633 1377 1882 1421 eleemosynae

118 1432 155 1463 et
180 1429 251 1464 alia
277 1429 336 1475 pia
363 1441 479 1474 opera,
507 1441 598 1474 quae
624 1430 743 1464 omnia
769 1430 813 1464 ad
839 1430 1088 1464 liberationem
1114 1430 1251 1464 obsessi
1278 1430 1490 1464 referantur.
1509 1450 1555 1454 —
1582 1431 1600 1464 7
1621 1430 1682 1474 [6].
1719 1429 1882 1470 Cui-etur,

119 1486 170 1525 ut,
206 1494 275 1527 quo
302 1485 462 1528 tempore
487 1483 528 1517 fit
554 1483 787 1524 exorcismus,
823 1483 946 1517 eodem
973 1483 1079 1518 etiam
1106 1483 1239 1518 missae
1265 1483 1491 1518 celebrentur
1526 1484 1569 1517 ad
1597 1483 1797 1518 efficaciam
1822 1494 1882 1517 ex-

119 1535 263 1570 orcismi
289 1536 528 1570 adiuuandam
556 1538 591 1570 et
616 1536 905 1581 promouendam.
926 1556 969 1561 -
988 1536 1009 1571 S
1029 1535 1090 1581 [7].
1129 1537 1175 1571 Jn
1201 1536 1401 1571 exorcismo
1426 1537 1534 1571 timor
1558 1537 1674 1571 omnis
1700 1535 1883 1571 daemonis

118 1589 319 1634 abijciatur,
355 1589 558 1623 constantia
584 1601 668 1624 uero
704 1592 740 1624 et
764 1590 1045 1633 magnanimitas
1079 1601 1160 1624 cum
1196 1590 1372 1635 profunda
1406 1589 1610 1624 humilitate
1644 1590 1812 1623 induatur
1846 1589 1882 1623 in

119 1642 253 1677 christo
270 1642 421 1677 ‚deinde
446 1642 551 1687 quasi
577 1654 622 1677 ex
647 1643 797 1688 imperio
823 1642 965 1677 diuinae
991 1643 1138 1677 uirtutis
1164 1645 1304 1687 agatur,
1341 1645 1395 1677 est
1422 1643 1515 1677 enim
1541 1643 1659 1677 uictus
1685 1643 1835 1677 daemon
1861 1654 1882 1676 a

120 1695 266 1737 christo,
302 1696 372 1730 scit
407 1707 446 1730 se
473 1708 552 1730 esse
578 1696 724 1737 uictum,
759 1708 822 1741 pro
847 1696 943 1730 uicto
969 1708 1008 1730 se
1034 1696 1138 1740 gerit,
1173 1696 1262 1730 nihil
1287 1698 1416 1741 potest,
1452 1697 1521 1731 nisi
1548 1707 1618 1740 qua
1651 1708 1695 1730 ex
1722 1698 1824 1741 parte
1860 1707 1881 1729 a

118 1749 220 1783 nobis
245 1749 298 1783 illi
324 1749 415 1783 fiunt
440 1748 546 1791 uires,
582 1761 795 1793 quacunque
820 1750 968 1791 ratione,
1004 1761 1032 1784 s.
1058 1750 1089 1784 si
1116 1761 1136 1784 a
1161 1749 1237 1784 Deo
1262 1749 1398 1794 aliquid
1424 1749 1477 1783 illi
1502 1749 1725 1794 permittitur
1750 1749 1794 1783 ad
1820 1760 1882 1783 no—

118 1805 234 1836 strum
260 1802 472 1836 exercitium
499 1805 535 1837 et
560 1802 766 1837 utilitatem.
784 1822 829 1827 —
857 1804 876 1837 5
905 1802 966 1847 [4].
1003 1802 1039 1837 Si
1065 1815 1134 1837 non
1161 1803 1328 1846 abigatur
1354 1801 1478 1848 paucis
1505 1802 1645 1847 aliquot
1671 1801 1881 1836 exorcismis

241 1866 269 1897 a)
292 1867 356 1898 S‹'‹·;
374 1865 551 1899 praedicat?

241 1961 250 1981 ¹
276 1961 353 1995 Hoc
383 1963 452 2003 „S.“
483 1963 519 1995 et
544 1961 602 1996 hic
628 1964 664 1995 et
689 1961 783 1996 infra
808 1973 950 2007 semper
968 1976 1012 1991 z
1036 1962 1152 2004 „sive‘
1176 1961 1233 1995 vel
1256 1962 1374 2003 „seu·‘.

238 2013 251 2033 ²
277 2013 328 2047 Ea
354 2015 474 2048 aetate
500 2014 561 2048 alii
586 2015 623 2048 in
648 2014 730 2049 aliis
747 2015 854 2049 terris
871 2015 997 2049 usitati
1016 2017 1119 2049 erant
1136 2014 1326 2049 exorcismi
1352 2014 1459 2058 iique,
1487 2014 1565 2048 sive
1583 2013 1677 2057 quod
1696 2013 1741 2048 ad
1759 2014 1880 2055 verba,

120 2067 199 2101 sive
225 2066 319 2110 quod
345 2066 389 2100 ad
415 2067 506 2102 ritus
532 2067 719 2108 attinebat,
746 2067 852 2102 valde
878 2068 973 2102 inter
998 2079 1037 2102 se
1056 2067 1209 2109 diversi;
1237 2067 1297 2111 qui
1316 2066 1375 2101 vel
1400 2068 1436 2101 in
1454 2066 1664 2100 Missalibus
1690 2066 1882 2101 similibus-

119 2131 187 2164 que
222 2119 323 2154 libris
356 2119 536 2163 liturgicis
571 2120 783 2164 consignati,
811 2121 870 2155 vel
906 2121 940 2154 in
975 2120 1177 2166 peculiares
1207 2120 1537 2162 „Exorcismorum‘
1575 2119 1685 2153 libros
1720 2120 1882 2163 congesti

119 2175 222 2207 erant
250 2172 336 2215 (Ad.
354 2174 481 2207 Franz
506 2173 528 2207 l.
557 2185 586 2208 c.
614 2174 647 2207 ΙΙ
673 2174 742 2209 559
768 2174 866 2217 579).
906 2176 1073 2218 „Ritucaele
1098 2172 1322 2208 Romanum“
1351 2176 1482 2214 autem,
1508 2173 1544 2206 in
1571 2173 1673 2207 cuius
1691 2172 1810 2207 Titulo
1837 2172 1879 2207 X.

119 2226 237 2271 capite
265 2227 295 2260 1.
327 2225 399 2269 „De
436 2226 683 2261 exorcizandis
717 2227 873 2261 obsessis
908 2239 929 2261 a
955 2227 1159 2262 daemonio“
1199 2226 1426 2272 praecipitur,
1465 2226 1617 2271 primum
1656 2226 1788 2260 editum
1828 2228 1883 2260 est

120 2291 151 2313 a.
183 2280 272 2314 1614
298 2291 319 2313 a
345 2279 458 2314 Paulo
476 2279 531 2320 V.,
565 2291 681 2324 neque
708 2291 749 2314 eo
775 2291 867 2315 anno
895 2280 944 2314 ita
970 2280 1192 2325 propositum
1219 2283 1283 2321 est,
1318 2282 1358 2314 ut
1383 2280 1526 2324 proprie
1552 2281 1648 2313 esset
1673 2278 1733 2313 Iex
1759 2290 1882 2313 omnes

121 2332 284 2376 obligans
311 2331 372 2376 (cf.
404 2333 491 2368 Can.
518 2333 552 2367 II
579 2333 691 2376 780¹).
734 2333 774 2367 P.
802 2334 939 2368 Paulus
965 2334 1138 2376 Hoffaeus
1163 2332 1396 2378 provincialis
1422 2333 1587 2375 Augusta
1614 2332 1644 2366 9.
1673 2331 1763 2365 Iunii
1793 2332 1882 2367 1570

123 2385 276 2429 Borgiae
301 2386 493 2431 *scripsit:
525 2385 775 2428 „Exorcismos
799 2386 993 2431 promissos
1012 2389 1255 2431 expectamus,
1283 2386 1342 2430 qui
1370 2389 1489 2419 tamen
1514 2385 1586 2419 iam
1611 2396 1632 2418 a
1657 2384 1769 2418 multo
1794 2387 1882 2419 tem-

121 2450 204 2483 pore
231 2451 300 2473 non
325 2439 427 2473 fuere
452 2439 652 2480 exercitati,
678 2439 741 2473 sed
767 2451 834 2473 nec
860 2451 948 2484 opus
973 2440 1060 2474 fuir‘
1093 2439 1269 2483 (autogr.;
1299 2439 1341 2474 G.
1360 2440 1425 2483 Ep.
1443 2438 1493 2472 XI
1520 2438 1544 2472 f.
1566 2437 1677 2481 186³).

241 2493 253 2512 3
284 2492 413 2535 „Signa
439 2492 636 2527 obsidentis
662 2492 845 2527 daemonis
879 2496 983 2527 sunt:
1018 2493 1141 2537 ignota
1176 2493 1300 2536 lingua
1336 2491 1432 2536 loqui
1467 2491 1630 2536 pluribus
1656 2490 1787 2532 verbis,
1823 2491 1881 2524 vel

121 2544 323 2588 loquentem
350 2545 571 2589 intelligere;
599 2546 782 2587 distantia,
810 2549 846 2580 et
871 2545 1012 2580 occulta
1038 2546 1262 2590 patefacere,
1299 2546 1396 2579 vires
1422 2555 1530 2589 supra
1556 2543 1687 2577 aetatis
1713 2555 1776 2577 seu
1803 2555 1882 2578 con·

122 2597 266 2631 ditionis
291 2600 457 2632 naturam
484 2599 690 2639 ostendere;
719 2601 755 2633 et
781 2599 815 2633 id
842 2610 956 2642 genus
982 2598 1063 2640 alia,
1091 2610 1181 2642 quae
1209 2610 1290 2633 cum
1316 2597 1469 2643 plurima
1495 2599 1720 2637 concurrunt,
1747 2596 1883 2642 majora

123 2652 206 2683 sunt
231 2650 372 2686 indicia.
423 2651 522 2686 Haec
547 2654 668 2686 autem
694 2654 736 2685 ut
761 2652 877 2695 magis
903 2655 1106 2694 cognoscat,
1133 2654 1214 2696 post
1240 2663 1350 2685 unum
1376 2653 1439 2684 aut
1464 2649 1618 2684 alterum
1644 2649 1882 2683 exorcismum

123 2703 322 2745 interrogat
347 2704 542 2745 obsessum,
569 2705 654 2749 quid
680 2705 835 2739 senserit
860 2705 895 2738 in
915 2705 1043 2746 animo,
1069 2704 1129 2739 vel
1154 2705 1189 2738 in
1208 2716 1366 2749 corpore,
1392 2706 1431 2737 ut
1457 2702 1549 2737 sciat
1567 2703 1685 2743 etiam,
1711 2702 1757 2741 ad
1776 2713 1881 2746 quae-

124 2765 205 2788 nam
232 2756 342 2789 verba
367 2757 483 2800 magis
510 2757 640 2791 diaboli
667 2757 932 2799 conturbentur,
958 2761 999 2792 ut
1025 2769 1066 2792 ea
1085 2758 1253 2802 deinceps
1271 2757 1387 2800 magis
1413 2755 1569 2789 inculcet
1593 2766 1635 2789 ac
1661 2757 1813 2799 repetat.

124 2806 357 2842 Necessariae
374 2821 460 2843 vero
486 2810 788 2854 interrogationes
805 2813 900 2852 sunt,
928 2813 967 2845 ut
985 2811 1028 2845 de
1045 2822 1193 2845 numero
1212 2813 1248 2845 et
1264 2811 1406 2844 nomine
1423 2808 1615 2853 spirituum
1634 2808 1882 2849 obsidentium,

125 2860 168 2893 de
193 2862 354 2904 tempore
381 2873 449 2905 quo
477 2863 630 2905 ingressi
656 2866 751 2905 sunt,
778 2864 821 2898 de
840 2875 959 2905 causa,
987 2866 1022 2898 et
1039 2864 1121 2898 aliis
1137 2863 1350 2898 huiusmodi.
1454 2862 1657 2905 Jubeatque
1675 2861 1882 2895 daemonem

127 2912 244 2946 dicere
272 2925 316 2946 an
343 2914 545 2949 detineatur
570 2916 605 2949 in
631 2915 691 2950 illo
718 2928 864 2961 corpore
890 2917 933 2950 ob
959 2917 1117 2961 aliquam
1143 2927 1287 2962 operam
1305 2915 1482 2959 magicam
1508 2917 1571 2948 aut
1587 2914 1750 2949 malefica
1767 2914 1883 2957 signa,

126 2964 185 2998 vel
212 2965 462 3007 instrumenta,
498 2978 589 3010 quae
615 2968 645 3002 si
763 2969 846 3003 alibi
873 2972 976 3003 extra
1011 2981 1139 3014 corpus
1165 2970 1308 3010 fuerint,
1345 2979 1386 3002 ea
1411 2967 1560 3002 revelet.
1589 2994 1596 3001 .
1618 2995 1623 3001 .
1645 2995 1651 3001 .
1694 2967 1884 3001 Moneatur

127 3017 246 3104 {tiam}
254 3018 433 3059 obsessus,
459 3022 499 3053 ut
522 3020 741 3055 tentationes
768 3033 853 3056 suas
879 3034 1002 3057 omnes
1019 3022 1231 3056 Exorcistae
1257 3021 1495 3067 patefaciat“:
1523 3021 1667 3055 Rituaze
1684 3021 1884 3053 Romanum

127 3071 196 3105 'it.
251 3098 258 3111 ,
286 3071 366 3112 c.1,
392 3072 465 3105 n.3
493 3072 585 3105 415
613 3072 667 3106 20.
