<?xml version="1.0" encoding="UTF-8"?>
<!DOCTYPE html PUBLIC "-//W3C//DTD XHTML 1.0 Transitional//EN"
    "http://www.w3.org/TR/xhtml1/DTD/xhtml1-transitional.dtd">
<html xmlns="http://www.w3.org/1999/xhtml" xml:lang="en" lang="en">
 <head>
  <title>
</title>
<meta http-equiv="Content-Type" content="text/html;charset=utf-8" />
  <meta name='ocr-system' content='tesseract 3.04.00' />
  <meta name='ocr-capabilities' content='ocr_page ocr_carea ocr_par ocr_line ocrx_word'/>
</head>
<body>
  <div class='ocr_page' id='page_1' title='image "beatipetricanisi06cani_0050.png"; bbox 0 0 2044 3335; ppageno 0'>
   <div class='ocr_carea' id='block_1_1' title="bbox 185 127 273 152">
    <p class='ocr_par' dir='ltr' id='par_1_1' title="bbox 185 127 273 152">
     <span class='ocr_line' id='line_1_1' title="bbox 185 127 273 152; baseline 0.011 -1"><span class='ocrx_word' id='word_1_1' title='bbox 185 127 273 152; x_wconf 78' lang='lat' dir='ltr'><em>xmv</em></span> 
     </span>
    </p>
   </div>
   <div class='ocr_carea' id='block_1_2' title="bbox 235 233 325 426">
    <p class='ocr_par' dir='ltr' id='par_1_2' title="bbox 235 233 325 426">
     <span class='ocr_line' id='line_1_2' title="bbox 235 233 325 268; baseline 0 -1"><span class='ocrx_word' id='word_1_2' title='bbox 235 233 325 268; x_wconf 99' lang='lat'>1570</span> 
     </span>
     <span class='ocr_line' id='line_1_3' title="bbox 236 392 325 426; baseline 0.011 -1"><span class='ocrx_word' id='word_1_3' title='bbox 236 392 325 426; x_wconf 91' lang='lat'>1570</span> 
     </span>
    </p>
   </div>
   <div class='ocr_carea' id='block_1_3' title="bbox 235 551 326 586">
    <p class='ocr_par' dir='ltr' id='par_1_3' title="bbox 235 551 326 586">
     <span class='ocr_line' id='line_1_4' title="bbox 235 551 326 586; baseline 0.011 -1"><span class='ocrx_word' id='word_1_4' title='bbox 235 551 326 586; x_wconf 86' lang='lat'>1570</span> 
     </span>
    </p>
   </div>
   <div class='ocr_carea' id='block_1_4' title="bbox 234 657 325 692">
    <p class='ocr_par' dir='ltr' id='par_1_4' title="bbox 234 657 325 692">
     <span class='ocr_line' id='line_1_5' title="bbox 234 657 325 692; baseline 0.011 -1"><span class='ocrx_word' id='word_1_5' title='bbox 234 657 325 692; x_wconf 88' lang='lat'>1570</span> 
     </span>
    </p>
   </div>
   <div class='ocr_carea' id='block_1_5' title="bbox 235 817 325 852">
    <p class='ocr_par' dir='ltr' id='par_1_5' title="bbox 235 817 325 852">
     <span class='ocr_line' id='line_1_6' title="bbox 235 817 325 852; baseline 0.011 -1"><span class='ocrx_word' id='word_1_6' title='bbox 235 817 325 852; x_wconf 89' lang='lat'>1570</span> 
     </span>
    </p>
   </div>
   <div class='ocr_carea' id='block_1_6' title="bbox 236 923 326 958">
    <p class='ocr_par' dir='ltr' id='par_1_6' title="bbox 236 923 326 958">
     <span class='ocr_line' id='line_1_7' title="bbox 236 923 326 958; baseline 0 0"><span class='ocrx_word' id='word_1_7' title='bbox 236 923 326 958; x_wconf 82' lang='lat'>1570</span> 
     </span>
    </p>
   </div>
   <div class='ocr_carea' id='block_1_7' title="bbox 235 1085 326 1119">
    <p class='ocr_par' dir='ltr' id='par_1_7' title="bbox 235 1085 326 1119">
     <span class='ocr_line' id='line_1_8' title="bbox 235 1085 326 1119; baseline 0.011 -1"><span class='ocrx_word' id='word_1_8' title='bbox 235 1085 326 1119; x_wconf 84' lang='lat'><em>1570</em></span> 
     </span>
    </p>
   </div>
   <div class='ocr_carea' id='block_1_8' title="bbox 236 1197 326 1232">
    <p class='ocr_par' dir='ltr' id='par_1_8' title="bbox 236 1197 326 1232">
     <span class='ocr_line' id='line_1_9' title="bbox 236 1197 326 1232; baseline 0 0"><span class='ocrx_word' id='word_1_9' title='bbox 236 1197 326 1232; x_wconf 85' lang='lat'>1570</span> 
     </span>
    </p>
   </div>
   <div class='ocr_carea' id='block_1_9' title="bbox 236 1357 326 1392">
    <p class='ocr_par' dir='ltr' id='par_1_9' title="bbox 236 1357 326 1392">
     <span class='ocr_line' id='line_1_10' title="bbox 236 1357 326 1392; baseline 0 -1"><span class='ocrx_word' id='word_1_10' title='bbox 236 1357 326 1392; x_wconf 91' lang='lat'>1570</span> 
     </span>
    </p>
   </div>
   <div class='ocr_carea' id='block_1_10' title="bbox 221 1586 331 1627">
    <p class='ocr_par' dir='ltr' id='par_1_10' title="bbox 221 1586 331 1627">
     <span class='ocr_line' id='line_1_11' title="bbox 221 1586 331 1627; baseline 0.009 -1"><span class='ocrx_word' id='word_1_11' title='bbox 221 1586 331 1627; x_wconf 83' lang='lat'>1570</span> 
     </span>
    </p>
   </div>
   <div class='ocr_carea' id='block_1_11' title="bbox 238 1914 329 1950">
    <p class='ocr_par' dir='ltr' id='par_1_11' title="bbox 238 1914 329 1950">
     <span class='ocr_line' id='line_1_12' title="bbox 238 1914 329 1950; baseline 0.011 -1"><span class='ocrx_word' id='word_1_12' title='bbox 238 1914 329 1950; x_wconf 86' lang='grc'>1570</span> 
     </span>
    </p>
   </div>
   <div class='ocr_carea' id='block_1_12' title="bbox 238 2075 328 2110">
    <p class='ocr_par' dir='ltr' id='par_1_12' title="bbox 238 2075 328 2110">
     <span class='ocr_line' id='line_1_13' title="bbox 238 2075 328 2110; baseline 0.022 -2"><span class='ocrx_word' id='word_1_13' title='bbox 238 2075 328 2110; x_wconf 92' lang='grc'>1570</span> 
     </span>
    </p>
   </div>
   <div class='ocr_carea' id='block_1_13' title="bbox 239 2182 330 2537">
    <p class='ocr_par' dir='ltr' id='par_1_13' title="bbox 239 2182 330 2537">
     <span class='ocr_line' id='line_1_14' title="bbox 240 2182 329 2216; baseline 0 0"><span class='ocrx_word' id='word_1_14' title='bbox 240 2182 329 2216; x_wconf 87' lang='grc'>1570</span> 
     </span>
     <span class='ocr_line' id='line_1_15' title="bbox 239 2343 330 2377; baseline 0.011 -1"><span class='ocrx_word' id='word_1_15' title='bbox 239 2343 330 2377; x_wconf 88' lang='grc'>1570</span> 
     </span>
     <span class='ocr_line' id='line_1_16' title="bbox 241 2503 330 2537; baseline 0.011 -1"><span class='ocrx_word' id='word_1_16' title='bbox 241 2503 330 2537; x_wconf 87' lang='grc'>1570</span> 
     </span>
    </p>
   </div>
   <div class='ocr_carea' id='block_1_14' title="bbox 241 2615 330 2709">
    <p class='ocr_par' dir='ltr' id='par_1_14' title="bbox 241 2615 330 2709">
     <span class='ocr_line' id='line_1_17' title="bbox 241 2615 330 2649; baseline 0 0"><span class='ocrx_word' id='word_1_17' title='bbox 241 2615 330 2649; x_wconf 87' lang='grc'>1570</span> 
     </span>
     <span class='ocr_line' id='line_1_18' title="bbox 241 2675 330 2709; baseline 0.022 -2"><span class='ocrx_word' id='word_1_18' title='bbox 241 2675 330 2709; x_wconf 89' lang='grc'>1570</span> 
     </span>
    </p>
   </div>
   <div class='ocr_carea' id='block_1_15' title="bbox 242 2893 330 2927">
    <p class='ocr_par' dir='ltr' id='par_1_15' title="bbox 242 2893 330 2927">
     <span class='ocr_line' id='line_1_19' title="bbox 242 2893 330 2927; baseline 0 -1"><span class='ocrx_word' id='word_1_19' title='bbox 242 2893 330 2927; x_wconf 86' lang='grc'>1570</span> 
     </span>
    </p>
   </div>
   <div class='ocr_carea' id='block_1_16' title="bbox 240 3004 330 3039">
    <p class='ocr_par' dir='ltr' id='par_1_16' title="bbox 240 3004 330 3039">
     <span class='ocr_line' id='line_1_20' title="bbox 240 3004 330 3039; baseline 0.011 -1"><span class='ocrx_word' id='word_1_20' title='bbox 240 3004 330 3039; x_wconf 90' lang='grc'>1570</span> 
     </span>
    </p>
   </div>
   <div class='ocr_carea' id='block_1_17' title="bbox 368 254 373 2433">
    <p class='ocr_par' dir='ltr' id='par_1_17' title="bbox 368 254 373 2433">
     <span class='ocr_line' id='line_1_21' title="bbox 368 254 373 2433; baseline 0 0"><span class='ocrx_word' id='word_1_21' title='bbox 368 254 373 2433; x_wconf 95' lang='lat' dir='ltr'><em> </em></span> 
     </span>
    </p>
   </div>
   <div class='ocr_carea' id='block_1_18' title="bbox 372 2575 374 3152">
    <p class='ocr_par' dir='ltr' id='par_1_18' title="bbox 372 2575 374 3152">
     <span class='ocr_line' id='line_1_22' title="bbox 372 2575 374 3152; baseline 0 0"><span class='ocrx_word' id='word_1_22' title='bbox 372 2575 374 3152; x_wconf 95' lang='lat' dir='ltr'><em> </em></span> 
     </span>
    </p>
   </div>
   <div class='ocr_carea' id='block_1_19' title="bbox 653 115 1495 160">
    <p class='ocr_par' dir='ltr' id='par_1_19' title="bbox 653 115 1495 160">
     <span class='ocr_line' id='line_1_23' title="bbox 653 115 1495 160; baseline 0.002 -11"><span class='ocrx_word' id='word_1_23' title='bbox 653 116 714 150; x_wconf 89' lang='lat' dir='ltr'>III.</span> <span class='ocrx_word' id='word_1_24' title='bbox 742 115 902 150; x_wconf 78' lang='lat' dir='ltr'>Tabulae</span> <span class='ocrx_word' id='word_1_25' title='bbox 928 116 1201 160; x_wconf 82' lang='lat' dir='ltr'>chronologicae</span> <span class='ocrx_word' id='word_1_26' title='bbox 1227 116 1325 150; x_wconf 77' lang='lat' dir='ltr'><em>vitae</em></span> <span class='ocrx_word' id='word_1_27' title='bbox 1352 116 1495 151; x_wconf 84' lang='lat' dir='ltr'>Canisii.</span> 
     </span>
    </p>
   </div>
   <div class='ocr_carea' id='block_1_20' title="bbox 467 922 669 957">
    <p class='ocr_par' dir='ltr' id='par_1_20' title="bbox 467 922 669 957">
     <span class='ocr_line' id='line_1_24' title="bbox 467 922 669 957; baseline 0.005 -1"><span class='ocrx_word' id='word_1_28' title='bbox 467 922 569 957; x_wconf 86' lang='lat' dir='ltr'>initio</span> <span class='ocrx_word' id='word_1_29' title='bbox 596 923 669 957; x_wconf 82' lang='lat' dir='ltr'>Ian.</span> 
     </span>
    </p>
   </div>
   <div class='ocr_carea' id='block_1_21' title="bbox 488 1083 639 1118">
    <p class='ocr_par' dir='ltr' id='par_1_21' title="bbox 488 1083 639 1118">
     <span class='ocr_line' id='line_1_25' title="bbox 488 1083 639 1118; baseline 0.013 -2"><span class='ocrx_word' id='word_1_30' title='bbox 488 1083 562 1118; x_wconf 85' lang='lat' dir='ltr'>Ian.</span> <span class='ocrx_word' id='word_1_31' title='bbox 584 1083 639 1118; x_wconf 88' lang='lat'><em>15.</em></span> 
     </span>
    </p>
   </div>
   <div class='ocr_carea' id='block_1_22' title="bbox 490 1195 640 1231">
    <p class='ocr_par' dir='ltr' id='par_1_22' title="bbox 490 1195 640 1231">
     <span class='ocr_line' id='line_1_26' title="bbox 490 1195 640 1231; baseline 0.013 -2"><span class='ocrx_word' id='word_1_32' title='bbox 490 1196 564 1230; x_wconf 89' lang='lat' dir='ltr'>lan.</span> <span class='ocrx_word' id='word_1_33' title='bbox 584 1195 640 1231; x_wconf 82' lang='lat'><em>21.</em></span> 
     </span>
    </p>
   </div>
   <div class='ocr_carea' id='block_1_23' title="bbox 490 1356 640 1391">
    <p class='ocr_par' dir='ltr' id='par_1_23' title="bbox 490 1356 640 1391">
     <span class='ocr_line' id='line_1_27' title="bbox 490 1356 640 1391; baseline 0.013 -2"><span class='ocrx_word' id='word_1_34' title='bbox 490 1356 563 1390; x_wconf 88' lang='lat' dir='ltr'>Ian.</span> <span class='ocrx_word' id='word_1_35' title='bbox 583 1356 640 1391; x_wconf 76' lang='lat'><em>22.</em></span> 
     </span>
    </p>
   </div>
   <div class='ocr_carea' id='block_1_24' title="bbox 461 1582 663 1633">
    <p class='ocr_par' dir='ltr' id='par_1_24' title="bbox 461 1582 663 1633">
     <span class='ocr_line' id='line_1_28' title="bbox 461 1582 663 1633; baseline 0.01 -9"><span class='ocrx_word' id='word_1_36' title='bbox 461 1582 568 1633; x_wconf 71' lang='lat' dir='ltr'>lan.</span> <span class='ocrx_word' id='word_1_37' title='bbox 594 1584 663 1626; x_wconf 83' lang='lat'><em>23.</em></span> 
     </span>
    </p>
   </div>
   <div class='ocr_carea' id='block_1_25' title="bbox 438 1912 692 1948">
    <p class='ocr_par' dir='ltr' id='par_1_25' title="bbox 438 1912 692 1948">
     <span class='ocr_line' id='line_1_29' title="bbox 438 1912 692 1948; baseline 0 -1"><span class='ocrx_word' id='word_1_38' title='bbox 438 1913 513 1948; x_wconf 84' lang='lat' dir='ltr'>Ian.</span> <span class='ocrx_word' id='word_1_39' title='bbox 531 1913 590 1947; x_wconf 88' lang='lat' dir='ltr'><em>vel</em></span> <span class='ocrx_word' id='word_1_40' title='bbox 608 1912 692 1948; x_wconf 81' lang='lat' dir='ltr'>Feb.</span> 
     </span>
    </p>
   </div>
   <div class='ocr_carea' id='block_1_26' title="bbox 415 2072 764 2108">
    <p class='ocr_par' dir='ltr' id='par_1_26' title="bbox 415 2072 764 2108">
     <span class='ocr_line' id='line_1_30' title="bbox 415 2072 764 2108; baseline 0.003 -2"><span class='ocrx_word' id='word_1_41' title='bbox 415 2072 510 2107; x_wconf 88' lang='lat' dir='ltr'>circa</span> <span class='ocrx_word' id='word_1_42' title='bbox 534 2073 624 2107; x_wconf 86' lang='lat' dir='ltr'>med.</span> <span class='ocrx_word' id='word_1_43' title='bbox 644 2072 727 2108; x_wconf 82' lang='lat' dir='ltr'>Feb.</span> <span class='ocrx_word' id='word_1_44' title='bbox 762 2074 764 2089; x_wconf 87' lang='lat'>&#39;</span> 
     </span>
    </p>
   </div>
   <div class='ocr_carea' id='block_1_27' title="bbox 438 2179 704 2214">
    <p class='ocr_par' dir='ltr' id='par_1_27' title="bbox 438 2179 704 2214">
     <span class='ocr_line' id='line_1_31' title="bbox 438 2179 704 2214; baseline 0 -1"><span class='ocrx_word' id='word_1_45' title='bbox 438 2179 522 2214; x_wconf 86' lang='lat' dir='ltr'>Feb.</span> <span class='ocrx_word' id='word_1_46' title='bbox 542 2181 577 2213; x_wconf 84' lang='lat' dir='ltr'><em>et</em></span> <span class='ocrx_word' id='word_1_47' title='bbox 597 2179 704 2214; x_wconf 85' lang='lat' dir='ltr'>Mart.</span> 
     </span>
    </p>
   </div>
   <div class='ocr_carea' id='block_1_28' title="bbox 391 2339 744 2374">
    <p class='ocr_par' dir='ltr' id='par_1_28' title="bbox 391 2339 744 2374">
     <span class='ocr_line' id='line_1_32' title="bbox 391 2339 744 2374; baseline 0.006 -2"><span class='ocrx_word' id='word_1_48' title='bbox 391 2339 485 2373; x_wconf 85' lang='lat' dir='ltr'>inter</span> <span class='ocrx_word' id='word_1_49' title='bbox 507 2341 651 2374; x_wconf 85' lang='lat' dir='ltr'><em>exeunt.</em></span> <span class='ocrx_word' id='word_1_50' title='bbox 670 2339 744 2374; x_wconf 89' lang='lat' dir='ltr'>Ian.</span> 
     </span>
    </p>
   </div>
   <div class='ocr_carea' id='block_1_29' title="bbox 464 2393 672 2540">
    <p class='ocr_par' dir='ltr' id='par_1_29' title="bbox 464 2393 672 2540">
     <span class='ocr_line' id='line_1_33' title="bbox 464 2393 672 2438; baseline 0 -12"><span class='ocrx_word' id='word_1_51' title='bbox 464 2395 499 2427; x_wconf 86' lang='lat' dir='ltr'><em>et</em></span> <span class='ocrx_word' id='word_1_52' title='bbox 520 2393 568 2428; x_wconf 89' lang='lat' dir='ltr'><em>in.</em></span> <span class='ocrx_word' id='word_1_53' title='bbox 586 2394 672 2438; x_wconf 86' lang='lat' dir='ltr'>Apr.</span> 
     </span>
     <span class='ocr_line' id='line_1_34' title="bbox 467 2505 648 2540; baseline 0.006 -1"><span class='ocrx_word' id='word_1_54' title='bbox 467 2505 573 2540; x_wconf 81' lang='lat' dir='ltr'>Mart.</span> <span class='ocrx_word' id='word_1_55' title='bbox 593 2506 648 2540; x_wconf 85' lang='lat'><em>29.</em></span> 
     </span>
    </p>
   </div>
   <div class='ocr_carea' id='block_1_30' title="bbox 439 2618 696 2721">
    <p class='ocr_par' dir='ltr' id='par_1_30' title="bbox 439 2618 696 2721">
     <span class='ocr_line' id='line_1_35' title="bbox 439 2618 696 2662; baseline 0.008 -12"><span class='ocrx_word' id='word_1_56' title='bbox 439 2618 526 2662; x_wconf 86' lang='lat' dir='ltr'>Apr.</span> <span class='ocrx_word' id='word_1_57' title='bbox 546 2618 578 2652; x_wconf 91' lang='grc'><em>7.</em></span> <span class='ocrx_word' id='word_1_58' title='bbox 602 2619 638 2651; x_wconf 82' lang='lat' dir='ltr'><em>et</em></span> <span class='ocrx_word' id='word_1_59' title='bbox 664 2618 696 2652; x_wconf 88' lang='lat'><em>8.</em></span> 
     </span>
     <span class='ocr_line' id='line_1_36' title="bbox 526 2677 612 2721; baseline 0.012 -11"><span class='ocrx_word' id='word_1_60' title='bbox 526 2677 612 2721; x_wconf 89' lang='lat' dir='ltr'>Apr.</span> 
     </span>
    </p>
   </div>
   <div class='ocr_carea' id='block_1_31' title="bbox 426 2894 712 2938">
    <p class='ocr_par' dir='ltr' id='par_1_31' title="bbox 426 2894 712 2938">
     <span class='ocr_line' id='line_1_37' title="bbox 426 2894 712 2938; baseline 0.003 -11"><span class='ocrx_word' id='word_1_61' title='bbox 426 2894 511 2938; x_wconf 82' lang='lat' dir='ltr'>Apr.</span> <span class='ocrx_word' id='word_1_62' title='bbox 541 2894 637 2938; x_wconf 79' lang='lat' dir='ltr'>(post</span> <span class='ocrx_word' id='word_1_63' title='bbox 663 2894 712 2938; x_wconf 87' lang='lat'><em>8.)</em></span> 
     </span>
    </p>
   </div>
   <div class='ocr_carea' id='block_1_32' title="bbox 408 3005 728 3041">
    <p class='ocr_par' dir='ltr' id='par_1_32' title="bbox 408 3005 728 3041">
     <span class='ocr_line' id='line_1_38' title="bbox 408 3005 728 3041; baseline 0.003 -1"><span class='ocrx_word' id='word_1_64' title='bbox 408 3005 502 3040; x_wconf 82' lang='lat' dir='ltr'>cirea</span> <span class='ocrx_word' id='word_1_65' title='bbox 527 3018 572 3041; x_wconf 91' lang='lat' dir='ltr'><em>m.</em></span> <span class='ocrx_word' id='word_1_66' title='bbox 593 3006 728 3041; x_wconf 87' lang='lat' dir='ltr'><em>Maium</em></span> 
     </span>
    </p>
   </div>
   <div class='ocr_carea' id='block_1_33' title="bbox 761 230 766 3156">
    <p class='ocr_par' dir='ltr' id='par_1_33' title="bbox 761 230 766 3156">
     <span class='ocr_line' id='line_1_39' title="bbox 761 230 766 3156; baseline 0 0"><span class='ocrx_word' id='word_1_67' title='bbox 761 230 766 3156; x_wconf 95' lang='lat' dir='ltr'><em> </em></span> 
     </span>
    </p>
   </div>
   <div class='ocr_carea' id='block_1_34' title="bbox 780 232 1956 1182">
    <p class='ocr_par' dir='ltr' id='par_1_34' title="bbox 783 232 1955 383">
     <span class='ocr_line' id='line_1_40' title="bbox 783 232 1955 276; baseline 0.001 -10"><span class='ocrx_word' id='word_1_68' title='bbox 783 232 820 266; x_wconf 79' lang='lat' dir='ltr'><em>G.</em></span> <span class='ocrx_word' id='word_1_69' title='bbox 841 233 1003 276; x_wconf 78' lang='lat' dir='ltr'><em>„Parvus</em></span> <span class='ocrx_word' id='word_1_70' title='bbox 1028 233 1267 267; x_wconf 76' lang='lat' dir='ltr'><em>Catechtsmus</em></span> <span class='ocrx_word' id='word_1_71' title='bbox 1296 232 1581 267; x_wconf 74' lang='lat' dir='ltr'><em>Catholicorum“</em></span> <span class='ocrx_word' id='word_1_72' title='bbox 1609 234 1718 267; x_wconf 81' lang='lat' dir='ltr'><em>latine</em></span> <span class='ocrx_word' id='word_1_73' title='bbox 1743 235 1857 267; x_wconf 81' lang='lat' dir='ltr'><em>denuo</em></span> <span class='ocrx_word' id='word_1_74' title='bbox 1883 235 1955 268; x_wconf 75' lang='lat' dir='ltr'>eoli-</span> 
     </span>
     <span class='ocr_line' id='line_1_41' title="bbox 839 286 1954 330; baseline 0.002 -11"><span class='ocrx_word' id='word_1_75' title='bbox 839 291 900 319; x_wconf 83' lang='lat' dir='ltr'><em>tur</em></span> <span class='ocrx_word' id='word_1_76' title='bbox 914 288 1129 329; x_wconf 67' lang='lat' dir='ltr'><em>Autem-piae</em></span> <span class='ocrx_word' id='word_1_77' title='bbox 1147 290 1177 318; x_wconf 87' lang='lat' dir='ltr'><em>et</em></span> <span class='ocrx_word' id='word_1_78' title='bbox 1194 286 1406 329; x_wconf 78' lang='lat' dir='ltr'><em>Cracoviae;</em></span> <span class='ocrx_word' id='word_1_79' title='bbox 1431 288 1522 319; x_wconf 78' lang='lat' dir='ltr'><em>idem</em></span> <span class='ocrx_word' id='word_1_80' title='bbox 1547 298 1569 319; x_wconf 89' lang='lat' dir='ltr'><em>a</em></span> <span class='ocrx_word' id='word_1_81' title='bbox 1589 287 1629 320; x_wconf 92' lang='lat' dir='ltr'><em>P.</em></span> <span class='ocrx_word' id='word_1_82' title='bbox 1646 288 1716 320; x_wconf 88' lang='lat' dir='ltr'>Iac.</span> <span class='ocrx_word' id='word_1_83' title='bbox 1732 288 1854 330; x_wconf 76' lang='lat' dir='ltr'><em>WuJ&#39;elc</em></span> <span class='ocrx_word' id='word_1_84' title='bbox 1869 288 1903 321; x_wconf 91' lang='lat' dir='ltr'><em>S.</em></span> <span class='ocrx_word' id='word_1_85' title='bbox 1916 289 1954 322; x_wconf 87' lang='lat' dir='ltr'><em>J.</em></span> 
     </span>
     <span class='ocr_line' id='line_1_42' title="bbox 836 339 1687 383; baseline 0.001 -11"><span class='ocrx_word' id='word_1_86' title='bbox 836 340 996 382; x_wconf 75' lang='lat' dir='ltr'><em>polonice</em></span> <span class='ocrx_word' id='word_1_87' title='bbox 1020 350 1140 372; x_wconf 65' lang='lat' dir='ltr'><em>versus</em></span> <span class='ocrx_word' id='word_1_88' title='bbox 1166 340 1285 373; x_wconf 78' lang='lat' dir='ltr'><em>editur</em></span> <span class='ocrx_word' id='word_1_89' title='bbox 1313 340 1505 373; x_wconf 70' lang='lat' dir='ltr'><em>Cracouiae</em></span> <span class='ocrx_word' id='word_1_90' title='bbox 1533 339 1687 383; x_wconf 79' lang='lat' dir='ltr'>(694s5).</span> 
     </span>
    </p>

    <p class='ocr_par' dir='ltr' id='par_1_35' title="bbox 780 393 1956 543">
     <span class='ocr_line' id='line_1_43' title="bbox 780 393 1955 436; baseline 0.002 -11"><span class='ocrx_word' id='word_1_91' title='bbox 780 393 932 426; x_wconf 76' lang='lat' dir='ltr'><em>Ioannes</em></span> <span class='ocrx_word' id='word_1_92' title='bbox 952 393 1145 436; x_wconf 61' lang='lat' dir='ltr'><em>lefflmdus</em></span> <span class='ocrx_word' id='word_1_93' title='bbox 1164 394 1352 435; x_wconf 72' lang='lat' dir='ltr'><em>professor</em></span> <span class='ocrx_word' id='word_1_94' title='bbox 1377 397 1407 426; x_wconf 93' lang='lat' dir='ltr'><em>et</em></span> <span class='ocrx_word' id='word_1_95' title='bbox 1431 394 1722 436; x_wconf 69' lang='lat' dir='ltr'><em>superintendens</em></span> <span class='ocrx_word' id='word_1_96' title='bbox 1744 394 1955 427; x_wconf 76' lang='lat' dir='ltr'><em>lutheranus</em></span> 
     </span>
     <span class='ocr_line' id='line_1_44' title="bbox 839 446 1956 490; baseline 0.002 -12"><span class='ocrx_word' id='word_1_97' title='bbox 839 446 972 479; x_wconf 77' lang='lat' dir='ltr'><em>librum</em></span> <span class='ocrx_word' id='word_1_98' title='bbox 1007 447 1176 479; x_wconf 76' lang='lat' dir='ltr'><em>adversus</em></span> <span class='ocrx_word' id='word_1_99' title='bbox 1201 446 1237 479; x_wconf 84' lang='lat' dir='ltr'><em>C.</em></span> <span class='ocrx_word' id='word_1_100' title='bbox 1264 447 1509 479; x_wconf 74' lang='lat' dir='ltr'><em>catechismum</em></span> <span class='ocrx_word' id='word_1_101' title='bbox 1537 458 1559 479; x_wconf 87' lang='lat' dir='ltr'><em>a</em></span> <span class='ocrx_word' id='word_1_102' title='bbox 1583 458 1619 480; x_wconf 83' lang='lat' dir='ltr'><em>sc</em></span> <span class='ocrx_word' id='word_1_103' title='bbox 1643 449 1816 490; x_wconf 71' lang='lat' dir='ltr'><em>scriptum</em></span> <span class='ocrx_word' id='word_1_104' title='bbox 1842 448 1956 481; x_wconf 80' lang='lat' dir='ltr'><em>denuo</em></span> 
     </span>
     <span class='ocr_line' id='line_1_45' title="bbox 839 499 1498 543; baseline 0.003 -12"><span class='ocrx_word' id='word_1_105' title='bbox 839 500 945 532; x_wconf 82' lang='lat' dir='ltr'><em>Ienae</em></span> <span class='ocrx_word' id='word_1_106' title='bbox 971 501 1021 540; x_wconf 84' lang='lat' dir='ltr'><em>(et</em></span> <span class='ocrx_word' id='word_1_107' title='bbox 1048 500 1210 532; x_wconf 75' lang='lat' dir='ltr'><em>Basileae</em></span> <span class='ocrx_word' id='word_1_108' title='bbox 1222 500 1257 540; x_wconf 71' lang='grc'><em>,9)</em></span> <span class='ocrx_word' id='word_1_109' title='bbox 1285 500 1355 532; x_wconf 73' lang='lat' dir='ltr'><em>edit</em></span> <span class='ocrx_word' id='word_1_110' title='bbox 1384 499 1498 543; x_wconf 92' lang='grc'>(696).</span> 
     </span>
    </p>

    <p class='ocr_par' dir='ltr' id='par_1_36' title="bbox 784 552 1952 650">
     <span class='ocr_line' id='line_1_46' title="bbox 784 552 1952 597; baseline 0.002 -12"><span class='ocrx_word' id='word_1_111' title='bbox 784 553 929 586; x_wconf 51' lang='lat' dir='ltr'><em>Flac-ius</em></span> <span class='ocrx_word' id='word_1_112' title='bbox 954 553 1128 596; x_wconf 71' lang='lat' dir='ltr'><em>Illyricas</em></span> <span class='ocrx_word' id='word_1_113' title='bbox 1162 553 1254 586; x_wconf 69' lang='lat' dir='ltr'>libro</span> <span class='ocrx_word' id='word_1_114' title='bbox 1281 553 1441 597; x_wconf 75' lang='lat' dir='ltr'><em>„Euiehe</em></span> <span class='ocrx_word' id='word_1_115' title='bbox 1466 553 1726 596; x_wconf 68' lang='lat' dir='ltr'><em>Hoclzwtclettqe</em></span> <span class='ocrx_word' id='word_1_116' title='bbox 1751 552 1952 587; x_wconf 77' lang='lat' dir='ltr'><em>Vrsachen“</em></span> 
     </span>
     <span class='ocr_line' id='line_1_47' title="bbox 840 606 1878 650; baseline 0.003 -12"><span class='ocrx_word' id='word_1_117' title='bbox 840 607 930 639; x_wconf 73' lang='lat' dir='ltr'><em>edito</em></span> <span class='ocrx_word' id='word_1_118' title='bbox 960 606 996 639; x_wconf 84' lang='lat' dir='ltr'><em>C.</em></span> <span class='ocrx_word' id='word_1_119' title='bbox 1024 606 1270 639; x_wconf 73' lang='lat' dir='ltr'><em>catechismum</em></span> <span class='ocrx_word' id='word_1_120' title='bbox 1297 607 1430 639; x_wconf 73' lang='lat' dir='ltr'><em>acriter</em></span> <span class='ocrx_word' id='word_1_121' title='bbox 1454 608 1641 649; x_wconf 64' lang='lat' dir='ltr'><em>impugynat</em></span> <span class='ocrx_word' id='word_1_122' title='bbox 1669 606 1754 649; x_wconf 81' lang='lat'>(402</span> <span class='ocrx_word' id='word_1_123' title='bbox 1781 607 1878 650; x_wconf 81' lang='lat'>692).</span> 
     </span>
    </p>

    <p class='ocr_par' dir='ltr' id='par_1_37' title="bbox 784 659 1956 809">
     <span class='ocr_line' id='line_1_48' title="bbox 784 659 1956 703; baseline 0.002 -11"><span class='ocrx_word' id='word_1_124' title='bbox 784 659 820 692; x_wconf 85' lang='lat' dir='ltr'><em>C.</em></span> <span class='ocrx_word' id='word_1_125' title='bbox 852 660 1047 703; x_wconf 65' lang='lat' dir='ltr'><em>an›1ye&gt;lz&#39;a</em></span> <span class='ocrx_word' id='word_1_126' title='bbox 1083 660 1337 703; x_wconf 67' lang='lat' dir='ltr'><em>Epistulasque</em></span> <span class='ocrx_word' id='word_1_127' title='bbox 1372 660 1511 693; x_wconf 76' lang='lat' dir='ltr'><em>dierum</em></span> <span class='ocrx_word' id='word_1_128' title='bbox 1548 672 1738 694; x_wconf 81' lang='lat' dir='ltr'><em>sacrorum</em></span> <span class='ocrx_word' id='word_1_129' title='bbox 1776 672 1855 693; x_wconf 87' lang='lat' dir='ltr'><em>cum</em></span> <span class='ocrx_word' id='word_1_130' title='bbox 1891 672 1956 694; x_wconf 83' lang='lat' dir='ltr'><em>suo</em></span> 
     </span>
     <span class='ocr_line' id='line_1_49' title="bbox 841 711 1956 757; baseline 0.002 -12"><span class='ocrx_word' id='word_1_131' title='bbox 841 713 979 756; x_wconf 81' lang='lat' dir='ltr'><em>„Parvo</em></span> <span class='ocrx_word' id='word_1_132' title='bbox 1002 712 1216 746; x_wconf 75' lang='lat' dir='ltr'><em>Catecleismo</em></span> <span class='ocrx_word' id='word_1_133' title='bbox 1239 711 1521 746; x_wconf 77' lang='lat' dir='ltr'><em>Catholi(¹orum“</em></span> <span class='ocrx_word' id='word_1_134' title='bbox 1544 714 1712 757; x_wconf 70' lang='lat' dir='ltr'><em>Diltuyae</em></span> <span class='ocrx_word' id='word_1_135' title='bbox 1729 715 1810 757; x_wconf 74' lang='lat' dir='ltr'><em>edit,</em></span> <span class='ocrx_word' id='word_1_136' title='bbox 1835 715 1956 748; x_wconf 79' lang='lat' dir='ltr'><em>multis</em></span> 
     </span>
     <span class='ocr_line' id='line_1_50' title="bbox 839 765 1408 809; baseline 0.004 -11"><span class='ocrx_word' id='word_1_137' title='bbox 839 767 1056 809; x_wconf 71' lang='lat' dir='ltr'><em>imagytnz&#39;bus</em></span> <span class='ocrx_word' id='word_1_138' title='bbox 1081 767 1265 799; x_wconf 79' lang='lat' dir='ltr'><em>illustrata</em></span> <span class='ocrx_word' id='word_1_139' title='bbox 1294 765 1408 808; x_wconf 85' lang='grc'>(690).</span> 
     </span>
    </p>

    <p class='ocr_par' dir='ltr' id='par_1_38' title="bbox 785 818 1954 915">
     <span class='ocr_line' id='line_1_51' title="bbox 785 818 1954 864; baseline 0.001 -12"><span class='ocrx_word' id='word_1_140' title='bbox 785 818 820 853; x_wconf 83' lang='lat' dir='ltr'><em>C.</em></span> <span class='ocrx_word' id='word_1_141' title='bbox 848 819 1078 852; x_wconf 74' lang='lat' dir='ltr'><em>catechismus</em></span> <span class='ocrx_word' id='word_1_142' title='bbox 1108 819 1311 862; x_wconf 70' lang='lat' dir='ltr'><em>yermauicc</em></span> <span class='ocrx_word' id='word_1_143' title='bbox 1345 830 1475 852; x_wconf 83' lang='lat' dir='ltr'><em>rursus</em></span> <span class='ocrx_word' id='word_1_144' title='bbox 1510 821 1628 853; x_wconf 70' lang='lat' dir='ltr'><em>editur</em></span> <span class='ocrx_word' id='word_1_145' title='bbox 1659 821 1871 864; x_wconf 70' lang='lat' dir='ltr'><em>Inyolstadit&#39;</em></span> <span class='ocrx_word' id='word_1_146' title='bbox 1905 821 1954 862; x_wconf 88' lang='lat' dir='ltr'><em>(et</em></span> 
     </span>
     <span class='ocr_line' id='line_1_52' title="bbox 840 872 1201 915; baseline 0.003 -9"><span class='ocrx_word' id='word_1_147' title='bbox 840 873 1057 915; x_wconf 51' lang='lat' dir='ltr'><em>Diamque&amp;</em></span> <span class='ocrx_word' id='word_1_148' title='bbox 1088 872 1201 914; x_wconf 90' lang='grc'>(696).</span> 
     </span>
    </p>

    <p class='ocr_par' dir='ltr' id='par_1_39' title="bbox 781 926 1953 1075">
     <span class='ocr_line' id='line_1_53' title="bbox 781 926 1953 970; baseline 0.002 -12"><span class='ocrx_word' id='word_1_149' title='bbox 781 926 945 958; x_wconf 77' lang='lat' dir='ltr'><em>Adamas</em></span> <span class='ocrx_word' id='word_1_150' title='bbox 970 926 1150 959; x_wconf 80' lang='lat' dir='ltr'><em>Walasser</em></span> <span class='ocrx_word' id='word_1_151' title='bbox 1177 928 1197 958; x_wconf 82' lang='lat'><em>5</em></span> <span class='ocrx_word' id='word_1_152' title='bbox 1224 927 1401 959; x_wconf 69' lang='lat' dir='ltr'><em>contiones</em></span> <span class='ocrx_word' id='word_1_153' title='bbox 1426 937 1448 958; x_wconf 91' lang='lat' dir='ltr'><em>a</em></span> <span class='ocrx_word' id='word_1_154' title='bbox 1478 926 1514 960; x_wconf 77' lang='lat'>0.</span> <span class='ocrx_word' id='word_1_155' title='bbox 1543 927 1626 959; x_wconf 74' lang='lat' dir='ltr'>olim</span> <span class='ocrx_word' id='word_1_156' title='bbox 1654 929 1873 970; x_wconf 71' lang='lat' dir='ltr'><em>conscriptas</em></span> <span class='ocrx_word' id='word_1_157' title='bbox 1891 927 1953 960; x_wconf 76' lang='lat' dir='ltr'><em>Di-</em></span> 
     </span>
     <span class='ocr_line' id='line_1_54' title="bbox 840 978 1949 1024; baseline 0.002 -12"><span class='ocrx_word' id='word_1_158' title='bbox 840 981 958 1021; x_wconf 71' lang='lat' dir='ltr'><em>Ie&#39;nyae</em></span> <span class='ocrx_word' id='word_1_159' title='bbox 988 980 1081 1022; x_wconf 72' lang='lat' dir='ltr'><em>typis</em></span> <span class='ocrx_word' id='word_1_160' title='bbox 1107 979 1243 1023; x_wconf 71' lang='lat' dir='ltr'><em>eculyat</em></span> <span class='ocrx_word' id='word_1_161' title='bbox 1270 979 1571 1023; x_wconf 65' lang='lat' dir='ltr'><em>(„Christentiche</em></span> <span class='ocrx_word' id='word_1_162' title='bbox 1599 1006 1606 1012; x_wconf 86' lang='lat'><em>.</em></span> <span class='ocrx_word' id='word_1_163' title='bbox 1627 1007 1633 1013; x_wconf 94' lang='lat'><em>.</em></span> <span class='ocrx_word' id='word_1_164' title='bbox 1656 1007 1662 1013; x_wconf 93' lang='lat'><em>.</em></span> <span class='ocrx_word' id='word_1_165' title='bbox 1690 978 1842 1024; x_wconf 38' lang='lat' dir='ltr'><em>Predsffl</em></span> <span class='ocrx_word' id='word_1_166' title='bbox 1870 981 1949 1021; x_wconf 75' lang='lat' dir='ltr'><em>etc.)</em></span> 
     </span>
     <span class='ocr_line' id='line_1_55' title="bbox 843 1032 1052 1075; baseline 0 -9"><span class='ocrx_word' id='word_1_167' title='bbox 843 1032 927 1075; x_wconf 85' lang='lat'>(388</span> <span class='ocrx_word' id='word_1_168' title='bbox 955 1032 1052 1075; x_wconf 90' lang='lat'>690).</span> 
     </span>
    </p>

    <p class='ocr_par' dir='ltr' id='par_1_40' title="bbox 784 1086 1953 1182">
     <span class='ocr_line' id='line_1_56' title="bbox 784 1086 1953 1130; baseline 0 -11"><span class='ocrx_word' id='word_1_169' title='bbox 784 1086 820 1119; x_wconf 81' lang='lat' dir='ltr'><em>C.</em></span> <span class='ocrx_word' id='word_1_170' title='bbox 839 1087 975 1130; x_wconf 73' lang='lat' dir='ltr'><em>aliquot</em></span> <span class='ocrx_word' id='word_1_171' title='bbox 1001 1086 1202 1119; x_wconf 74' lang='lat' dir='ltr'>contionum.</span> <span class='ocrx_word' id='word_1_172' title='bbox 1228 1097 1378 1119; x_wconf 82' lang='lat' dir='ltr'><em>suarum</em></span> <span class='ocrx_word' id='word_1_173' title='bbox 1404 1086 1495 1129; x_wconf 73' lang='lat' dir='ltr'><em>typis</em></span> <span class='ocrx_word' id='word_1_174' title='bbox 1515 1088 1777 1129; x_wconf 67' lang='lat' dir='ltr'><em>exscriptorum</em></span> <span class='ocrx_word' id='word_1_175' title='bbox 1796 1087 1953 1129; x_wconf 66' lang='lat' dir='ltr'><em>exempla</em></span> 
     </span>
     <span class='ocr_line' id='line_1_57' title="bbox 843 1138 1301 1182; baseline 0 -10"><span class='ocrx_word' id='word_1_176' title='bbox 843 1139 1024 1172; x_wconf 73' lang='lat' dir='ltr'><em>Coloniam</em></span> <span class='ocrx_word' id='word_1_177' title='bbox 1052 1139 1159 1171; x_wconf 73' lang='lat' dir='ltr'><em>mittit</em></span> <span class='ocrx_word' id='word_1_178' title='bbox 1186 1138 1301 1182; x_wconf 83' lang='lat'>(388).</span> 
     </span>
    </p>
   </div>
   <div class='ocr_carea' id='block_1_35' title="bbox 760 1197 1954 1242">
    <p class='ocr_par' dir='ltr' id='par_1_41' title="bbox 760 1197 1954 1242">
     <span class='ocr_line' id='line_1_58' title="bbox 760 1197 1954 1242; baseline 0.001 -11"><span class='ocrx_word' id='word_1_179' title='bbox 760 1197 869 1236; x_wconf 76' lang='lat' dir='ltr'><em>qum</em></span> <span class='ocrx_word' id='word_1_180' title='bbox 896 1198 1018 1232; x_wconf 76' lang='lat' dir='ltr'>Marco</span> <span class='ocrx_word' id='word_1_181' title='bbox 1050 1198 1236 1242; x_wconf 81' lang='lat' dir='ltr'>Fuggero,</span> <span class='ocrx_word' id='word_1_182' title='bbox 1276 1197 1414 1242; x_wconf 85' lang='lat' dir='ltr'>Sibylla</span> <span class='ocrx_word' id='word_1_183' title='bbox 1449 1198 1526 1232; x_wconf 81' lang='lat' dir='ltr'><em>eius</em></span> <span class='ocrx_word' id='word_1_184' title='bbox 1562 1198 1733 1242; x_wconf 83' lang='lat' dir='ltr'>coniuge,</span> <span class='ocrx_word' id='word_1_185' title='bbox 1773 1197 1877 1232; x_wconf 87' lang='lat' dir='ltr'>Anna</span> <span class='ocrx_word' id='word_1_186' title='bbox 1912 1198 1954 1232; x_wconf 92' lang='lat' dir='ltr'><em>de</em></span> 
     </span>
    </p>
   </div>
   <div class='ocr_carea' id='block_1_36' title="bbox 785 1250 1955 1456">
    <p class='ocr_par' dir='ltr' id='par_1_42' title="bbox 841 1250 1955 1349">
     <span class='ocr_line' id='line_1_59' title="bbox 841 1250 1955 1297; baseline 0.001 -12"><span class='ocrx_word' id='word_1_187' title='bbox 841 1251 1074 1286; x_wconf 79' lang='lat' dir='ltr'><em>Bernhausen</em></span> <span class='ocrx_word' id='word_1_188' title='bbox 1116 1251 1257 1295; x_wconf 74' lang='lat' dir='ltr'>virgine</span> <span class='ocrx_word' id='word_1_189' title='bbox 1299 1263 1320 1285; x_wconf 85' lang='lat' dir='ltr'><em>a</em></span> <span class='ocrx_word' id='word_1_190' title='bbox 1362 1251 1534 1286; x_wconf 83' lang='lat' dir='ltr'><em>daemone</em></span> <span class='ocrx_word' id='word_1_191' title='bbox 1576 1252 1722 1286; x_wconf 81' lang='lat' dir='ltr'><em>obsessa</em></span> <span class='ocrx_word' id='word_1_192' title='bbox 1765 1250 1955 1297; x_wconf 81' lang='lat' dir='ltr'><em>Ottingam</em></span> 
     </span>
     <span class='ocr_line' id='line_1_60' title="bbox 841 1303 1570 1349; baseline -0.001 -10"><span class='ocrx_word' id='word_1_193' title='bbox 841 1303 1011 1339; x_wconf 64' lang='lat' dir='ltr'><em>Veterem</em></span> <span class='ocrx_word' id='word_1_194' title='bbox 1042 1304 1253 1348; x_wconf 68' lang='lat' dir='ltr'>(Altotting)</span> <span class='ocrx_word' id='word_1_195' title='bbox 1281 1305 1429 1338; x_wconf 81' lang='lat' dir='ltr'>advenit</span> <span class='ocrx_word' id='word_1_196' title='bbox 1457 1305 1570 1349; x_wconf 79' lang='lat'>(642).</span> 
     </span>
    </p>

    <p class='ocr_par' dir='ltr' id='par_1_43' title="bbox 785 1357 1954 1456">
     <span class='ocr_line' id='line_1_61' title="bbox 785 1357 1953 1402; baseline 0 -11"><span class='ocrx_word' id='word_1_197' title='bbox 785 1359 821 1392; x_wconf 86' lang='lat' dir='ltr'><em>[n</em></span> <span class='ocrx_word' id='word_1_198' title='bbox 847 1358 981 1392; x_wconf 82' lang='lat' dir='ltr'>sacello</span> <span class='ocrx_word' id='word_1_199' title='bbox 1001 1359 1040 1392; x_wconf 89' lang='lat' dir='ltr'><em>B.</em></span> <span class='ocrx_word' id='word_1_200' title='bbox 1059 1359 1196 1392; x_wconf 82' lang='lat' dir='ltr'><em>Mariae</em></span> <span class='ocrx_word' id='word_1_201' title='bbox 1215 1357 1258 1392; x_wconf 91' lang='lat' dir='ltr'><em>V.</em></span> <span class='ocrx_word' id='word_1_202' title='bbox 1277 1357 1454 1401; x_wconf 79' lang='lat' dir='ltr'><em>Fuggeris</em></span> <span class='ocrx_word' id='word_1_203' title='bbox 1474 1358 1608 1392; x_wconf 78' lang='lat' dir='ltr'><em>Christi</em></span> <span class='ocrx_word' id='word_1_204' title='bbox 1635 1369 1764 1402; x_wconf 78' lang='lat' dir='ltr'><em>corpus</em></span> <span class='ocrx_word' id='word_1_205' title='bbox 1790 1357 1953 1402; x_wconf 83' lang='lat' dir='ltr'>porrigit.</span> 
     </span>
     <span class='ocr_line' id='line_1_62' title="bbox 841 1410 1954 1456; baseline 0.001 -12"><span class='ocrx_word' id='word_1_206' title='bbox 841 1410 977 1445; x_wconf 78' lang='lat' dir='ltr'>Ibidem</span> <span class='ocrx_word' id='word_1_207' title='bbox 1014 1411 1174 1445; x_wconf 70' lang='lat' dir='ltr'><em>Limnias</em></span> <span class='ocrx_word' id='word_1_208' title='bbox 1207 1410 1430 1445; x_wconf 75' lang='lat' dir='ltr'><em>Lauretanas</em></span> <span class='ocrx_word' id='word_1_209' title='bbox 1466 1412 1581 1456; x_wconf 84' lang='lat' dir='ltr'><em>palam</em></span> <span class='ocrx_word' id='word_1_210' title='bbox 1618 1411 1762 1451; x_wconf 83' lang='lat' dir='ltr'><em>recitat,</em></span> <span class='ocrx_word' id='word_1_211' title='bbox 1801 1411 1954 1445; x_wconf 83' lang='lat' dir='ltr'><em>exorcis-</em></span> 
     </span>
    </p>
   </div>
   <div class='ocr_carea' id='block_1_37' title="bbox 839 1464 1956 1563">
    <p class='ocr_par' dir='ltr' id='par_1_44' title="bbox 839 1464 1956 1563">
     <span class='ocr_line' id='line_1_63' title="bbox 840 1464 1956 1509; baseline 0 -11"><span class='ocrx_word' id='word_1_212' title='bbox 840 1476 937 1498; x_wconf 85' lang='lat' dir='ltr'><em>mum</em></span> <span class='ocrx_word' id='word_1_213' title='bbox 963 1465 1098 1509; x_wconf 79' lang='lat' dir='ltr'><em>incipit,</em></span> <span class='ocrx_word' id='word_1_214' title='bbox 1134 1465 1328 1508; x_wconf 79' lang='lat' dir='ltr'><em>imaginem</em></span> <span class='ocrx_word' id='word_1_215' title='bbox 1355 1465 1395 1499; x_wconf 83' lang='lat' dir='ltr'><em>B.</em></span> <span class='ocrx_word' id='word_1_216' title='bbox 1421 1464 1559 1498; x_wconf 85' lang='lat' dir='ltr'><em>Mariae</em></span> <span class='ocrx_word' id='word_1_217' title='bbox 1585 1464 1628 1498; x_wconf 90' lang='lat' dir='ltr'><em>V.</em></span> <span class='ocrx_word' id='word_1_218' title='bbox 1656 1464 1789 1499; x_wconf 83' lang='lat' dir='ltr'>cervici</span> <span class='ocrx_word' id='word_1_219' title='bbox 1814 1464 1956 1509; x_wconf 85' lang='lat' dir='ltr'>puellae</span> 
     </span>
     <span class='ocr_line' id='line_1_64' title="bbox 839 1518 1133 1563; baseline 0.007 -12"><span class='ocrx_word' id='word_1_220' title='bbox 839 1518 991 1563; x_wconf 85' lang='lat' dir='ltr'>imponit</span> <span class='ocrx_word' id='word_1_221' title='bbox 1020 1519 1133 1561; x_wconf 82' lang='lat'>(643).</span> 
     </span>
    </p>
   </div>
   <div class='ocr_carea' id='block_1_38' title="bbox 782 1584 1958 1900">
    <p class='ocr_par' dir='ltr' id='par_1_45' title="bbox 782 1584 1958 1900">
     <span class='ocr_line' id='line_1_65' title="bbox 782 1584 1954 1627; baseline 0.001 -2"><span class='ocrx_word' id='word_1_222' title='bbox 782 1584 945 1626; x_wconf 72' lang='lat' dir='ltr'>ibidem</span> <span class='ocrx_word' id='word_1_223' title='bbox 990 1585 1242 1626; x_wconf 85' lang='lat' dir='ltr'><em>daemonem</em></span> <span class='ocrx_word' id='word_1_224' title='bbox 1288 1585 1497 1627; x_wconf 73' lang='lat' dir='ltr'><em>atrociter</em></span> <span class='ocrx_word' id='word_1_225' title='bbox 1544 1585 1762 1627; x_wconf 85' lang='lat' dir='ltr'><em>furentem</em></span> <span class='ocrx_word' id='word_1_226' title='bbox 1810 1598 1954 1626; x_wconf 82' lang='lat' dir='ltr'>coram</span> 
     </span>
     <span class='ocr_line' id='line_1_66' title="bbox 845 1649 1957 1704; baseline 0.001 -13"><span class='ocrx_word' id='word_1_227' title='bbox 845 1652 896 1692; x_wconf 90' lang='grc'><em>16</em></span> <span class='ocrx_word' id='word_1_228' title='bbox 942 1650 1127 1691; x_wconf 85' lang='lat' dir='ltr'><em>testibus</em></span> <span class='ocrx_word' id='word_1_229' title='bbox 1180 1650 1318 1702; x_wconf 84' lang='lat' dir='ltr'>cogit,</span> <span class='ocrx_word' id='word_1_230' title='bbox 1372 1652 1422 1692; x_wconf 86' lang='lat' dir='ltr'><em>ut</em></span> <span class='ocrx_word' id='word_1_231' title='bbox 1468 1650 1741 1704; x_wconf 81' lang='lat' dir='ltr'><em>precationes</em></span> <span class='ocrx_word' id='word_1_232' title='bbox 1789 1649 1957 1700; x_wconf 80' lang='lat' dir='ltr'><em>recitet,</em></span> 
     </span>
     <span class='ocr_line' id='line_1_67' title="bbox 842 1715 1958 1769; baseline 0 -13"><span class='ocrx_word' id='word_1_233' title='bbox 842 1715 890 1757; x_wconf 87' lang='lat' dir='ltr'><em>B.</em></span> <span class='ocrx_word' id='word_1_234' title='bbox 915 1715 972 1757; x_wconf 90' lang='lat' dir='ltr'><em>M.</em></span> <span class='ocrx_word' id='word_1_235' title='bbox 996 1716 1048 1758; x_wconf 90' lang='lat' dir='ltr'><em>V.</em></span> <span class='ocrx_word' id='word_1_236' title='bbox 1083 1716 1245 1766; x_wconf 80' lang='lat' dir='ltr'><em>laudet,</em></span> <span class='ocrx_word' id='word_1_237' title='bbox 1279 1716 1467 1769; x_wconf 82' lang='lat' dir='ltr'>puellam</span> <span class='ocrx_word' id='word_1_238' title='bbox 1502 1716 1688 1758; x_wconf 81' lang='lat' dir='ltr'><em>deserat.</em></span> <span class='ocrx_word' id='word_1_239' title='bbox 1738 1715 1958 1757; x_wconf 81' lang='lat' dir='ltr'>Exhorta-</span> 
     </span>
     <span class='ocr_line' id='line_1_68' title="bbox 841 1779 1958 1833; baseline -0.001 -11"><span class='ocrx_word' id='word_1_240' title='bbox 841 1781 1002 1823; x_wconf 86' lang='lat' dir='ltr'>tionem</span> <span class='ocrx_word' id='word_1_241' title='bbox 1037 1781 1090 1823; x_wconf 83' lang='lat' dir='ltr'><em>ad</em></span> <span class='ocrx_word' id='word_1_242' title='bbox 1123 1783 1320 1823; x_wconf 73' lang='lat' dir='ltr'><em>astantes</em></span> <span class='ocrx_word' id='word_1_243' title='bbox 1353 1781 1498 1823; x_wconf 82' lang='lat' dir='ltr'><em>habet.</em></span> <span class='ocrx_word' id='word_1_244' title='bbox 1552 1781 1675 1822; x_wconf 79' lang='lat' dir='ltr'>Calix</span> <span class='ocrx_word' id='word_1_245' title='bbox 1698 1794 1723 1822; x_wconf 87' lang='lat' dir='ltr'><em>a</em></span> <span class='ocrx_word' id='word_1_246' title='bbox 1745 1779 1958 1833; x_wconf 84' lang='lat' dir='ltr'><em>Fuggeris</em></span> 
     </span>
     <span class='ocr_line' id='line_1_69' title="bbox 841 1845 1391 1900; baseline 0.002 -12"><span class='ocrx_word' id='word_1_247' title='bbox 841 1847 1001 1888; x_wconf 81' lang='lat' dir='ltr'>sacello</span> <span class='ocrx_word' id='word_1_248' title='bbox 1035 1847 1221 1889; x_wconf 83' lang='lat' dir='ltr'>donatur</span> <span class='ocrx_word' id='word_1_249' title='bbox 1253 1845 1391 1900; x_wconf 83' lang='lat'>(645).</span> 
     </span>
    </p>
   </div>
   <div class='ocr_carea' id='block_1_39' title="bbox 781 1917 1957 2991">
    <p class='ocr_par' dir='ltr' id='par_1_46' title="bbox 785 1917 1955 2067">
     <span class='ocr_line' id='line_1_70' title="bbox 785 1917 1955 1960; baseline -0.002 -10"><span class='ocrx_word' id='word_1_250' title='bbox 785 1917 951 1950; x_wconf 73' lang='lat' dir='ltr'><em>Coloniae</em></span> <span class='ocrx_word' id='word_1_251' title='bbox 979 1918 1015 1950; x_wconf 79' lang='grc' dir='ltr'><em>ἰη</em></span> <span class='ocrx_word' id='word_1_252' title='bbox 1041 1918 1278 1960; x_wconf 68' lang='lat' dir='ltr'><em>typoyraplw&#39;a</em></span> <span class='ocrx_word' id='word_1_253' title='bbox 1310 1917 1448 1950; x_wconf 76' lang='lat' dir='ltr'><em>Calem&#39;i</em></span> <span class='ocrx_word' id='word_1_254' title='bbox 1476 1917 1707 1949; x_wconf 76' lang='lat' dir='ltr'><em>absolvuntur</em></span> <span class='ocrx_word' id='word_1_255' title='bbox 1732 1918 1755 1948; x_wconf 78' lang='lat'><em>2</em></span> <span class='ocrx_word' id='word_1_256' title='bbox 1777 1921 1955 1959; x_wconf 79' lang='lat' dir='ltr'><em>postrema</em></span> 
     </span>
     <span class='ocr_line' id='line_1_71' title="bbox 841 1969 1955 2015; baseline 0 -13"><span class='ocrx_word' id='word_1_257' title='bbox 841 1971 1021 2003; x_wconf 77' lang='lat' dir='ltr'><em>volumina</em></span> <span class='ocrx_word' id='word_1_258' title='bbox 1059 1969 1375 2015; x_wconf 68' lang='lat' dir='ltr'><em>„Authoritatunz“</em></span> <span class='ocrx_word' id='word_1_259' title='bbox 1405 1981 1475 2013; x_wconf 71' lang='lat' dir='ltr'><em>per</em></span> <span class='ocrx_word' id='word_1_260' title='bbox 1508 1971 1688 2003; x_wconf 80' lang='lat' dir='ltr'><em>Busaeum</em></span> <span class='ocrx_word' id='word_1_261' title='bbox 1724 1970 1890 2003; x_wconf 76' lang='lat' dir='ltr'><em>Summae</em></span> <span class='ocrx_word' id='word_1_262' title='bbox 1918 1969 1955 2002; x_wconf 86' lang='lat' dir='ltr'><em>C.</em></span> 
     </span>
     <span class='ocr_line' id='line_1_72' title="bbox 840 2023 1362 2067; baseline 0.002 -10"><span class='ocrx_word' id='word_1_263' title='bbox 840 2024 1123 2067; x_wconf 59' lang='lat' dir='ltr'><em>subscrztptcwunz</em></span> <span class='ocrx_word' id='word_1_264' title='bbox 1151 2023 1236 2066; x_wconf 78' lang='lat'><em>(386</em></span> <span class='ocrx_word' id='word_1_265' title='bbox 1264 2023 1362 2067; x_wconf 85' lang='lat'>687).</span> 
     </span>
    </p>

    <p class='ocr_par' dir='ltr' id='par_1_47' title="bbox 783 2075 1956 2173">
     <span class='ocr_line' id='line_1_73' title="bbox 783 2075 1956 2121; baseline -0.002 -10"><span class='ocrx_word' id='word_1_266' title='bbox 783 2076 819 2110; x_wconf 87' lang='lat' dir='ltr'><em>C.</em></span> <span class='ocrx_word' id='word_1_267' title='bbox 847 2075 1027 2111; x_wconf 82' lang='lat' dir='ltr'>Monachii</span> <span class='ocrx_word' id='word_1_268' title='bbox 1052 2077 1239 2121; x_wconf 79' lang='lat' dir='ltr'>perquirit,</span> <span class='ocrx_word' id='word_1_269' title='bbox 1270 2088 1355 2110; x_wconf 83' lang='lat' dir='ltr'><em>num</em></span> <span class='ocrx_word' id='word_1_270' title='bbox 1382 2076 1420 2110; x_wconf 88' lang='lat' dir='ltr'><em>P.</em></span> <span class='ocrx_word' id='word_1_271' title='bbox 1449 2075 1707 2110; x_wconf 80' lang='lat' dir='ltr'><em>Stevordianus</em></span> <span class='ocrx_word' id='word_1_272' title='bbox 1734 2075 1956 2110; x_wconf 85' lang='lat' dir='ltr'>contionator</span> 
     </span>
     <span class='ocr_line' id='line_1_74' title="bbox 842 2129 1364 2173; baseline 0 -10"><span class='ocrx_word' id='word_1_273' title='bbox 842 2131 890 2164; x_wconf 84' lang='lat' dir='ltr'><em>sit</em></span> <span class='ocrx_word' id='word_1_274' title='bbox 916 2141 956 2163; x_wconf 89' lang='lat' dir='ltr'>eo</span> <span class='ocrx_word' id='word_1_275' title='bbox 983 2130 1220 2164; x_wconf 82' lang='lat' dir='ltr'><em>remittendus</em></span> <span class='ocrx_word' id='word_1_276' title='bbox 1249 2129 1364 2173; x_wconf 84' lang='lat'>(389).</span> 
     </span>
    </p>

    <p class='ocr_par' dir='ltr' id='par_1_48' title="bbox 787 2181 1955 2333">
     <span class='ocr_line' id='line_1_75' title="bbox 787 2181 1955 2227; baseline -0.002 -10"><span class='ocrx_word' id='word_1_277' title='bbox 787 2183 821 2217; x_wconf 86' lang='lat' dir='ltr'><em>C.</em></span> <span class='ocrx_word' id='word_1_278' title='bbox 838 2184 1000 2227; x_wconf 69' lang='lat' dir='ltr'><em>„Parc-us</em></span> <span class='ocrx_word' id='word_1_279' title='bbox 1017 2184 1254 2217; x_wconf 76' lang='lat' dir='ltr'><em>Cateehismus</em></span> <span class='ocrx_word' id='word_1_280' title='bbox 1273 2181 1557 2217; x_wconf 51' lang='lat' dir='ltr'><em>Cathole&#39;corumss</em></span> <span class='ocrx_word' id='word_1_281' title='bbox 1575 2184 1701 2226; x_wconf 67' lang='lat' dir='ltr'><em>yalle&#39;ce</em></span> <span class='ocrx_word' id='word_1_282' title='bbox 1718 2194 1837 2216; x_wconf 82' lang='lat' dir='ltr'><em>versus</em></span> <span class='ocrx_word' id='word_1_283' title='bbox 1850 2184 1955 2216; x_wconf 87' lang='lat' dir='ltr'>Roto-</span> 
     </span>
     <span class='ocr_line' id='line_1_76' title="bbox 841 2237 1954 2281; baseline 0 -12"><span class='ocrx_word' id='word_1_284' title='bbox 841 2240 937 2281; x_wconf 61' lang='lat' dir='ltr'><em>may!</em></span> <span class='ocrx_word' id='word_1_285' title='bbox 962 2249 983 2269; x_wconf 90' lang='lat' dir='ltr'><em>a</em></span> <span class='ocrx_word' id='word_1_286' title='bbox 1003 2238 1042 2271; x_wconf 84' lang='lat' dir='ltr'><em>P.</em></span> <span class='ocrx_word' id='word_1_287' title='bbox 1064 2238 1247 2271; x_wconf 72' lang='lat' dir='ltr'><em>Possevino</em></span> <span class='ocrx_word' id='word_1_288' title='bbox 1274 2238 1475 2280; x_wconf 72' lang='lat' dir='ltr'><em>explicatur</em></span> <span class='ocrx_word' id='word_1_289' title='bbox 1500 2242 1540 2280; x_wconf 74' lang='lat' dir='ltr'><em>et,</em></span> <span class='ocrx_word' id='word_1_290' title='bbox 1569 2242 1605 2270; x_wconf 85' lang='lat' dir='ltr'><em>ut</em></span> <span class='ocrx_word' id='word_1_291' title='bbox 1624 2237 1773 2279; x_wconf 80' lang='lat' dir='ltr'><em>videtur,</em></span> <span class='ocrx_word' id='word_1_292' title='bbox 1800 2237 1954 2270; x_wconf 78' lang='lat' dir='ltr'><em>Parisiis</em></span> 
     </span>
     <span class='ocr_line' id='line_1_77' title="bbox 841 2289 1328 2333; baseline 0.002 -10"><span class='ocrx_word' id='word_1_293' title='bbox 841 2302 970 2324; x_wconf 82' lang='lat' dir='ltr'><em>rursus</em></span> <span class='ocrx_word' id='word_1_294' title='bbox 996 2292 1187 2324; x_wconf 66' lang='lat' dir='ltr'><em>excuditur</em></span> <span class='ocrx_word' id='word_1_295' title='bbox 1213 2289 1328 2333; x_wconf 87' lang='lat'>(698).</span> 
     </span>
    </p>

    <p class='ocr_par' dir='ltr' id='par_1_49' title="bbox 783 2341 1955 2493">
     <span class='ocr_line' id='line_1_78' title="bbox 783 2341 1954 2388; baseline -0.002 -11"><span class='ocrx_word' id='word_1_296' title='bbox 783 2342 820 2377; x_wconf 84' lang='lat' dir='ltr'><em>C.</em></span> <span class='ocrx_word' id='word_1_297' title='bbox 840 2342 1030 2388; x_wconf 75' lang='lat' dir='ltr'><em>Augustae</em></span> <span class='ocrx_word' id='word_1_298' title='bbox 1050 2345 1189 2377; x_wconf 79' lang='lat' dir='ltr'><em>Annam</em></span> <span class='ocrx_word' id='word_1_299' title='bbox 1211 2344 1253 2377; x_wconf 87' lang='lat' dir='ltr'><em>de</em></span> <span class='ocrx_word' id='word_1_300' title='bbox 1271 2343 1505 2377; x_wconf 85' lang='lat' dir='ltr'><em>Bernhausen</em></span> <span class='ocrx_word' id='word_1_301' title='bbox 1524 2354 1544 2377; x_wconf 87' lang='lat' dir='ltr'><em>a</em></span> <span class='ocrx_word' id='word_1_302' title='bbox 1564 2344 1583 2377; x_wconf 79' lang='lat'><strong>3</strong></span> <span class='ocrx_word' id='word_1_303' title='bbox 1601 2342 1706 2377; x_wconf 83' lang='lat' dir='ltr'>novis</span> <span class='ocrx_word' id='word_1_304' title='bbox 1724 2341 1954 2376; x_wconf 86' lang='lat' dir='ltr'><em>daemonibus</em></span> 
     </span>
     <span class='ocr_line' id='line_1_79' title="bbox 843 2394 1955 2442; baseline -0.001 -12"><span class='ocrx_word' id='word_1_305' title='bbox 843 2397 1027 2431; x_wconf 75' lang='lat' dir='ltr'><em>obsessam</em></span> <span class='ocrx_word' id='word_1_306' title='bbox 1062 2408 1126 2442; x_wconf 84' lang='lat' dir='ltr'><em>per</em></span> <span class='ocrx_word' id='word_1_307' title='bbox 1162 2397 1382 2431; x_wconf 82' lang='lat' dir='ltr'>exorcismos</span> <span class='ocrx_word' id='word_1_308' title='bbox 1416 2396 1546 2430; x_wconf 85' lang='lat' dir='ltr'>liberat</span> <span class='ocrx_word' id='word_1_309' title='bbox 1582 2396 1639 2440; x_wconf 86' lang='lat' dir='ltr'><em>(ut</em></span> <span class='ocrx_word' id='word_1_310' title='bbox 1674 2395 1831 2439; x_wconf 81' lang='lat' dir='ltr'><em>videtur)</em></span> <span class='ocrx_word' id='word_1_311' title='bbox 1871 2394 1955 2438; x_wconf 84' lang='lat'>(400</span> 
     </span>
     <span class='ocr_line' id='line_1_80' title="bbox 843 2451 941 2493; baseline -0.01 -8"><span class='ocrx_word' id='word_1_312' title='bbox 843 2451 941 2493; x_wconf 84' lang='lat'>649).</span> 
     </span>
    </p>

    <p class='ocr_par' dir='ltr' id='par_1_50' title="bbox 781 2501 1953 2600">
     <span class='ocr_line' id='line_1_81' title="bbox 781 2501 1953 2548; baseline -0.002 -11"><span class='ocrx_word' id='word_1_313' title='bbox 781 2501 953 2547; x_wconf 74' lang='lat' dir='ltr'>Dilingae</span> <span class='ocrx_word' id='word_1_314' title='bbox 978 2503 1014 2537; x_wconf 85' lang='lat' dir='ltr'>in</span> <span class='ocrx_word' id='word_1_315' title='bbox 1041 2504 1194 2546; x_wconf 81' lang='lat' dir='ltr'>gratiam</span> <span class='ocrx_word' id='word_1_316' title='bbox 1220 2503 1260 2537; x_wconf 89' lang='lat' dir='ltr'><em>P.</em></span> <span class='ocrx_word' id='word_1_317' title='bbox 1281 2503 1450 2548; x_wconf 82' lang='lat' dir='ltr'><em>Casparis</em></span> <span class='ocrx_word' id='word_1_318' title='bbox 1476 2503 1631 2537; x_wconf 86' lang='lat' dir='ltr'>Haivodi</span> <span class='ocrx_word' id='word_1_319' title='bbox 1657 2502 1691 2536; x_wconf 80' lang='lat' dir='ltr'><em>S.</em></span> <span class='ocrx_word' id='word_1_320' title='bbox 1713 2502 1755 2543; x_wconf 65' lang='lat' dir='ltr'><em>J„</em></span> <span class='ocrx_word' id='word_1_321' title='bbox 1782 2501 1953 2546; x_wconf 82' lang='lat' dir='ltr'>postridie</span> 
     </span>
     <span class='ocr_line' id='line_1_82' title="bbox 843 2555 1909 2600; baseline -0.002 -10"><span class='ocrx_word' id='word_1_322' title='bbox 843 2557 999 2591; x_wconf 82' lang='lat' dir='ltr'>doctoris</span> <span class='ocrx_word' id='word_1_323' title='bbox 1024 2557 1229 2600; x_wconf 84' lang='lat' dir='ltr'>theologiae</span> <span class='ocrx_word' id='word_1_324' title='bbox 1256 2557 1410 2599; x_wconf 80' lang='lat' dir='ltr'><em>creandi,</em></span> <span class='ocrx_word' id='word_1_325' title='bbox 1437 2557 1633 2591; x_wconf 81' lang='lat' dir='ltr'>orationem</span> <span class='ocrx_word' id='word_1_326' title='bbox 1661 2555 1769 2590; x_wconf 85' lang='lat' dir='ltr'><em>habet</em></span> <span class='ocrx_word' id='word_1_327' title='bbox 1794 2555 1909 2598; x_wconf 87' lang='lat'>(541).</span> 
     </span>
    </p>

    <p class='ocr_par' dir='ltr' id='par_1_51' title="bbox 782 2614 1312 2662">
     <span class='ocr_line' id='line_1_83' title="bbox 782 2614 1312 2662; baseline -0.002 -11"><span class='ocrx_word' id='word_1_328' title='bbox 782 2614 973 2662; x_wconf 73' lang='lat' dir='ltr'><em>Augustae</em></span> <span class='ocrx_word' id='word_1_329' title='bbox 1000 2619 1168 2651; x_wconf 82' lang='lat' dir='ltr'><em>versatur</em></span> <span class='ocrx_word' id='word_1_330' title='bbox 1195 2617 1312 2660; x_wconf 87' lang='lat'>(399).</span> 
     </span>
    </p>

    <p class='ocr_par' dir='ltr' id='par_1_52' title="bbox 783 2675 1957 2879">
     <span class='ocr_line' id='line_1_84' title="bbox 783 2675 1957 2719; baseline -0.003 -9"><span class='ocrx_word' id='word_1_331' title='bbox 783 2677 833 2711; x_wconf 88' lang='lat' dir='ltr'><em>M.</em></span> <span class='ocrx_word' id='word_1_332' title='bbox 859 2677 910 2710; x_wconf 88' lang='lat' dir='ltr'>Io.</span> <span class='ocrx_word' id='word_1_333' title='bbox 943 2677 1135 2719; x_wconf 75' lang='lat' dir='ltr'><em>Gnypheus</em></span> <span class='ocrx_word' id='word_1_334' title='bbox 1170 2678 1371 2719; x_wconf 68' lang='lat' dir='ltr'><em>(Auynstae</em></span> <span class='ocrx_word' id='word_1_335' title='bbox 1383 2676 1418 2716; x_wconf 78' lang='lat'><em>?)</em></span> <span class='ocrx_word' id='word_1_336' title='bbox 1463 2677 1713 2718; x_wconf 78' lang='lat' dir='ltr'><em>refutationem</em></span> <span class='ocrx_word' id='word_1_337' title='bbox 1758 2675 1957 2707; x_wconf 75' lang='lat' dir='ltr'><em>catechismi</em></span> 
     </span>
     <span class='ocr_line' id='line_1_85' title="bbox 842 2728 1955 2773; baseline -0.004 -10"><span class='ocrx_word' id='word_1_338' title='bbox 842 2731 1021 2763; x_wconf 68' lang='lat' dir='ltr'><em>camisiam?</em></span> <span class='ocrx_word' id='word_1_339' title='bbox 1055 2731 1124 2763; x_wconf 77' lang='lat' dir='ltr'><em>edu</em></span> <span class='ocrx_word' id='word_1_340' title='bbox 1157 2731 1332 2773; x_wconf 71' lang='lat' dir='ltr'><em>simulque</em></span> <span class='ocrx_word' id='word_1_341' title='bbox 1366 2730 1535 2762; x_wconf 79' lang='lat' dir='ltr'><em>adversus</em></span> <span class='ocrx_word' id='word_1_342' title='bbox 1563 2728 1747 2762; x_wconf 66' lang='lat' dir='ltr'><em>canisium</em></span> <span class='ocrx_word' id='word_1_343' title='bbox 1782 2732 1813 2760; x_wconf 83' lang='lat' dir='ltr'><em>et</em></span> <span class='ocrx_word' id='word_1_344' title='bbox 1841 2728 1955 2761; x_wconf 80' lang='lat' dir='ltr'><em>sedem</em></span> 
     </span>
     <span class='ocr_line' id='line_1_86' title="bbox 841 2779 1955 2828; baseline -0.002 -13"><span class='ocrx_word' id='word_1_345' title='bbox 841 2794 1028 2816; x_wconf 79' lang='lat' dir='ltr'><em>romanam</em></span> <span class='ocrx_word' id='word_1_346' title='bbox 1057 2785 1124 2816; x_wconf 83' lang='lat'><em>100</em></span> <span class='ocrx_word' id='word_1_347' title='bbox 1147 2783 1254 2816; x_wconf 78' lang='lat' dir='ltr'><em>theses</em></span> <span class='ocrx_word' id='word_1_348' title='bbox 1280 2788 1310 2816; x_wconf 85' lang='lat' dir='ltr'><em>et</em></span> <span class='ocrx_word' id='word_1_349' title='bbox 1329 2784 1494 2828; x_wconf 75' lang='lat' dir='ltr'><em>„missam</em></span> <span class='ocrx_word' id='word_1_350' title='bbox 1520 2779 1783 2825; x_wconf 75' lang='lat' dir='ltr'><em>apostolortmz“</em></span> <span class='ocrx_word' id='word_1_351' title='bbox 1803 2785 1862 2814; x_wconf 85' lang='lat' dir='ltr'><em>etc.</em></span> <span class='ocrx_word' id='word_1_352' title='bbox 1880 2781 1955 2813; x_wconf 83' lang='lat' dir='ltr'><em>vul-</em></span> 
     </span>
     <span class='ocr_line' id='line_1_87' title="bbox 838 2835 1039 2879; baseline 0.005 -11"><span class='ocrx_word' id='word_1_353' title='bbox 838 2841 899 2878; x_wconf 71' lang='lat' dir='ltr'><em>¹qat</em></span> <span class='ocrx_word' id='word_1_354' title='bbox 926 2835 1039 2879; x_wconf 87' lang='grc'>(698).</span> 
     </span>
    </p>

    <p class='ocr_par' dir='ltr' id='par_1_53' title="bbox 782 2892 1952 2991">
     <span class='ocr_line' id='line_1_88' title="bbox 782 2892 1952 2939; baseline -0.001 -11"><span class='ocrx_word' id='word_1_355' title='bbox 782 2894 820 2928; x_wconf 87' lang='lat' dir='ltr'><em>C.</em></span> <span class='ocrx_word' id='word_1_356' title='bbox 853 2893 1039 2939; x_wconf 82' lang='lat' dir='ltr'>Dilingalu</span> <span class='ocrx_word' id='word_1_357' title='bbox 1074 2895 1271 2928; x_wconf 79' lang='lat' dir='ltr'><em>revertitur</em></span> <span class='ocrx_word' id='word_1_358' title='bbox 1306 2894 1349 2928; x_wconf 85' lang='lat' dir='ltr'><em>ad</em></span> <span class='ocrx_word' id='word_1_359' title='bbox 1384 2893 1513 2928; x_wconf 88' lang='lat' dir='ltr'>librum</span> <span class='ocrx_word' id='word_1_360' title='bbox 1553 2893 1728 2927; x_wconf 82' lang='lat' dir='ltr'><em>adversus</em></span> <span class='ocrx_word' id='word_1_361' title='bbox 1765 2892 1952 2927; x_wconf 83' lang='lat' dir='ltr'><em>Centurias</em></span> 
     </span>
     <span class='ocr_line' id='line_1_89' title="bbox 841 2947 1340 2991; baseline 0 -10"><span class='ocrx_word' id='word_1_362' title='bbox 841 2947 1101 2982; x_wconf 81' lang='lat' dir='ltr'><em>absolvendum</em></span> <span class='ocrx_word' id='word_1_363' title='bbox 1131 2948 1214 2990; x_wconf 85' lang='lat'>(399</span> <span class='ocrx_word' id='word_1_364' title='bbox 1241 2948 1340 2991; x_wconf 88' lang='grc'>401).</span> 
     </span>
    </p>
   </div>
   <div class='ocr_carea' id='block_1_40' title="bbox 786 3006 1953 3156">
    <p class='ocr_par' dir='ltr' id='par_1_54' title="bbox 786 3006 1953 3156">
     <span class='ocr_line' id='line_1_90' title="bbox 786 3006 1953 3051; baseline -0.001 -11"><span class='ocrx_word' id='word_1_365' title='bbox 786 3007 821 3040; x_wconf 88' lang='lat' dir='ltr'><em>C&#39;.</em></span> <span class='ocrx_word' id='word_1_366' title='bbox 850 3012 977 3049; x_wconf 76' lang='lat' dir='ltr'><em>royatu</em></span> <span class='ocrx_word' id='word_1_367' title='bbox 1004 3007 1047 3041; x_wconf 84' lang='lat' dir='ltr'><em>ab</em></span> <span class='ocrx_word' id='word_1_368' title='bbox 1074 3009 1225 3050; x_wconf 86' lang='lat' dir='ltr'>Hoffaeo</span> <span class='ocrx_word' id='word_1_369' title='bbox 1247 3008 1466 3051; x_wconf 72' lang='lat' dir='ltr'><em>provinciali</em></span> <span class='ocrx_word' id='word_1_370' title='bbox 1490 3007 1528 3040; x_wconf 90' lang='lat' dir='ltr'><em>P.</em></span> <span class='ocrx_word' id='word_1_371' title='bbox 1552 3007 1737 3040; x_wconf 78' lang='lat' dir='ltr'><em>Guisanus</em></span> <span class='ocrx_word' id='word_1_372' title='bbox 1762 3006 1953 3039; x_wconf 76' lang='lat' dir='ltr'>Monaclu‘o</span> 
     </span>
     <span class='ocr_line' id='line_1_91' title="bbox 842 3060 1950 3104; baseline -0.002 -10"><span class='ocrx_word' id='word_1_373' title='bbox 842 3062 1029 3104; x_wconf 71' lang='lat' dir='ltr'><em>Dilinyam</em></span> <span class='ocrx_word' id='word_1_374' title='bbox 1065 3063 1230 3104; x_wconf 75' lang='lat' dir='ltr'><em>mittitur,</em></span> <span class='ocrx_word' id='word_1_375' title='bbox 1266 3066 1304 3094; x_wconf 82' lang='lat' dir='ltr'><em>ut</em></span> <span class='ocrx_word' id='word_1_376' title='bbox 1340 3063 1439 3102; x_wconf 81' lang='lat' dir='ltr'><em>(cum</em></span> <span class='ocrx_word' id='word_1_377' title='bbox 1466 3060 1504 3094; x_wconf 82' lang='lat' dir='ltr'><em>P.</em></span> <span class='ocrx_word' id='word_1_378' title='bbox 1523 3061 1699 3101; x_wconf 82' lang='lat' dir='ltr'><em>Rastello)</em></span> <span class='ocrx_word' id='word_1_379' title='bbox 1730 3060 1766 3095; x_wconf 82' lang='lat' dir='ltr'><em>C.</em></span> <span class='ocrx_word' id='word_1_380' title='bbox 1793 3062 1832 3093; x_wconf 43' lang='lat' dir='ltr'><em>&#39;in</em></span> <span class='ocrx_word' id='word_1_381' title='bbox 1865 3060 1950 3093; x_wconf 82' lang='lat' dir='ltr'><em>scri-</em></span> 
     </span>
     <span class='ocr_line' id='line_1_92' title="bbox 842 3112 1579 3156; baseline 0.001 -10"><span class='ocrx_word' id='word_1_382' title='bbox 842 3115 951 3146; x_wconf 79' lang='lat' dir='ltr'>bendo</span> <span class='ocrx_word' id='word_1_383' title='bbox 978 3118 1101 3147; x_wconf 81' lang='lat' dir='ltr'><em>contra</em></span> <span class='ocrx_word' id='word_1_384' title='bbox 1132 3114 1320 3147; x_wconf 76' lang='lat' dir='ltr'><em>Centurt&#39;as</em></span> <span class='ocrx_word' id='word_1_385' title='bbox 1345 3115 1436 3147; x_wconf 72' lang='lat' dir='ltr'><em>iuret</em></span> <span class='ocrx_word' id='word_1_386' title='bbox 1465 3112 1579 3156; x_wconf 84' lang='lat'>(701).</span> 
     </span>
    </p>
   </div>
  </div>
 </body>
</html>
