2044 3335
115 104 199 146 618
572 104 665 137 Mon.
695 104 762 138 985
788 104 865 138 sive
891 115 966 138 oen.
989 104 1079 148 (13).
1122 105 1178 141 20.
1198 105 1283 140 Maii
1311 106 1412 142 1568.

113 219 149 253 111
176 219 314 258 Codice,
342 230 448 262 quem
472 230 583 263 supra
609 218 683 252 dixi
711 219 759 261 (n.
788 219 860 263 62),
887 219 978 254 hanc
1005 220 1197 265 epistulam
1230 222 1448 256 antecedunt
1481 222 1622 258 litterae
1657 224 1874 270 archetypas

113 283 134 306 a
161 272 381 305 Ferdinando
409 271 451 304 II.
479 271 668 305 archiduce
703 272 747 306 ad
774 272 941 316 Borgiam
978 273 1009 307 8.
1036 273 1220 308 Februarii
1249 275 1381 317 „1568“
1413 275 1527 317 datae,
1563 287 1653 320 quas
1687 289 1758 311 una
1793 290 1874 313 cum

112 324 179 359 1130
198 324 435 367 Magdalenae
462 324 616 369 epistula
633 324 783 359 Romam
801 326 931 361 missas
954 337 1033 360 esse
1051 329 1187 361 certum
1205 330 1272 362 est.
1306 329 1426 372 Atque
1451 329 1495 362 ad
1514 332 1705 364 exeuntem
1731 342 1762 365 a.
1784 331 1874 366 1567

112 379 149 411 et
174 378 354 411 ineuntem
384 377 475 411 1568
501 380 669 423 spectant
695 379 803 413 etiam
829 391 882 420 ea,
908 391 1000 423 quae
1026 380 1061 413 in
1088 380 1322 424 Magdalenae
1349 381 1505 426 epistula
1532 383 1708 418 dicuntur.

113 503 220 540 985
257 505 335 539 sive
371 514 490 540 oen.
529 504 658 551 (13).
758 505 1062 543 SANCTUS
1098 506 1525 546 FRANCISCUS
1561 508 1872 548 BORGIAS

299 558 526 603 praepositus
538 559 717 602 generalis
732 559 921 594 Societatis
936 560 1017 594 Iesu
1031 560 1237 595 Venerabili
1252 561 1585 597 MAGDALENAE
1601 565 1636 598 et
1650 564 1873 599 HELENAE

300 611 493 654 sororibus,
521 612 777 648 archiducissis
803 613 982 648 Austriae.
1396 614 1509 650 Roma
1534 617 1591 651 20.
1609 617 1696 651 Maii
1724 618 1825 653 1568.

229 669 284 704 Ex
312 672 575 713 commentario,
602 672 695 716 quod
722 673 765 707 ab
795 672 917 716 ignoto
943 673 1128 717 scriptum,
1165 685 1185 707 a
1210 673 1251 708 P.
1278 673 1408 708 Ioanne
1435 675 1477 709 de
1503 675 1658 710 Polanco
1685 676 1874 712 Societatis

108 724 303 758 secretario
330 725 556 759 emendatum
583 728 655 766 est;
684 726 719 760 in
737 727 898 769 margine
916 737 1023 760 manu
1049 725 1185 760 librarii
1210 729 1373 761 notatum
1398 730 1471 762 est:
1502 729 1671 774 „Ispruch
1690 728 1875 772 Reginis“.

111 775 229 811 Germ.
250 777 293 811 67
320 777 344 811 f.
366 778 458 812 142³.
511 778 697 823 Epistulae
723 790 898 813 summam
924 779 1044 824 posuit
1069 780 1187 824 Duhr,
1215 779 1290 815 Jes.
1317 791 1361 814 an
1388 780 1577 816 Fiirstenh.
1605 782 1660 816 79.

234 837 454 879 Censes-sarii
481 838 518 871 in
541 843 720 881 postermn
738 850 872 882 quoque
897 839 984 882 ipsis
1010 840 1259 873 conceduntur.
1295 840 1348 874 De
1365 840 1466 874 domo
1487 841 1712 884 probationis
1736 842 1875 876 halensi

114 889 282 923 Canisius
306 891 357 923 vel
382 891 545 925 Lanoius
570 896 656 935 (tyet.

351 956 663 1000 Serenissimae
695 957 904 1000 Dominae
936 957 979 999 in
1012 957 1173 1000 christo
1206 959 1638 1003 obseruandissimae.

228 1026 514 1081 Aegritudine
538 1028 645 1071 satis
669 1028 872 1071 diuturna
894 1030 1141 1083 occupatus,
1176 1029 1325 1072 distuli
1345 1044 1600 1084 responsum
1621 1031 1676 1073 ad
1697 1031 1874 1074 11136135ΞΑ

108 1091 187 1135 00.
210 1092 335 1135 VV.1
357 1107 465 1146 quas
500 1095 546 1135 92}
567 1094 805 1148 Februarij,
839 1094 1084 1148 OEniponti
1116 1094 1171 1136 ad
1196 1108 1264 1136 me
1288 1095 1529 1138 dederant2
1553 1130 1561 1138 .
1585 1097 1872 1150 expectabam

109 1157 240 1200 etiam
264 1160 312 1200 ut
344 1171 454 1210 quae
486 1159 615 1212 paulo
638 1163 741 1202 ante
774 1173 902 1212 quam
934 1159 1011 1201 has
1044 1159 1195 1202 literas
1218 1160 1496 1214 accepissem,
1530 1161 1789 1215 scripseram
1816 1162 1872 1204 ad

107 1222 284 1265 Patrem
329 1222 543 1265 Canisium
562 1225 591 1275 3,
634 1224 730 1267 VV.
772 1224 850 1267 00.
891 1224 1252 1277 significarentur,
1300 1239 1394 1267 cum
1439 1225 1597 1268 ibidem
1640 1226 1762 1268 fereb
1802 1240 1870 1268 re-

107 1301 313 1341 sponsum
345 1288 665 1342 praedictarum
699 1289 925 1331 literarum
958 1289 1267 1342 contineretur,
1300 1290 1385 1332 iam
1419 1293 1564 1333 autern
1597 1291 1667 1332 uel
1698 1305 1776 1345 per
1802 1305 1871 1333 56-

105 1352 279 1407 ipsum4
300 1354 370 1395 uel
402 1367 480 1407 per
512 1354 689 1397 Patrem
710 1355 762 1397 D.
786 1355 1042 1408 Lanoyum5
1064 1358 1252 1397 mentem
1285 1369 1426 1397 meam
1460 1356 1746 1410 explicatam⁰
1774 1369 1870 1398 esse

105 1417 330 1461 existimo:
374 1419 536 1460 nullum
579 1419 766 1462 officium
804 1434 909 1462 sane
950 1420 1062 1473 quod
1103 1420 1294 1463 instituti
1333 1420 1471 1463 nostri
1512 1420 1752 1463 rationibus
1784 1435 1870 1463 non

104 1485 332 1537 repugnet,
375 1484 594 1527 recusabit
631 1485 825 1527 Societas
865 1488 1029 1536 nostra,
1070 1500 1148 1540 pro
1191 1485 1303 1527 uirili
1344 1487 1483 1539 parte,
1526 1485 1601 1528 vtd
1632 1486 1869 1539 gratificari

106 1549 244 1603 possit
285 1552 329 1592 et
366 1549 557 1602 aliquam
598 1550 867 1604 spiritualem
901 1551 1239 1593 consolationem
1272 1551 1445 1593 adferre
1478 1551 1554 1593 00.
1589 1551 1683 1594 VV.
1747 1551 1868 1601 Quod

104 1627 209 1667 ergo
242 1614 402 1657 attinet
434 1615 488 1656 ad
531 1616 637 1657 duos
668 1615 766 1657 illos
798 1615 1100 1666 confessarios,
1143 1630 1323 1669 quorum
1358 1629 1490 1670 opera
1521 1616 1732 1658 hactenus
1763 1630 1868 1658 usae

103 1681 206 1721 sunt
220 1680 248 1730 ⁶,
282 1679 427 1733 placet
458 1680 561 1722 1111111
588 1684 636 1723 ut
660 1681 903 1735 OEniponti
925 1682 994 1723 uel
1018 1681 1170 1732 Halae,
1205 1681 1337 1723 etiam
1359 1681 1403 1723 in
1426 1683 1685 1735 posterum0‚
1710 1695 1768 1724 cc.
1793 1695 1866 1724 vv.

104 1743 169 1785 eis
200 1747 393 1795 utantur,
437 1745 508 1798 qui
549 1746 720 1799 quidem
757 1746 824 1788 inf
851 1746 978 1788 rebus
1009 1746 1107 1797 illis,
1151 1746 1303 1799 quibus
1336 1747 1449 1788 solet
1489 1749 1640 1789 nostra
1673 1746 1868 1789 Societas

104 1809 345 1851 animarum
377 1810 621 1864 profectum
643 1811 806 1861 iuuare,
841 1826 966 1853 omne
989 1811 1238 1865 obsequium
1262 1811 1337 1854 00.
1361 1811 1456 1854 VV.
1483 1811 1748 1866 impendant.
1802 1812 1867 1854 Dc

105 1874 231 1917 domo
255 1878 400 1917 autem
432 1876 700 1929 probationis
713 1877 742 1927 7,
776 1880 844 1920 etg
864 1876 918 1931 ijs
950 1891 1060 1930 quae
1086 1877 1140 1919 ad
1173 1876 1470 1919 fundationem
1492 1877 1610 1918 illam
1632 1876 1865 1931 pertinent,

104 1953 178 1981 ore
209 1942 336 1982 tenus
369 1940 501 1982 Pater
533 1941 815 1984 Prouincialis
838 1941 1071 1993 Canisiush,
1106 1942 1175 1984 uel
1206 1942 1339 1984 Pater
1370 1942 1572 1995 Lanoyus
1604 1945 1738 1995 agent
1770 1956 1865 1983 cum

103 2004 181 2047 00.
215 2005 310 2047 VV.
357 2005 453 2047 ideo
494 2020 581 2048 non
621 2007 814 2061 pluribus
854 2007 923 2049 hic
963 2006 1123 2060 agam¹,
1166 2007 1242 2048 sed
1282 2020 1436 2061 precor
1476 2008 1615 2048 Deum
1656 2007 1865 2048 bonorum

102 2069 288 2111 omnium
317 2070 544 2112 authorem
556 2071 584 2122 ¹³,
617 2072 661 2113 in
683 2086 761 2114 sua
792 2071 1063 2126 protectione
1086 2085 1257 2126 semper
1289 2072 1461 2123 habeat,
1496 2074 1540 2114 et
1568 2071 1864 2126 spiritualibus

104 2134 228 2177 donis
261 2137 424 2189 augeat
454 2135 605 2180 indies.
727 2137 891 2179 Romae
924 2139 993 2180 20.
1028 2136 1129 2190 Maij
1155 2171 1163 2179 .
1190 2137 1316 2179 1568.

222 2204 287 2238 His
321 2204 453 2239 litteris
482 2206 518 2240 S.
545 2207 764 2240 Franciscus
788 2208 943 2249 Boo-yrias
977 2206 1140 2240 adiunxit
1174 2206 1394 2251 *epistulam
1429 2206 1542 2240 Roma
1576 2207 1633 2241 21.
1659 2206 1747 2241 Maii
1775 2206 1866 2241 1568

102 2257 147 2291 ad
173 2257 436 2292 Ferdinandum
462 2258 505 2293 II.
533 2259 761 2293 archiducem
796 2262 832 2293 et
857 2259 987 2293 Tirolis
1023 2259 1218 2304 principem
1254 2271 1274 2293 a
1300 2271 1338 2294 se
1369 2259 1509 2300 datam;
1545 2259 1582 2293 in
1617 2271 1706 2304 qua:
1746 2258 1865 2302 „Quae

102 2310 251 2352 literis“,
277 2311 403 2355 inquit,
443 2313 538 2354 „suis
574 2315 610 2346 et
643 2312 763 2347 uerbis
797 2312 1098 2347 Reuerendissimi
1126 2312 1326 2347 Cardinalis
1353 2313 1606 2347 Commendoni
1640 2312 1727 2347 mihi
1755 2312 1866 2356 signi-

101 2363 227 2398 ficauit
253 2364 302 2399 .0.
318 2364 361 2398 V.
388 2365 456 2399 sibi
481 2368 586 2409 grata
612 2366 733 2400 futura
759 2377 849 2406 esse,
876 2366 910 2400 in
937 2366 1090 2410 gratiam
1120 2367 1431 2400 serenissimarum
1465 2377 1635 2408 sororum,
1672 2377 1714 2400 ea
1739 2368 1865 2400 curata

101 2417 172 2451 iam
198 2420 283 2451 sunt
308 2429 329 2451 a
354 2429 421 2459 me,
448 2446 455 2452 .
476 2445 483 2452 .
504 2446 511 2452 .
530 2419 695 2463 quamuis
721 2419 805 2463 quid
832 2431 897 2462 ego
920 2419 1083 2461 sentiam,
1110 2431 1155 2453 ex
1173 2420 1282 2453 Patre
1301 2419 1342 2454 D.
1362 2420 1470 2453 Petro
1489 2419 1640 2460 Canisio,
1666 2419 1725 2453 uel
1743 2419 1785 2454 D.
1803 2418 1863 2453 Ni-

100 2470 200 2504 colao
236 2471 396 2516 Lanoyo,
431 2471 537 2507 facile
571 2472 643 2506 iam
676 2472 713 2506 0.
738 2472 780 2506 V.
807 2472 1009 2516 intelligere
1044 2473 1212 2518 potuerit.
1263 2473 1373 2518 Spero
1409 2474 1600 2517 antequam
1635 2472 1702 2506 hae
1737 2472 1863 2506 literae

102 2522 350 2568 OEnipontum
369 2525 590 2569 perueniant,
613 2526 718 2569 (quas
736 2525 779 2559 ob
798 2526 1059 2568 aegritudinem
1078 2526 1219 2560 differre
1237 2525 1409 2571 oportuit)
1431 2525 1686 2560 Serenissimas
1704 2525 1863 2569 Reginae

220 2588 248 2619 a)
270 2590 303 2613 In
324 2596 420 2614 comm.
440 2590 574 2621 sequitur
592 2589 667 2620 AA„
686 2590 776 2614 omitt.
844 2588 873 2617 1))
894 2591 954 2614 Hoc
973 2599 997 2615 v.
1018 2592 1048 2621 (a
1069 2591 1192 2615 Polanco
1202 2590 1223 2617 ?)
1244 2598 1336 2621 supra
1357 2598 1472 2615 versum
1490 2590 1632 2622 scriptum
1651 2593 1700 2615 est.
1768 2590 1794 2622 0)
1815 2591 1863 2617 Ita

101 2629 162 2654 Pol.
181 2631 309 2654 correxit
328 2638 364 2655 ex
381 2629 591 2662 significatam.
665 2629 694 2662 d)
716 2632 742 2656 A
762 2632 822 2656 Pol.
843 2640 916 2656 corr.
937 2640 973 2657 eat
992 2631 1047 2657 cui.
1120 2634 1147 2663 e)
1172 2633 1243 2656 Tria
1263 2640 1305 2656 vv.
1319 2640 1377 2663 sqq.
1392 2640 1410 2656 α
1430 2632 1490 2658 Pol.
1503 2639 1595 2663 supra
1616 2639 1729 2657 versum
1748 2632 1862 2664 scripta

101 2674 177 2695 sum.
253 2670 280 2702 s)
301 2672 348 2696 Ita
368 2673 429 2698 Pol.
449 2673 577 2697 correxit
596 2680 634 2697 ex
653 2672 704 2705 qui
724 2673 762 2698 in.
820 2694 821 2697 ,
841 2673 871 2704 g)
892 2674 1031 2705 Sequitur
1050 2672 1119 2704 illis,
1139 2674 1229 2699 omitt.
1308 2672 1339 2704 h)
1361 2672 1487 2698 Cansius
1507 2681 1603 2698 comm.
1683 2672 1703 2706 i)
1724 2673 1863 2705 Sequitur

100 2717 158 2741 nie,
177 2713 265 2737 omitt.
337 2711 370 2744 k)
391 2714 447 2738 Hic
465 2714 629 2745 supplenda
649 2722 709 2739 esse
730 2714 867 2739 ridentur
887 2723 927 2739 vr.
948 2713 983 2739 ut
1002 2713 1056 2740 CC.
1075 2713 1139 2740 VV.
1160 2716 1203 2739 vel
1222 2714 1256 2739 ut
1276 2713 1397 2739 easdem
1417 2715 1460 2739 vel
1479 2715 1599 2739 similia.

227 2820 234 2838 ¹
262 2818 522 2854 Celsitudinum
549 2820 771 2855 Vestrarum.
917 2821 930 2841 2
956 2821 1032 2856 Has
1058 2833 1092 2856 v.
1121 2832 1240 2866 supra,
1266 2833 1359 2855 mon.
1379 2821 1459 2856 984.

221 2872 232 2890 ³
258 2871 349 2905 Vide
374 2883 483 2917 supra
510 2885 542 2917 p.
563 2874 641 2908 169.

219 2925 230 2943 ⁴
259 2923 422 2958 Canisius
448 2925 480 2959 d.
508 2926 563 2960 24.
590 2926 676 2960 Maii
704 2927 794 2962 1568
821 2926 1019 2972 Oeniponte
1044 2927 1157 2962 fuisse
1182 2926 1342 2968 videtur;
1370 2939 1404 2962 V.
1431 2938 1539 2972 supra
1565 2939 1598 2972 p.
1618 2927 1697 2962 574.

219 2976 232 2994 ⁵
259 2975 408 3019 Collegii
435 2979 662 3022 oenipontani
687 2982 874 3015 rectorem.

219 3029 231 3047 ⁶
258 3028 328 3062 PP.
355 3029 522 3064 Ioannem
548 3031 718 3076 Dyrsium
745 3035 781 3067 et
807 3032 959 3067 Paulum
986 3033 1262 3068 Hetzcovaeum.

220 3081 232 3101 ⁷
258 3080 371 3114 Halae
397 3093 460 3126 per
485 3083 747 3119 archiducissas
773 3086 973 3127 condenda;
1000 3098 1034 3121 v,
1061 3097 1169 3131 supra
1195 3098 1228 3131 p.
1250 3086 1316 3121 150
1345 3087 1421 3122 170.
