2044 3335
123 120 206 160 378
503 117 604 151 1697.
636 115 801 150 Canisius
827 114 951 149 Ottoni
976 113 1176 150 Truchsess
1202 115 1245 149 de
1271 114 1484 158 Waldburg.

122 234 341 288 negotium
383 233 435 274 ob
477 232 587 274 hanc
620 235 789 275 tantam
822 231 1271 285 procrastinationem,
1315 246 1425 286 quae
1456 232 1499 274 in
1532 231 1746 285 Ordinarij
1781 246 1880 274 con-

121 302 333 352 temptum
357 297 675 349 multorumque
698 296 949 338 scandalum
976 296 1114 350 magis
1136 297 1360 350 magisque
1382 297 1519 339 indies
1541 297 1696 350 uergit.
1740 296 1882 346 Quare

122 361 411 405 constituendi
444 364 543 404 sunt
566 361 882 414 Commissarij³
907 361 1070 412 statim,
1104 365 1152 404 ut
1184 361 1285 403 mihi
1319 362 1501 412 uidetur,
1536 362 1590 404 ad
1621 362 1702 403 hoc
1733 375 1882 403 mona-

122 428 299 470 sterium
332 426 443 469 serio
477 425 754 476 uisitandum,
788 429 837 468 ut
869 426 1044 480 scripsit
1065 426 1279 477 Vicarius,
1313 427 1525 480 simulque
1557 426 1881 481 prouidendum,

121 496 169 535 ut
211 495 362 534 contra
402 491 586 533 rebelles
626 492 735 534 istas
775 491 967 544 religiosi
1007 491 1096 544 iugi
1136 492 1413 546 impatientes
1445 491 1516 534 uia
1548 492 1734 545 quadam
1767 505 1883 533 com-

122 557 345 612 pendiaria
377 556 651 610 procedatur,
685 556 1045 609 quemadmodum
1079 559 1209 598 antea
1240 557 1398 599 monui.

240 622 371 664 Videt
403 635 454 663 ac
487 622 605 664 audit
632 621 845 671 vicarius,
880 635 926 663 se
958 635 1061 663 non
1103 622 1327 675 placere
1369 621 1661 675 satrapisl‚
1703 620 1883 663 multos-

121 701 203 740 que
236 686 440 740 conqueri
473 686 525 728 de
558 701 636 728 sua
667 686 710 727 in
733 686 958 740 puniendis
981 686 1241 728 Clericorum
1265 686 1514 728 excessibus
1536 686 1730 728 lenitate.
1775 685 1884 727 Gra-

120 755 251 795 uatur
268 752 400 795 etiam
418 751 693 794 multitudine
715 751 988 805 negotiorum
1010 751 1054 793 in
1076 754 1260 804 Vtroque
1282 765 1460 793 munere
1481 750 1600 794 tumb
1621 750 1883 800 Vicariatus,

120 820 213 860 tum
238 817 524 859 OfficialatuS.
577 816 718 866 Quare
746 831 833 859 non
864 817 1047 859 moleste
1079 816 1227 867 ferret,
1262 819 1310 859 ut
1343 816 1544 867 arbitror,
1578 816 1615 858 si
1647 815 1884 870 amplitudo

120 886 221 925 tua⁰
253 882 316 924 illi
348 881 616 935 significaret
648 882 700 924 de
733 882 873 924 altero
906 895 1084 923 munere
1116 896 1167 924 ac
1201 895 1331 923 onere
1353 881 1415 923 illi
1438 881 1678 930 adimendo,
1713 895 1807 922 cum
1832 880 1886 922 ad

122 947 311 1001 quietem
343 947 475 989 etiam
508 947 716 988 maiorem
739 946 963 1000 adspirare
986 946 1089 988 mihi
1111 947 1324 989 uideatur.
1368 946 1452 988 Sed
1475 960 1570 988 cum
1592 946 1644 988 D.
1663 944 1886 987 Corneli02

121 1012 398 1056 tractandum
422 1014 538 1054 esset
569 1011 701 1066 prius,
734 1015 782 1054 ut
805 1011 1075 1054 Vicariatum
1108 1012 1151 1053 in
1184 1025 1230 1053 se
1257 1011 1486 1053 transferri
1518 1013 1756 1066 pateretur,
1791 1023 1886 1051 cum

121 1077 305 1132 primum
338 1077 451 1119 alter
482 1076 562 1119 hoc
584 1091 739 1119 munus
761 1077 896 1119 uellet
918 1077 1147 1131 deponere.
1202 1077 1295 1118 Hac
1329 1076 1498 1119 ratione
1530 1076 1681 1118 melius
1714 1074 1886 1128 quidem

122 1142 346 1185 Ecclesiae
378 1141 665 1196 Augustanae
698 1142 1009 1185 consuleretur.

239 1208 309 1249 Ex
340 1207 583 1261 praecipuis
617 1207 886 1249 Officialibus
919 1210 986 1249 est
1008 1207 1387 1258 Poenitentiarius,
1421 1221 1548 1260 quem
1581 1205 1740 1248 diutius
1772 1204 1886 1247 ferre

120 1287 206 1314 non
238 1274 383 1326 potest
414 1272 555 1326 pietas
587 1274 677 1323 tua,
711 1272 792 1314 nisi
815 1286 912 1314 cum
935 1285 1066 1314 onere
1098 1274 1144 1314 et
1174 1272 1364 1327 periculo
1387 1271 1644 1325 grauissimo
1668 1269 1887 1312 eonscien-

121 1338 209 1381 tiae
235 1351 352 1380 suae.
405 1337 592 1380 Miratur
615 1338 667 1380 D.
691 1337 925 1388 Cornelius,
959 1339 1131 1380 tantum
1164 1351 1318 1379 munus
1349 1337 1429 1380 tali
1461 1335 1553 1378 seni
1586 1335 1809 1386 committi,
1844 1337 1887 1376 et

122 1417 226 1445 sane
268 1405 516 1456 praestaret
556 1403 721 1444 nullum
763 1417 893 1456 quam
934 1416 1112 1457 prorsus
1148 1402 1343 1457 ineptum
1375 1415 1471 1444 esse
1502 1400 1885 1449 Poenitentiarum‚

122 1467 193 1521 qui
238 1468 292 1509 ad
337 1468 610 1520 grauioribus
655 1467 825 1510 casibus
869 1468 1038 1510 Clerum
1083 1470 1126 1510 et
1169 1467 1373 1522 populum
1419 1467 1575 1509 debeat
1618 1466 1844 1508 absoluere
1858 1465 1886 1506 3.

123 1533 287 1574 Verum
320 1532 427 1574 haec
459 1533 575 1575 mala
607 1532 785 1574 nimium
816 1532 1063 1575 inueterata
1094 1533 1234 1574 minus
1267 1535 1486 1575 curantur.

242 1598 362 1647 Quod
385 1597 440 1639 ad
461 1597 686 1651 negotium
709 1597 886 1641 Comitis
909 1598 1068 1641 attinet
1081 1599 1110 1649 4,
1144 1600 1341 1652 potestas
1364 1597 1454 1639 eius
1476 1610 1609 1651 penes
1632 1594 1888 1649 dignitatem

122 1665 243 1705 tuam
285 1663 424 1705 adhuc
464 1665 612 1705 manet
652 1662 836 1716 integra,
879 1662 971 1705 siue
1004 1663 1249 1706 consentiat
1280 1662 1559 1716 Praepositus
1590 1660 1887 1714 resignationi,

124 1728 236 1781 quod
269 1742 373 1770 sane
406 1728 649 1770 consultum
681 1727 808 1779 foret,
842 1728 934 1770 siue
966 1742 1051 1769 non
1084 1728 1328 1771 consentiat
1359 1728 1439 1769 hoc
1472 1729 1679 1780 tempore.
1743 1725 1889 1767 Habet

124 1793 336 1846 quaedam
359 1794 523 1843 Comes,
558 1807 668 1846 quae
690 1793 733 1835 in
757 1793 1001 1835 Secretario
1035 1796 1080 1836 et
1102 1793 1193 1835 eius
1215 1792 1301 1834 filio
1324 1806 1409 1834 non
1432 1792 1598 1846 probet,
1630 1789 1888 1845 praesertim

124 1859 311 1900 offensus
352 1858 447 1901 istis
488 1858 692 1901 uiolentis
732 1858 967 1912 principiis,
1011 1858 1054 1900 in
1097 1857 1250 1911 quibus
1291 1857 1434 1899 nescio
1477 1871 1533 1899 an
1571 1855 1693 1898 abusi
1725 1854 1887 1897 fuerint

123 1923 391 1965 authoritate
424 1926 468 1965 et
500 1923 715 1965 facilitate
747 1924 798 1966 D.
824 1924 877 1966 V.
899 1924 925 1965 J
930 1923 1231 1965 llustrissimae
1244 1924 1272 1965 5.
1331 1922 1423 1964 Nos
1456 1921 1665 1964 Comitem
1698 1919 1888 1974 corporis

240 1993 268 2023 a)
289 1993 426 2024 Sequitur
447 1999 586 2025 quorum,
607 1993 697 2017 oblitt.
772 1991 803 2023 b)
824 1993 963 2024 Sequitur
982 1991 1121 2024 Vicarij„
1141 1992 1231 2018 omitt.
1324 1993 1351 2022 c)
1372 1991 1511 2023 Sequitur
1530 1989 1582 2020 illi,
1601 1990 1690 2015 oblitt.

246 2089 257 2108 ¹
285 2088 301 2123 1
330 2087 407 2131 Reg
433 2088 490 2127 29,
517 2088 548 2122 6.

243 2142 256 2161 2
282 2140 416 2175 Herlen
442 2151 462 2174 a
488 2139 696 2183 Rosenthal,
733 2140 804 2184 qui,
840 2151 920 2174 cum
955 2139 1204 2174 universitatis
1230 2139 1435 2183 dilinganae
1461 2141 1578 2173 rector
1610 2140 1646 2172 et
1671 2138 1889 2182 gubernator

124 2194 271 2235 fuisset,
309 2206 340 2228 a.
362 2194 452 2228 1568
492 2195 679 2237 Augustae
718 2193 917 2236 collegialis
956 2193 1129 2228 ecclesiae
1169 2192 1203 2227 S.
1227 2193 1387 2227 Mauritii
1427 2193 1618 2227 canonicus
1656 2191 1774 2226 factus
1813 2192 1889 2224 erat

126 2247 231 2292 (Can.
251 2247 301 2281 ΙΙΙ
327 2247 426 2290 283).

244 2301 256 2321 ³
281 2300 553 2335 Poenitentiarii
595 2311 725 2334 munus
767 2300 828 2334 uni
871 2311 915 2333 ex
957 2299 1124 2342 „vicariis
1166 2299 1283 2334 ch0ri“
1330 2298 1547 2334 cathedralis
1589 2296 1888 2335 committebatur,

124 2354 163 2389 P.
182 2356 356 2398 Hoffaeus
390 2355 557 2397 Augusta
592 2356 731 2387 aestate
768 2353 817 2397 (8.
836 2353 916 2387 Iulii
929 2353 964 2396 5³)
1005 2353 1095 2387 1570
1132 2353 1281 2387 Romam
1316 2352 1360 2386 ad
1396 2353 1429 2387 S.
1454 2352 1685 2386 Franciscum
1720 2351 1889 2393 Borgiam

123 2407 316 2452 *scripsitz
348 2407 672 2450 „Paenitentiarius
698 2406 757 2441 hic
782 2406 889 2451 obijt“
922 2405 983 2449 (ex
1011 2409 1169 2450 autog1·.;
1198 2406 1240 2441 G.
1267 2405 1331 2450 Ep.
1360 2405 1409 2439 XI
1436 2406 1459 2440 f.
1486 2405 1597 2447 190³).
1640 2405 1827 2447 Augustae
1854 2404 1889 2437 in

124 2461 269 2495 archivo
296 2461 415 2495 curiae
451 2460 663 2506 episcopalis
699 2462 821 2494 exstat
848 2459 905 2503 (ut
931 2460 1164 2493 Reverendus
1191 2459 1232 2494 D.
1261 2461 1461 2503 Leopoldus
1487 2459 1704 2492 Riedmuller
1730 2457 1888 2491 eiusdem

124 2513 261 2548 archivi
296 2514 501 2558 praefectus
534 2513 793 2548 humanissime
828 2513 914 2547 mihi
950 2513 1111 2558 scripsit)
1150 2512 1397 2557 apographum
1431 2512 1633 2546 litterarum
1665 2510 1887 2555 publicarum

125 2567 179 2601 31.
199 2567 320 2601 Martii
349 2567 435 2602 1571
465 2567 641 2609 datarum,
677 2567 807 2611 quibus
833 2566 1010 2610 Magister
1036 2567 1187 2600 Ioannes
1212 2565 1406 2609 Adelgaiss
1441 2566 1678 2608 inauguratur
1706 2563 1888 2608 poeniten·

125 2620 268 2659 tiarius;
302 2620 336 2654 id
363 2620 457 2654 enim
483 2620 640 2654 officium
668 2631 797 2654 vacare
824 2620 984 2665 coepisse
1014 2631 1098 2664 „per
1123 2619 1257 2653 obitum
1284 2619 1461 2663 quondam
1489 2616 1735 2662 Christophori
1762 2617 1888 2650 Lautz-

126 2672 217 2706 lerss
243 2674 303 2716 qui
329 2673 416 2707 illud
443 2674 640 2708 novissime
667 2673 893 2708 exercebat“.

245 2728 257 2745 ⁴
286 2726 475 2760 Udalricns
501 2726 561 2760 IV.
590 2738 709 2761 comes
735 2727 778 2761 de
805 2725 1042 2768 Helfenstein,
1070 2725 1192 2760 statim
1219 2725 1279 2759 ubi
1306 2736 1336 2759 a.
1358 2725 1447 2759 1567
1476 2724 1546 2758 PP.
1566 2723 1664 2757 Petri
1692 2722 1826 2757 Ganisii
1853 2724 1888 2756 et

126 2777 267 2811 Ioannis
294 2778 511 2813 Rabenstein
548 2792 655 2824 opera
691 2792 736 2814 ex
769 2779 1028 2814 lutheranismo
1064 2779 1107 2813 ad
1144 2779 1334 2813 ecclesiam
1368 2777 1583 2811 catholicam
1618 2777 1786 2810 reductus
1822 2778 1887 2817 est,

126 2831 334 2864 comitatum
369 2843 472 2866 suum
506 2833 836 2877 wisensteigensem
874 2833 1163 2877 (WViesensteig),
1200 2843 1305 2876 quem
1341 2831 1406 2865 sub
1433 2842 1463 2865 a.
1486 2831 1575 2865 1555
1602 2830 1639 2864 vi
1665 2830 1709 2864 ab
1736 2829 1887 2863 ecclesia

127 2883 304 2917 catholica
330 2884 538 2927 abstulerat,
566 2886 678 2920 eidem
706 2887 897 2921 restituere
924 2887 1040 2931 coepit
1070 2887 1174 2928 (Can.
1194 2885 1226 2919 V
1245 2884 1431 2919 317—323
1457 2884 1647 2918 452—454
1673 2883 1887 2925 779—790).

248 2937 259 2956 ⁵
286 2936 553 2980 Wisensteigae
572 2939 744 2973 ecclesiae
763 2939 961 2983 collegialis
980 2939 1014 2974 S.
1034 2939 1178 2984 Cyriaci
1203 2937 1499 2983 praeposituram,
1526 2937 1626 2971 cuius
1653 2935 1887 2971 conferendae

126 2991 287 3034 potestas
313 3000 421 3034 penes
447 2990 630 3035 episcopos
657 2995 877 3034 augustanos
904 2995 982 3026 erat
1009 2992 1120 3036 (Flac.
1136 2993 1275 3034 Braun,
1303 2989 1519 3025 Geschichte
1545 2991 1607 3024 der
1625 2989 1791 3023 Bischofe
1818 2999 1886 3022 von

127 3042 321 3085 Augsburg
340 3042 400 3081 ΠΙ,
428 3043 622 3086 Augsburg
642 3044 743 3081 1814,
762 3045 860 3087 453),
887 3057 932 3080 m.
952 3047 1116 3088 Augusto
1134 3056 1165 3079 a.
1187 3044 1275 3078 1571
1297 3043 1441 3077 tenebat
1458 3042 1591 3077 Doctor
1611 3041 1883 3086 (Guilielmus‘?)

127 3095 273 3130 Kellner
307 3096 383 3129 sive
414 3095 571 3129 Khelner
608 3095 641 3138 (*
654 3096 853 3131 Cardinalis
893 3099 1081 3132 Trnchsess
1117 3097 1263 3131 Alberto
1280 3097 1334 3136 V..
1370 3096 1481 3130 Roma
1519 3096 1572 3131 18.
1592 3094 1748 3139 Augusti
1776 3093 1884 3128 1571:
