2044 3335
292 96 393 130 1635.
421 95 456 130 S.
475 94 688 129 Franciscus
715 94 868 137 Borgias
895 93 1049 128 Canisio.
1088 93 1202 127 Roma
1228 91 1260 126 52.
1283 91 1330 134 (3.
1343 91 1377 134 Ῥ)
1398 89 1532 134 Aprilis
1554 89 1654 124 1569.
1782 92 1863 132 291

217 214 244 266 η’·
277 213 518 255 Admodum
553 211 808 253 Reuerendo
841 211 884 253 in
917 211 1086 253 Christo
1119 209 1248 264 patri,
1283 209 1328 250 P.
1354 207 1584 250 Francisco
1618 207 1671 249 de
1692 206 1867 259 Borgia‚

100 278 355 333 Praeposito
387 277 607 331 generalia
639 276 870 318 Societatis
902 276 1020 319 Jesu.
1143 273 1347 316 Romaeb.

220 357 319 399 Quae
346 356 511 392 Canisius
546 356 581 390 in
616 356 673 390 his
708 356 839 390 litteris
865 355 971 390 dicit:
1007 355 1194 398 Fuggeros
1225 353 1347 395 „brevi
1377 353 1570 398 plurimum
1605 353 1766 387 facturos
1793 364 1871 386 esse

101 412 145 446 ad
172 411 364 454 collegium
391 410 581 444 Societatis
601 411 789 452 Augustae
815 409 1076 443 instituendum
1103 410 1212 451 atque
1239 407 1444 448 dotandum,
1471 407 1615 450 iamque
1640 417 1808 449 magnam
1836 406 1873 440 in

102 465 174 498 illis
209 464 344 498 factam
380 474 459 497 esse
486 462 584 496 vitae
620 465 655 496 et
688 473 826 495 morum
853 461 1173 502 ernendationem“‚
1210 471 1252 493 ea
1286 459 1516 494 illustrantur
1541 459 1718 493 *Litteris
1744 459 1874 493 annuis

103 518 229 552 domus
256 516 446 551 Societatis
473 517 709 559 augustanae,
738 516 904 557 Augusta
930 515 986 549 31.
1006 513 1163 557 Augusti
1191 513 1282 547 1569
1310 524 1330 546 a
1356 512 1394 546 P.
1424 514 1627 546 Wendele'no
1654 513 1759 546 Vo‘lck
1785 511 1819 546 S.
1838 512 1872 546 J.

102 570 214 612 datis;
242 573 380 604 certum
408 569 499 603 enim
528 570 584 602 est
609 568 795 611 Fuggeros
824 567 1032 612 (praecipue
1058 565 1205 609 saltem)
1234 568 1270 599 et
1295 566 1452 599 maxime
1478 566 1647 599 Ioannem
1668 565 1873 609 Fuggerum

103 623 165 667 (cf.
184 634 295 667 supra
318 634 351 667 p.
371 622 456 665 260)
483 621 691 664 significari,
717 632 796 654 cum
815 622 1002 654 narratur:
1035 619 1204 662 „Quidam
1224 617 1384 663 primarij
1406 617 1582 652 Catholici
1607 618 1687 659 uiri,
1713 618 1874 663 impense

102 676 169 710 hoc
197 687 289 710 auno
316 676 440 709 fauere
466 674 638 708 Societati
657 685 818 718 coepere,
845 674 905 718 qui
932 675 1040 707 antea
1065 684 1136 706 non
1160 671 1275 706 solum
1295 671 1413 711 alieni,
1441 671 1676 705 uerumetiam
1704 670 1873 704 inimici

103 731 148 763 et
179 729 591 773 persequutores¹
618 727 720 761 nobis
747 727 902 760 fuerant.
938 726 1040 760 Fecit
1064 725 1145 760 illos
1171 724 1294 758 diuina
1321 724 1464 758 bonitas
1490 736 1534 757 ex
1561 724 1680 758 Saulis
1706 724 1870 758 Paulos.“

102 782 239 816 Deinde
274 781 317 815 de
343 781 433 815 viris
459 780 648 814 catholicis
674 783 710 814 et
735 780 924 820 nobilibus,
961 779 1021 823 qui
1048 778 1237 821 Augustae
1263 777 1455 820 collegium
1491 777 1644 811 condere
1671 777 1875 818 statuerint,

103 835 252 869 dicitur:
285 834 436 876 „Mirum
454 834 578 867 uidere
597 835 652 867 est
670 834 706 866 in
724 833 851 867 horum
869 833 1019 867 aedibus
1038 831 1286 871 mutationem,
1310 842 1402 874 quae
1427 829 1693 874 comparatione
1719 830 1875 874 superio-

103 900 183 922 rum
209 890 411 933 temporum
439 887 543 931 quasi
568 886 788 921 monasteria
814 886 927 920 uideri
954 888 1099 930 queant,
1136 884 1295 928 quotidie
1328 883 1480 917 collecta
1506 883 1542 916 in
1568 894 1678 916 unum
1705 882 1877 917 orationis

104 942 222 976 locum
256 941 427 975 uniuersa
461 939 611 980 familia,
648 940 849 973 recitantur
879 939 1070 978 laetaniae,
1105 937 1358 983 praesentibus
1384 936 1559 970 Dominis.
1608 935 1722 981 Saepe
1757 938 1877 970 extra-

107 994 286 1029 ordinaria
321 993 463 1034 ieiunia,
499 992 815 1037 frequentissimae
841 992 1098 1031 confessiones,
1135 990 1415 1030 communiones,
1451 989 1773 1034 peregrinationes,
1809 989 1877 1023 lar-

108 1048 279 1090 gissimae
306 1047 614 1090 eleemosynarum
642 1048 857 1079 exercentur
875 1045 1165 1079 distributiones“
1191 1048 1253 1085 (ex
1271 1044 1435 1088 exemplo
1454 1043 1671 1088 archetyp03
1701 1042 1742 1077 G.
1762 1043 1826 1088 Ep.
1846 1043 1878 1076 X

108 1102 132 1135 f.
159 1100 222 1135 86¹³
249 1101 339 1143 87²1).
390 1101 584 1144 Philippus
617 1100 819 1133 Eduardus
843 1101 1033 1143 Fuyyerus
1066 1099 1101 1132 in
1138 1097 1466 1142 *Ephemeridibus
1500 1096 1591 1130 haec
1626 1097 1669 1130 de
1705 1096 1878 1130 Bechlero

106 1166 176 1188 uno
212 1166 256 1188 ex
283 1153 443 1188 familiae
469 1164 556 1187 suae
582 1152 758 1186 ministris
794 1155 830 1186 et
865 1153 908 1186 de
934 1153 1055 1186 Marco
1082 1152 1248 1195 Fuggero
1280 1151 1440 1184 notavit:
1478 1149 1649 1194 [October
1676 1149 1782 1194 1569]
1814 1150 1877 1192 „25

106 1206 260 1241 Bechler
285 1219 351 1241 aus
376 1210 573 1251 Augspurg
600 1204 785 1250 [schreibt]
892 1206 956 1239 das
982 1205 1047 1239 her
1073 1206 1178 1239 Marx
1204 1204 1290 1238 kain
1316 1203 1563 1238 lutherischen
1588 1215 1686 1237 meer
1708 1203 1761 1249 jm
1787 1203 1880 1238 haus

107 1260 225 1295 haben
250 1260 344 1294 wiw
377 1260 439 1303 (ex
464 1262 625 1303 autogr.;
655 1259 741 1293 Cod.
759 1259 902 1294 vindob.
923 1259 1013 1293 7447
1033 1260 1058 1293 f.
1077 1259 1168 1302 49³2).

227 1325 406 1360 Polancus
424 1324 642 1360 secretarius
660 1324 833 1358 mandatu
851 1323 886 1359 S.
898 1323 1081 1358 Francisci
1098 1322 1249 1366 Borgiae
1265 1322 1409 1356 Canisio
1427 1322 1612 1367 respondit
1627 1323 1658 1356 7.
1674 1321 1761 1355 Maii
1776 1322 1878 1356 1569.

108 1437 261 1474 1635.
331 1435 637 1473 SANCTUS
661 1434 1092 1472 FRANCISCUS
1116 1433 1428 1471 BORGIAS
1455 1434 1683 1479 praepositus
1701 1434 1881 1478 generalis

298 1491 489 1527 Societatis
515 1491 597 1525 Iesu
624 1490 826 1525 CANISIO.
1246 1488 1360 1522 Roma
1387 1489 1418 1522 2.
1441 1488 1537 1531 (3.‘.>)
1565 1488 1700 1533 Aprilis
1730 1488 1832 1522 1569.

226 1557 282 1590 Ex
308 1555 514 1601 apographo
541 1555 700 1589 eiusdem
718 1555 911 1599 temporis;
939 1554 975 1587 in
994 1553 1176 1597 margine:
1209 1553 1397 1596 „Augusta
1423 1552 1463 1587 P.
1480 1553 1657 1587 Canisio“.
1695 1551 1815 1586 Germ.
1836 1553 1878 1586 67

107 1610 132 1644 f.
160 1610 392 1644 241a—2422.
436 1608 602 1654 Epistula
627 1620 714 1643 usus
741 1610 797 1642 est
823 1608 1031 1651 Succhinus,
1059 1607 1145 1642 Can.
1172 1607 1252 1640 262.

226 1676 266 1710 P.
303 1675 535 1709 Soboriduus
567 1675 731 1718 fortasse,
770 1685 848 1710 cum
885 1674 1096 1707 studendum
1137 1678 1166 1706 et
1204 1677 1378 1706 tentamen
1417 1671 1637 1705 subeundmn
1677 1682 1745 1703 esse
1783 1670 1881 1703 intel-

107 1730 243 1771 lexeru,
270 1729 474 1762 doctoratus
498 1728 716 1770 susczpiendzss
735 1728 921 1770 proposito
941 1727 1094 1760 cessabit.
1132 1727 1171 1760 P.
1192 1727 1339 1759 Peltano
1365 1727 1490 1758 tet-trus
1517 1736 1635 1758 annus
1657 1725 1882 1767 probationis

107 1783 249 1815 dandus
275 1787 345 1823 (απ,-
371 1793 414 1815 ne
439 1786 555 1814 tamen
581 1782 653 1814 viri
678 1783 822 1814 animus
847 1781 1020 1823 turbetur,
1047 1781 1208 1823 reliquae
1234 1791 1370 1823 quoque
1390 1780 1630 1822 professiones
1648 1779 1880 1820 differuntur.

111 1835 388 1879 Cleristophorus
410 1839 440 1868 et
458 1835 672 1868 Fre'dericus
687 1835 825 1876 fratres
843 1835 938 1866 laici,
978 1834 1175 1867 Librorum
1199 1833 1477 1876 puryandorum
1503 1842 1634 1865 munus
1659 1831 1880 1864 subeundum

109 1900 175 1922 non
204 1894 251 1922 est
277 1900 355 1921 eum
381 1899 512 1932 maynu
538 1889 706 1931 temporis
730 1889 875 1920 iactura
886 1900 899 1929 ‚·
925 1888 966 1920 de
992 1898 1062 1930 qua
1088 1899 1128 1920 re
1147 1887 1316 1930 pontifex·
1341 1887 1555 1919 consuletur.
1602 1885 1690 1918 Cum
1711 1885 1880 1918 Canisius

111 1943 301 1976 Centurias
337 1943 498 1984 refutare
535 1946 565 1974 et
603 1952 862 1984 nonnunquam
900 1942 1105 1973 contionari?
1142 1940 1282 1983 debeat,
1322 1941 1530 1982 proc-inciae
1566 1939 1739 1981 reyendae
1777 1949 1882 1971 onere

106 1997 250 2030 omnino
276 1997 436 2036 levatum·
471 1995 609 2028 tametsi
642 1998 759 2027 (tactem
794 1995 833 2028 P.
868 1994 1105 2027 Theodorum·
1136 1994 1304 2027 Cune'sius
1330 1994 1377 2025 ad
1402 1994 1441 2025 id
1468 1993 1625 2035 officium
1652 1992 1752 2025 ‘valde
1777 1997 1881 2036 aptus

106 2054 165 2093 est,
200 2049 314 2091 massis
348 2049 514 2091 expedire
548 2049 661 2081 visum
697 2053 754 2091 est,
792 2052 830 2080 ut
865 2048 903 2080 P.
932 2048 1106 2090 Hoffueus
1132 2047 1371 2090 provincialis
1402 2048 1675 2087 nontinaretur,·
1713 2045 1881 2079 canisius

104 2106 221 2135 tamen
249 2102 436 2135 Sociorum
461 2103 501 2134 in
532 2102 727 2134 Germania
752 2102 939 2143 superlore
963 2102 1157 2144 vicinisque
1180 2101 1378 2143 provinciis
1414 2100 1612 2142 deyentium
1650 2101 1754 2142 quasi
1777 2103 1881 2142 pater

105 2167 174 2189 esse
198 2160 326 2199 peryet.
369 2155 517 2197 Hoffaei
549 2156 617 2188 erit
649 2155 791 2197 colleyz'o
818 2155 1056 2197 oenipontano
1082 2158 1253 2187 rectorem
1276 2154 1475 2196 providere.
1519 2154 1572 2186 Ne
1598 2154 1778 2186 austerius
1803 2164 1878 2185 cum

106 2210 144 2243 P.
168 2210 273 2242 Gallo
299 2212 431 2251 (effatur
450 2219 529 2241 neve
548 2210 647 2241 Socii
673 2219 751 2240 cum
776 2209 922 2251 feminis
946 2209 1084 2241 diutius
1109 2208 1316 2251 loquantur.
1359 2207 1579 2241 Colonz'ensis
1597 2208 1636 2240 P.
1653 2207 1881 2240 Stevordiani

99 2263 277 2306 profectio
296 2263 455 2295 Kesselio
481 2264 611 2295 rectori
635 2262 905 2295 commendetur.

224 2334 318 2376 Pax
352 2339 421 2376 etc.
477 2333 520 2376 Si
553 2335 576 2375 6
608 2334 805 2376 riceuuta
837 2333 982 2387 quella
1015 2333 1055 2375 di
1082 2333 1149 2376 .V.
1173 2333 1225 2376 R.
1250 2333 1292 2374 di
1325 2335 1363 2375 5.
1400 2333 1468 2375 del
1501 2334 1693 2386 passato,
1727 2345 1807 2385 per
1837 2332 1880 2373 13

106 2400 233 2453 quale
274 2399 311 2442 si
351 2399 528 2441 intende
575 2413 695 2440 come
739 2413 824 2441 non
868 2399 915 2440 fu
960 2399 1066 2441 data
1109 2399 1153 2440 la
1197 2399 1359 2441 lettera
1403 2412 1483 2440 sua
1527 2398 1568 2439 al
1611 2397 1657 2439 Ρ.
1693 2387 1880 2449 Georgio

105 2464 368 2515 Schorichio,
410 2478 488 2518 per
520 2467 647 2507 conto
682 2464 724 2506 di
757 2464 901 2517 quella
940 2464 1135 2506 clausula
1168 2464 1236 2505 del
1272 2464 1509 2513 dottomto,
1553 2463 1595 2504 la
1628 2462 1756 2515 quale
1788 2461 1824 2503 si
1857 2463 1880 2503 6

105 2531 330 2573 moderata
361 2531 433 2571 nel
466 2530 592 2571 modo
626 2529 705 2571 che
729 2530 780 2572 V.
804 2530 856 2572 R.
881 2529 1054 2580 uedera,
1089 2532 1206 2571 sotto
1238 2530 1281 2571 la
1315 2529 1419 2572 data
1441 2528 1678 2570 medesima
1692 2528 1720 2570 2.
1755 2527 1807 2569 V.
1827 2527 1878 2569 R.

104 2596 237 2650 gliela
267 2595 409 2637 faccia
441 2595 602 2637 hauere
634 2594 814 2636 insieme
848 2608 928 2636 con
961 2609 1018 2636 un
1052 2595 1167 2637 altra
1210 2609 1289 2648 per
1320 2594 1380 2635 lui
1414 2594 1482 2635 del
1515 2593 1662 2635 dottor
1694 2592 1878 2643 Fister3,

226 2678 254 2708 a)
274 2678 310 2702 In
331 2678 357 2701 A
377 2676 512 2708 sequitur
532 2675 578 2705 de,
599 2676 687 2700 oblite.
757 2674 786 2706 b)
808 2676 888 2700 Haec
907 2676 1062 2707 inscriptio
1082 2684 1140 2701 non
1161 2679 1202 2701 est
1222 2676 1254 2700 in
1274 2677 1309 2700 B.

230 2772 239 2791 ¹
266 2771 357 2805 Esth
384 2772 415 2812 9,
442 2771 482 2811 2;
512 2770 557 2804 cf.
588 2771 604 2804 1
625 2769 705 2803 Tim
734 2770 764 2808 1,
795 2769 848 2802 13.

227 2825 240 2845 2
274 2824 423 2858 Polanci
458 2824 501 2857 ad
529 2823 777 2858 Schorichium
811 2822 966 2863 litterae,
1002 2833 1093 2866 quas
1129 2823 1233 2866 posui
1269 2833 1377 2867 supra
1403 2833 1438 2866 p.
1457 2821 1526 2855 243
1552 2833 1586 2856 n.
1606 2821 1637 2863 2,
1668 2821 1788 2866 potius
1814 2821 1881 2856 hoc

105 2878 182 2912 loco
208 2878 392 2923 ponendae
418 2878 583 2917 fuerunt;
621 2888 704 2910 nam
731 2876 843 2910 verba
869 2875 941 2916 illa,
978 2887 1069 2919 quae
1097 2875 1245 2909 Polanci
1275 2887 1383 2909 manu
1409 2875 1445 2908 in
1471 2875 1627 2918 registro
1653 2875 1776 2909 addita
1802 2886 1881 2909 esse

106 2932 248 2971 ibidem,
287 2932 367 2965 adn.
395 2931 427 2971 b,
463 2931 594 2970 monui.
631 2942 700 2964 non
736 2930 780 2963 ad
817 2930 981 2974 priorem,
1017 2929 1079 2963 sed
1117 2929 1161 2963 ad
1198 2929 1349 2963 alteram
1380 2929 1472 2963 hanc
1499 2940 1623 2962 earum
1650 2929 1880 2974 scriptionem

107 2986 288 3030 pertinere
317 2985 458 3018 omnino
485 2984 665 3018 videntur.

228 3040 240 3059 ³
268 3039 409 3072 loannis
435 3037 568 3072 Pfister
606 3037 768 3071 canonici
796 3035 971 3070 ecclesiae
998 3035 1217 3071 cathedralis
1243 3036 1492 3079 frisingensis:
1533 3035 1579 3070 cf.
1610 3036 1695 3070 Can.
1724 3035 1775 3070 IV
1793 3036 1880 3070 4932

1523 3149 1594 3182 19*
