<?xml version="1.0" encoding="UTF-8"?>
<!DOCTYPE html PUBLIC "-//W3C//DTD XHTML 1.0 Transitional//EN"
    "http://www.w3.org/TR/xhtml1/DTD/xhtml1-transitional.dtd">
<html xmlns="http://www.w3.org/1999/xhtml" xml:lang="en" lang="en">
 <head>
  <title>
</title>
<meta http-equiv="Content-Type" content="text/html;charset=utf-8" />
  <meta name='ocr-system' content='tesseract 3.04.00' />
  <meta name='ocr-capabilities' content='ocr_page ocr_carea ocr_par ocr_line ocrx_word'/>
</head>
<body>
  <div class='ocr_page' id='page_1' title='image "beatipetricanisi06cani_0337.png"; bbox 0 0 2044 3335; ppageno 0'>
   <div class='ocr_carea' id='block_1_1' title="bbox 133 90 1848 137">
    <p class='ocr_par' dir='ltr' id='par_1_1' title="bbox 133 90 1848 137">
     <span class='ocr_line' id='line_1_1' title="bbox 133 90 1848 137; baseline -0.002 -10"><span class='ocrx_word' id='word_1_1' title='bbox 133 93 234 128; x_wconf 84' lang='lat'>1617.</span> <span class='ocrx_word' id='word_1_2' title='bbox 252 92 445 137; x_wconf 84' lang='lat' dir='ltr'>Menginus</span> <span class='ocrx_word' id='word_1_3' title='bbox 465 91 551 126; x_wconf 81' lang='lat' dir='ltr'>Can.</span> <span class='ocrx_word' id='word_1_4' title='bbox 597 91 697 126; x_wconf 77' lang='lat'>1618.</span> <span class='ocrx_word' id='word_1_5' title='bbox 717 91 844 127; x_wconf 79' lang='lat' dir='ltr'>Gallus</span> <span class='ocrx_word' id='word_1_6' title='bbox 864 92 951 127; x_wconf 87' lang='lat' dir='ltr'>Can.</span> <span class='ocrx_word' id='word_1_7' title='bbox 997 93 1099 127; x_wconf 88' lang='lat'>1619.</span> <span class='ocrx_word' id='word_1_8' title='bbox 1119 91 1205 126; x_wconf 84' lang='lat' dir='ltr'>Can.</span> <span class='ocrx_word' id='word_1_9' title='bbox 1223 91 1404 134; x_wconf 83' lang='lat' dir='ltr'>Mengino.</span> <span class='ocrx_word' id='word_1_10' title='bbox 1448 90 1556 125; x_wconf 87' lang='lat' dir='ltr'>Mart.</span> <span class='ocrx_word' id='word_1_11' title='bbox 1577 90 1680 125; x_wconf 86' lang='lat'>1569.</span> <span class='ocrx_word' id='word_1_12' title='bbox 1763 93 1848 133; x_wconf 79' lang='lat'>263</span> 
     </span>
    </p>
   </div>
   <div class='ocr_carea' id='block_1_2' title="bbox 78 209 1852 850">
    <p class='ocr_par' dir='ltr' id='par_1_2' title="bbox 78 209 1852 850">
     <span class='ocr_line' id='line_1_2' title="bbox 83 209 1849 265; baseline -0.002 -12"><span class='ocrx_word' id='word_1_13' title='bbox 83 211 318 265; x_wconf 82' lang='lat' dir='ltr'>quaeritur,</span> <span class='ocrx_word' id='word_1_14' title='bbox 360 225 386 253; x_wconf 85' lang='lat' dir='ltr'>a</span> <span class='ocrx_word' id='word_1_15' title='bbox 418 210 589 253; x_wconf 89' lang='lat' dir='ltr'>nemine</span> <span class='ocrx_word' id='word_1_16' title='bbox 621 224 667 252; x_wconf 86' lang='lat' dir='ltr'>se</span> <span class='ocrx_word' id='word_1_17' title='bbox 700 210 796 263; x_wconf 82' lang='lat' dir='ltr'>cogi</span> <span class='ocrx_word' id='word_1_18' title='bbox 828 224 955 264; x_wconf 81' lang='lat' dir='ltr'>posse</span> <span class='ocrx_word' id='word_1_19' title='bbox 988 214 1140 261; x_wconf 78' lang='lat' dir='ltr'>contra</span> <span class='ocrx_word' id='word_1_20' title='bbox 1171 209 1331 252; x_wconf 89' lang='lat' dir='ltr'>limites</span> <span class='ocrx_word' id='word_1_21' title='bbox 1363 209 1567 258; x_wconf 83' lang='lat' dir='ltr'>instituti,</span> <span class='ocrx_word' id='word_1_22' title='bbox 1602 223 1742 262; x_wconf 91' lang='lat' dir='ltr'>neque</span> <span class='ocrx_word' id='word_1_23' title='bbox 1774 209 1849 251; x_wconf 88' lang='lat' dir='ltr'>ulli</span> 
     </span>
     <span class='ocr_line' id='line_1_3' title="bbox 81 273 1850 329; baseline -0.002 -10"><span class='ocrx_word' id='word_1_24' title='bbox 81 279 174 319; x_wconf 91' lang='lat' dir='ltr'>tum</span> <span class='ocrx_word' id='word_1_25' title='bbox 197 276 369 326; x_wconf 87' lang='lat' dir='ltr'>homini,</span> <span class='ocrx_word' id='word_1_26' title='bbox 393 275 474 317; x_wconf 87' lang='lat' dir='ltr'>nisi</span> <span class='ocrx_word' id='word_1_27' title='bbox 497 290 574 317; x_wconf 85' lang='lat' dir='ltr'>suo</span> <span class='ocrx_word' id='word_1_28' title='bbox 597 274 753 317; x_wconf 81' lang='lat' dir='ltr'>iudicio</span> <span class='ocrx_word' id='word_1_29' title='bbox 777 289 932 329; x_wconf 86' lang='lat' dir='ltr'>parere</span> <span class='ocrx_word' id='word_1_30' title='bbox 954 276 1061 319; x_wconf 88' lang='lat' dir='ltr'>uult.</span> <span class='ocrx_word' id='word_1_31' title='bbox 1105 275 1346 324; x_wconf 80' lang='lat' dir='ltr'>Postremo,</span> <span class='ocrx_word' id='word_1_32' title='bbox 1381 275 1417 316; x_wconf 88' lang='lat' dir='ltr'>si</span> <span class='ocrx_word' id='word_1_33' title='bbox 1438 274 1555 317; x_wconf 85' lang='lat' dir='ltr'>intra</span> <span class='ocrx_word' id='word_1_34' title='bbox 1578 273 1850 316; x_wconf 78' lang='lat' dir='ltr'>obedientiae</span> 
     </span>
     <span class='ocr_line' id='line_1_4' title="bbox 82 338 1850 395; baseline -0.002 -12"><span class='ocrx_word' id='word_1_35' title='bbox 82 340 353 395; x_wconf 81' lang='lat' dir='ltr'>praescripta</span> <span class='ocrx_word' id='word_1_36' title='bbox 399 340 578 382; x_wconf 84' lang='lat' dir='ltr'>retineri</span> <span class='ocrx_word' id='word_1_37' title='bbox 626 340 805 390; x_wconf 82' lang='lat' dir='ltr'>debeat,</span> <span class='ocrx_word' id='word_1_38' title='bbox 858 341 1159 390; x_wconf 87' lang='lat' dir='ltr'>metuendum,</span> <span class='ocrx_word' id='word_1_39' title='bbox 1207 353 1262 381; x_wconf 90' lang='lat' dir='ltr'>ne</span> <span class='ocrx_word' id='word_1_40' title='bbox 1310 339 1431 381; x_wconf 80' lang='lat' dir='ltr'>breui</span> <span class='ocrx_word' id='word_1_41' title='bbox 1479 339 1613 381; x_wconf 87' lang='lat' dir='ltr'>simus</span> <span class='ocrx_word' id='word_1_42' title='bbox 1660 338 1850 381; x_wconf 82' lang='lat' dir='ltr'>habituri</span> 
     </span>
     <span class='ocr_line' id='line_1_5' title="bbox 80 398 1849 458; baseline -0.001 -11"><span class='ocrx_word' id='word_1_43' title='bbox 80 406 297 447; x_wconf 87' lang='lat' dir='ltr'>hominem</span> <span class='ocrx_word' id='word_1_44' title='bbox 337 407 483 447; x_wconf 88' lang='lat' dir='ltr'>mente</span> <span class='ocrx_word' id='word_1_45' title='bbox 527 407 724 458; x_wconf 84' lang='lat' dir='ltr'>captum,</span> <span class='ocrx_word' id='word_1_46' title='bbox 768 405 840 458; x_wconf 89' lang='lat' dir='ltr'>qui</span> <span class='ocrx_word' id='word_1_47' title='bbox 882 398 1078 448; x_wconf 80' lang='lat' dir='ltr'>cathenis</span> <span class='ocrx_word' id='word_1_48' title='bbox 1120 404 1258 446; x_wconf 83' lang='lat' dir='ltr'>areeri</span> <span class='ocrx_word' id='word_1_49' title='bbox 1291 404 1462 446; x_wconf 80' lang='lat' dir='ltr'>debeat.</span> <span class='ocrx_word' id='word_1_50' title='bbox 1526 404 1620 446; x_wconf 84' lang='lat' dir='ltr'>Neo</span> <span class='ocrx_word' id='word_1_51' title='bbox 1660 403 1849 458; x_wconf 82' lang='lat' dir='ltr'>putarim</span> 
     </span>
     <span class='ocr_line' id='line_1_6' title="bbox 81 469 1852 524; baseline -0.002 -11"><span class='ocrx_word' id='word_1_52' title='bbox 81 471 337 521; x_wconf 88' lang='lat' dir='ltr'>consultum,</span> <span class='ocrx_word' id='word_1_53' title='bbox 377 473 426 512; x_wconf 87' lang='lat' dir='ltr'>vt</span> <span class='ocrx_word' id='word_1_54' title='bbox 457 470 537 511; x_wconf 84' lang='lat' dir='ltr'>hoe</span> <span class='ocrx_word' id='word_1_55' title='bbox 570 469 738 511; x_wconf 87' lang='lat' dir='ltr'>infirmo</span> <span class='ocrx_word' id='word_1_56' title='bbox 772 470 902 512; x_wconf 84' lang='lat' dir='ltr'>aliam</span> <span class='ocrx_word' id='word_1_57' title='bbox 936 469 1198 524; x_wconf 79' lang='lat' dir='ltr'>prouintiam</span> <span class='ocrx_word' id='word_1_58' title='bbox 1231 483 1531 522; x_wconf 73' lang='lat' dir='ltr'>grauaremus</span> <span class='ocrx_word' id='word_1_59' title='bbox 1594 471 1666 512; x_wconf 77' lang='lat' dir='ltr'>Sic</span> <span class='ocrx_word' id='word_1_60' title='bbox 1698 471 1756 511; x_wconf 83' lang='lat' dir='ltr'>ad</span> <span class='ocrx_word' id='word_1_61' title='bbox 1789 484 1852 510; x_wconf 88' lang='lat' dir='ltr'>me</span> 
     </span>
     <span class='ocr_line' id='line_1_7' title="bbox 80 533 1852 590; baseline -0.001 -13"><span class='ocrx_word' id='word_1_62' title='bbox 80 537 250 590; x_wconf 79' lang='lat' dir='ltr'>scripsit</span> <span class='ocrx_word' id='word_1_63' title='bbox 272 536 320 577; x_wconf 90' lang='lat' dir='ltr'>P.</span> <span class='ocrx_word' id='word_1_64' title='bbox 344 533 552 578; x_wconf 80' lang='lat' dir='ltr'>Paulus.“</span> <span class='ocrx_word' id='word_1_65' title='bbox 596 535 793 577; x_wconf 84' lang='lat' dir='ltr'>Eandem</span> <span class='ocrx_word' id='word_1_66' title='bbox 827 536 937 577; x_wconf 77' lang='lat' dir='ltr'>hane</span> <span class='ocrx_word' id='word_1_67' title='bbox 962 535 1134 589; x_wconf 80' lang='lat' dir='ltr'>Hoffaei</span> <span class='ocrx_word' id='word_1_68' title='bbox 1164 536 1386 589; x_wconf 71' lang='lat' dir='ltr'>epistulam</span> <span class='ocrx_word' id='word_1_69' title='bbox 1419 535 1662 589; x_wconf 63' lang='lat' dir='ltr'>siqnifieare</span> <span class='ocrx_word' id='word_1_70' title='bbox 1688 534 1852 576; x_wconf 79' lang='lat' dir='ltr'>videtur</span> 
     </span>
     <span class='ocr_line' id='line_1_8' title="bbox 84 601 1851 655; baseline -0.001 -13"><span class='ocrx_word' id='word_1_71' title='bbox 84 601 296 654; x_wconf 73' lang='lat' dir='ltr'>CanisiuS,</span> <span class='ocrx_word' id='word_1_72' title='bbox 340 615 433 642; x_wconf 84' lang='lat' dir='ltr'>cum</span> <span class='ocrx_word' id='word_1_73' title='bbox 473 602 518 641; x_wconf 80' lang='lat' dir='ltr'>in</span> <span class='ocrx_word' id='word_1_74' title='bbox 550 602 790 642; x_wconf 82' lang='lat' dir='ltr'>litterarum</span> <span class='ocrx_word' id='word_1_75' title='bbox 829 614 1119 654; x_wconf 73' lang='lat' dir='ltr'>romanarum,</span> <span class='ocrx_word' id='word_1_76' title='bbox 1163 614 1270 655; x_wconf 70' lang='lat' dir='ltr'>qztas</span> <span class='ocrx_word' id='word_1_77' title='bbox 1304 601 1411 651; x_wconf 73' lang='lat' dir='ltr'>dixi,</span> <span class='ocrx_word' id='word_1_78' title='bbox 1448 601 1590 654; x_wconf 85' lang='lat' dir='ltr'>primo</span> <span class='ocrx_word' id='word_1_79' title='bbox 1622 601 1756 654; x_wconf 80' lang='lat' dir='ltr'>eapite</span> <span class='ocrx_word' id='word_1_80' title='bbox 1789 613 1851 641; x_wconf 84' lang='lat' dir='ltr'>co-</span> 
     </span>
     <span class='ocr_line' id='line_1_9' title="bbox 78 664 1852 721; baseline 0 -15"><span class='ocrx_word' id='word_1_81' title='bbox 78 667 241 721; x_wconf 86' lang='lat' dir='ltr'>piosius</span> <span class='ocrx_word' id='word_1_82' title='bbox 284 667 475 720; x_wconf 67' lang='lat' dir='ltr'>explieat,</span> <span class='ocrx_word' id='word_1_83' title='bbox 519 681 594 707; x_wconf 75' lang='lat' dir='ltr'>cur</span> <span class='ocrx_word' id='word_1_84' title='bbox 634 680 718 708; x_wconf 85' lang='lat' dir='ltr'>non</span> <span class='ocrx_word' id='word_1_85' title='bbox 759 667 890 707; x_wconf 85' lang='lat' dir='ltr'>solum</span> <span class='ocrx_word' id='word_1_86' title='bbox 934 667 1027 719; x_wconf 75' lang='lat' dir='ltr'>sibi,</span> <span class='ocrx_word' id='word_1_87' title='bbox 1069 665 1142 707; x_wconf 89' lang='lat' dir='ltr'>sed</span> <span class='ocrx_word' id='word_1_88' title='bbox 1184 666 1307 707; x_wconf 87' lang='lat' dir='ltr'>etiam</span> <span class='ocrx_word' id='word_1_89' title='bbox 1347 664 1528 718; x_wconf 79' lang='lat' dir='ltr'>Hoffaeo</span> <span class='ocrx_word' id='word_1_90' title='bbox 1561 665 1608 706; x_wconf 87' lang='lat' dir='ltr'>P.</span> <span class='ocrx_word' id='word_1_91' title='bbox 1645 665 1852 719; x_wconf 69' lang='lat' dir='ltr'>Georyius</span> 
     </span>
     <span class='ocr_line' id='line_1_10' title="bbox 80 729 1850 784; baseline -0.001 -12"><span class='ocrx_word' id='word_1_92' title='bbox 80 731 350 773; x_wconf 78' lang='lat' dir='ltr'>Sehoriehius</span> <span class='ocrx_word' id='word_1_93' title='bbox 390 731 510 772; x_wconf 81' lang='lat' dir='ltr'>haud</span> <span class='ocrx_word' id='word_1_94' title='bbox 552 732 611 771; x_wconf 85' lang='lat' dir='ltr'>ita</span> <span class='ocrx_word' id='word_1_95' title='bbox 649 729 779 783; x_wconf 81' lang='lat' dir='ltr'>facile</span> <span class='ocrx_word' id='word_1_96' title='bbox 820 732 1033 773; x_wconf 75' lang='lat' dir='ltr'>creandus</span> <span class='ocrx_word' id='word_1_97' title='bbox 1073 744 1159 772; x_wconf 86' lang='lat' dir='ltr'>esse</span> <span class='ocrx_word' id='word_1_98' title='bbox 1200 731 1398 771; x_wconf 77' lang='lat' dir='ltr'>videatur</span> <span class='ocrx_word' id='word_1_99' title='bbox 1431 731 1573 771; x_wconf 78' lang='lat' dir='ltr'>doctor</span> <span class='ocrx_word' id='word_1_100' title='bbox 1612 730 1850 784; x_wconf 69' lang='lat' dir='ltr'>tlieoloqiae.</span> 
     </span>
     <span class='ocr_line' id='line_1_11' title="bbox 80 795 668 850; baseline 0.003 -14"><span class='ocrx_word' id='word_1_101' title='bbox 80 796 186 837; x_wconf 85' lang='lat' dir='ltr'>Vide</span> <span class='ocrx_word' id='word_1_102' title='bbox 217 795 352 848; x_wconf 84' lang='lat' dir='ltr'>infra,</span> <span class='ocrx_word' id='word_1_103' title='bbox 387 810 448 850; x_wconf 81' lang='lat' dir='ltr'>ep.</span> <span class='ocrx_word' id='word_1_104' title='bbox 472 810 514 837; x_wconf 83' lang='lat' dir='ltr'>n.</span> <span class='ocrx_word' id='word_1_105' title='bbox 539 797 668 838; x_wconf 81' lang='grc'><strong>1621.</strong></span> 
     </span>
    </p>
   </div>
   <div class='ocr_carea' id='block_1_3' title="bbox 81 943 1852 1033">
    <p class='ocr_par' dir='ltr' id='par_1_3' title="bbox 81 943 1852 1033">
     <span class='ocr_line' id='line_1_12' title="bbox 81 943 1852 988; baseline -0.001 -9"><span class='ocrx_word' id='word_1_106' title='bbox 81 943 224 980; x_wconf 66' lang='grc'><strong>1617.</strong></span> <span class='ocrx_word' id='word_1_107' title='bbox 299 945 360 981; x_wconf 83' lang='grc' dir='ltr'>Ρ.</span> <span class='ocrx_word' id='word_1_108' title='bbox 380 943 763 981; x_wconf 74' lang='lat' dir='ltr'><strong>DOMINIOUS</strong></span> <span class='ocrx_word' id='word_1_109' title='bbox 791 944 1143 981; x_wconf 77' lang='lat' dir='ltr'><strong>MENGINUS</strong></span> <span class='ocrx_word' id='word_1_110' title='bbox 1172 944 1225 981; x_wconf 82' lang='lat' dir='ltr'>S.</span> <span class='ocrx_word' id='word_1_111' title='bbox 1241 944 1296 980; x_wconf 85' lang='lat' dir='ltr'>J.</span> <span class='ocrx_word' id='word_1_112' title='bbox 1324 947 1441 980; x_wconf 86' lang='lat' dir='ltr'>rector</span> <span class='ocrx_word' id='word_1_113' title='bbox 1467 945 1609 988; x_wconf 82' lang='lat' dir='ltr'>collegii</span> <span class='ocrx_word' id='word_1_114' title='bbox 1627 945 1852 979; x_wconf 75' lang='lat' dir='ltr'>monacensis</span> 
     </span>
     <span class='ocr_line' id='line_1_13' title="bbox 248 998 1803 1033; baseline -0.001 0"><span class='ocrx_word' id='word_1_115' title='bbox 248 998 449 1033; x_wconf 84' lang='lat' dir='ltr'>CANISIO.</span> <span class='ocrx_word' id='word_1_116' title='bbox 983 998 1173 1033; x_wconf 85' lang='lat' dir='ltr'>Monachio</span> <span class='ocrx_word' id='word_1_117' title='bbox 1201 999 1297 1033; x_wconf 81' lang='lat' dir='ltr'>circa</span> <span class='ocrx_word' id='word_1_118' title='bbox 1323 998 1465 1032; x_wconf 84' lang='lat' dir='ltr'>initium</span> <span class='ocrx_word' id='word_1_119' title='bbox 1492 1010 1538 1033; x_wconf 84' lang='lat' dir='ltr'>m.</span> <span class='ocrx_word' id='word_1_120' title='bbox 1557 998 1680 1032; x_wconf 84' lang='lat' dir='ltr'>Martii</span> <span class='ocrx_word' id='word_1_121' title='bbox 1703 998 1803 1032; x_wconf 85' lang='lat'>1569.</span> 
     </span>
    </p>
   </div>
   <div class='ocr_carea' id='block_1_4' title="bbox 199 1069 1270 1115">
    <p class='ocr_par' dir='ltr' id='par_1_4' title="bbox 199 1069 1270 1115">
     <span class='ocr_line' id='line_1_14' title="bbox 199 1069 1270 1115; baseline -0.001 -10"><span class='ocrx_word' id='word_1_122' title='bbox 199 1070 256 1105; x_wconf 78' lang='lat' dir='ltr'>Ex</span> <span class='ocrx_word' id='word_1_123' title='bbox 281 1069 436 1115; x_wconf 75' lang='lat' dir='ltr'>epistula</span> <span class='ocrx_word' id='word_1_124' title='bbox 463 1070 505 1103; x_wconf 86' lang='lat' dir='ltr'>ad</span> <span class='ocrx_word' id='word_1_125' title='bbox 534 1069 713 1113; x_wconf 83' lang='lat' dir='ltr'>Borgiam,</span> <span class='ocrx_word' id='word_1_126' title='bbox 742 1069 784 1103; x_wconf 86' lang='lat' dir='ltr'>de</span> <span class='ocrx_word' id='word_1_127' title='bbox 811 1081 881 1113; x_wconf 86' lang='lat' dir='ltr'>qua</span> <span class='ocrx_word' id='word_1_128' title='bbox 907 1070 1011 1110; x_wconf 76' lang='lat' dir='ltr'>infra,</span> <span class='ocrx_word' id='word_1_129' title='bbox 1038 1082 1093 1115; x_wconf 89' lang='lat' dir='ltr'>ep.</span> <span class='ocrx_word' id='word_1_130' title='bbox 1112 1081 1146 1104; x_wconf 91' lang='lat' dir='ltr'>n.</span> <span class='ocrx_word' id='word_1_131' title='bbox 1168 1070 1270 1104; x_wconf 93' lang='grc'><strong>1621.</strong></span> 
     </span>
    </p>
   </div>
   <div class='ocr_carea' id='block_1_5' title="bbox 77 1147 1855 1660">
    <p class='ocr_par' dir='ltr' id='par_1_5' title="bbox 77 1147 1855 1592">
     <span class='ocr_line' id='line_1_15' title="bbox 202 1147 1852 1203; baseline -0.001 -14"><span class='ocrx_word' id='word_1_132' title='bbox 202 1149 401 1190; x_wconf 83' lang='lat' dir='ltr'>Canisius</span> <span class='ocrx_word' id='word_1_133' title='bbox 433 1149 700 1203; x_wconf 81' lang='lat' dir='ltr'>praepositus</span> <span class='ocrx_word' id='word_1_134' title='bbox 730 1149 1007 1203; x_wconf 78' lang='lat' dir='ltr'>provincialis</span> <span class='ocrx_word' id='word_1_135' title='bbox 1029 1149 1224 1203; x_wconf 66' lang='lat' dir='ltr'>Augyusta</span> <span class='ocrx_word' id='word_1_136' title='bbox 1249 1151 1287 1190; x_wconf 81' lang='lat'>5.</span> <span class='ocrx_word' id='word_1_137' title='bbox 1313 1148 1467 1189; x_wconf 85' lang='lat' dir='ltr'>Martii</span> <span class='ocrx_word' id='word_1_138' title='bbox 1491 1149 1605 1190; x_wconf 79' lang='lat'><em>1569</em></span> <span class='ocrx_word' id='word_1_139' title='bbox 1639 1148 1682 1190; x_wconf 80' lang='lat' dir='ltr'>S.</span> <span class='ocrx_word' id='word_1_140' title='bbox 1707 1147 1852 1188; x_wconf 80' lang='lat' dir='ltr'>Fran-</span> 
     </span>
     <span class='ocr_line' id='line_1_16' title="bbox 81 1214 1849 1269; baseline -0.001 -14"><span class='ocrx_word' id='word_1_141' title='bbox 81 1215 185 1255; x_wconf 82' lang='lat' dir='ltr'>ciseo</span> <span class='ocrx_word' id='word_1_142' title='bbox 218 1214 403 1269; x_wconf 70' lang='lat' dir='ltr'>Boryiae</span> <span class='ocrx_word' id='word_1_143' title='bbox 440 1215 680 1268; x_wconf 85' lang='lat' dir='ltr'>praeposito</span> <span class='ocrx_word' id='word_1_144' title='bbox 718 1215 910 1267; x_wconf 49' lang='lat' dir='ltr'>‚qenerali</span> <span class='ocrx_word' id='word_1_145' title='bbox 947 1214 1147 1265; x_wconf 78' lang='lat' dir='ltr'>scribens,</span> <span class='ocrx_word' id='word_1_146' title='bbox 1190 1215 1277 1267; x_wconf 69' lang='lat' dir='ltr'>hoe,</span> <span class='ocrx_word' id='word_1_147' title='bbox 1319 1219 1489 1268; x_wconf 84' lang='lat' dir='ltr'>praeter</span> <span class='ocrx_word' id='word_1_148' title='bbox 1522 1214 1625 1266; x_wconf 75' lang='lat' dir='ltr'>alia,</span> <span class='ocrx_word' id='word_1_149' title='bbox 1669 1214 1728 1254; x_wconf 85' lang='lat' dir='ltr'>ad</span> <span class='ocrx_word' id='word_1_150' title='bbox 1760 1227 1849 1254; x_wconf 81' lang='lat' dir='ltr'>eum</span> 
     </span>
     <span class='ocr_line' id='line_1_17' title="bbox 81 1277 1852 1334; baseline -0.001 -14"><span class='ocrx_word' id='word_1_151' title='bbox 81 1280 239 1320; x_wconf 87' lang='lat' dir='ltr'>rettulit</span> <span class='ocrx_word' id='word_1_152' title='bbox 272 1278 324 1320; x_wconf 83' lang='lat' dir='ltr'>de</span> <span class='ocrx_word' id='word_1_153' title='bbox 354 1279 403 1321; x_wconf 83' lang='lat' dir='ltr'>P.</span> <span class='ocrx_word' id='word_1_154' title='bbox 445 1278 601 1320; x_wconf 80' lang='lat' dir='ltr'>lema</span> <span class='ocrx_word' id='word_1_155' title='bbox 635 1279 758 1319; x_wconf 82' lang='lat' dir='ltr'>Gallo</span> <span class='ocrx_word' id='word_1_156' title='bbox 791 1277 866 1332; x_wconf 82' lang='lat' dir='ltr'>(cf.</span> <span class='ocrx_word' id='word_1_157' title='bbox 901 1293 1036 1333; x_wconf 82' lang='lat' dir='ltr'>supra</span> <span class='ocrx_word' id='word_1_158' title='bbox 1068 1294 1113 1334; x_wconf 86' lang='lat' dir='ltr'>p.</span> <span class='ocrx_word' id='word_1_159' title='bbox 1136 1278 1270 1331; x_wconf 64' lang='lat'>2559.-</span> <span class='ocrx_word' id='word_1_160' title='bbox 1316 1279 1407 1331; x_wconf 82' lang='lat' dir='ltr'>„De</span> <span class='ocrx_word' id='word_1_161' title='bbox 1439 1280 1508 1320; x_wconf 72' lang='lat' dir='ltr'>illo</span> <span class='ocrx_word' id='word_1_162' title='bbox 1541 1278 1731 1320; x_wconf 80' lang='lat' dir='ltr'>scribunt</span> <span class='ocrx_word' id='word_1_163' title='bbox 1763 1278 1852 1320; x_wconf 84' lang='lat' dir='ltr'>Mo-</span> 
     </span>
     <span class='ocr_line' id='line_1_18' title="bbox 81 1344 1851 1399; baseline -0.001 -14"><span class='ocrx_word' id='word_1_164' title='bbox 81 1344 339 1395; x_wconf 75' lang='lat' dir='ltr'>nachienses,</span> <span class='ocrx_word' id='word_1_165' title='bbox 385 1349 420 1385; x_wconf 83' lang='lat' dir='ltr'>et</span> <span class='ocrx_word' id='word_1_166' title='bbox 461 1345 671 1385; x_wconf 80' lang='lat' dir='ltr'>communi</span> <span class='ocrx_word' id='word_1_167' title='bbox 711 1345 897 1384; x_wconf 84' lang='lat' dir='ltr'>omnium</span> <span class='ocrx_word' id='word_1_168' title='bbox 940 1346 1107 1386; x_wconf 79' lang='lat' dir='ltr'>nomine</span> <span class='ocrx_word' id='word_1_169' title='bbox 1149 1349 1310 1399; x_wconf 68' lang='lat' dir='ltr'>royant,</span> <span class='ocrx_word' id='word_1_170' title='bbox 1354 1349 1393 1384; x_wconf 73' lang='lat' dir='ltr'>rt</span> <span class='ocrx_word' id='word_1_171' title='bbox 1427 1345 1511 1385; x_wconf 84' lang='lat' dir='ltr'>alio</span> <span class='ocrx_word' id='word_1_172' title='bbox 1543 1344 1612 1385; x_wconf 89' lang='lat' dir='ltr'>ille</span> <span class='ocrx_word' id='word_1_173' title='bbox 1643 1345 1851 1394; x_wconf 75' lang='lat' dir='ltr'>mittatur,</span> 
     </span>
     <span class='ocr_line' id='line_1_19' title="bbox 81 1408 1855 1464; baseline 0 -14"><span class='ocrx_word' id='word_1_174' title='bbox 81 1410 182 1464; x_wconf 79' lang='lat' dir='ltr'>quia</span> <span class='ocrx_word' id='word_1_175' title='bbox 212 1409 427 1463; x_wconf 82' lang='lat' dir='ltr'>perturbet</span> <span class='ocrx_word' id='word_1_176' title='bbox 457 1423 599 1464; x_wconf 81' lang='lat' dir='ltr'>pacem</span> <span class='ocrx_word' id='word_1_177' title='bbox 624 1410 794 1464; x_wconf 54' lang='lat' dir='ltr'>eolleqij)</span> <span class='ocrx_word' id='word_1_178' title='bbox 829 1414 865 1450; x_wconf 87' lang='lat' dir='ltr'>et</span> <span class='ocrx_word' id='word_1_179' title='bbox 887 1409 1077 1462; x_wconf 81' lang='lat' dir='ltr'>offendat</span> <span class='ocrx_word' id='word_1_180' title='bbox 1099 1415 1258 1451; x_wconf 72' lang='lat' dir='ltr'>exteros</span> <span class='ocrx_word' id='word_1_181' title='bbox 1281 1410 1416 1451; x_wconf 79' lang='lat' dir='ltr'>nimia</span> <span class='ocrx_word' id='word_1_182' title='bbox 1439 1423 1519 1450; x_wconf 83' lang='lat' dir='ltr'>sua</span> <span class='ocrx_word' id='word_1_183' title='bbox 1543 1424 1635 1450; x_wconf 81' lang='lat' dir='ltr'>eum</span> <span class='ocrx_word' id='word_1_184' title='bbox 1654 1408 1855 1462; x_wconf 76' lang='lat' dir='ltr'>foeminis</span> 
     </span>
     <span class='ocr_line' id='line_1_20' title="bbox 78 1474 1852 1530; baseline 0 -15"><span class='ocrx_word' id='word_1_185' title='bbox 78 1474 392 1527; x_wconf 74' lang='lat' dir='ltr'>familiaritate,</span> <span class='ocrx_word' id='word_1_186' title='bbox 436 1480 473 1516; x_wconf 89' lang='lat' dir='ltr'>et</span> <span class='ocrx_word' id='word_1_187' title='bbox 510 1489 617 1529; x_wconf 78' lang='lat' dir='ltr'>prae</span> <span class='ocrx_word' id='word_1_188' title='bbox 657 1489 700 1516; x_wconf 86' lang='lat' dir='ltr'>se</span> <span class='ocrx_word' id='word_1_189' title='bbox 741 1479 988 1528; x_wconf 74' lang='lat' dir='ltr'>contemnat,</span> <span class='ocrx_word' id='word_1_190' title='bbox 1033 1480 1155 1530; x_wconf 75' lang='lat' dir='ltr'>atque</span> <span class='ocrx_word' id='word_1_191' title='bbox 1197 1475 1404 1516; x_wconf 73' lang='lat' dir='ltr'>contemni</span> <span class='ocrx_word' id='word_1_192' title='bbox 1441 1474 1580 1527; x_wconf 81' lang='lat' dir='ltr'>faeiat</span> <span class='ocrx_word' id='word_1_193' title='bbox 1621 1476 1727 1516; x_wconf 87' lang='lat' dir='ltr'>alios</span> <span class='ocrx_word' id='word_1_194' title='bbox 1759 1489 1852 1516; x_wconf 84' lang='lat' dir='ltr'>eon-</span> 
     </span>
     <span class='ocr_line' id='line_1_21' title="bbox 77 1539 327 1592; baseline 0.004 -11"><span class='ocrx_word' id='word_1_195' title='bbox 77 1539 298 1592; x_wconf 85' lang='lat' dir='ltr'>fessarios.</span> <span class='ocrx_word' id='word_1_196' title='bbox 309 1539 327 1557; x_wconf 83' lang='lat'>“</span> 
     </span>
    </p>

    <p class='ocr_par' dir='ltr' id='par_1_6' title="bbox 201 1614 1407 1660">
     <span class='ocr_line' id='line_1_22' title="bbox 201 1614 1407 1660; baseline -0.001 -11"><span class='ocrx_word' id='word_1_197' title='bbox 201 1615 365 1650; x_wconf 87' lang='lat' dir='ltr'>Canisius</span> <span class='ocrx_word' id='word_1_198' title='bbox 391 1615 562 1658; x_wconf 84' lang='lat' dir='ltr'>Mengino</span> <span class='ocrx_word' id='word_1_199' title='bbox 587 1615 773 1660; x_wconf 78' lang='lat' dir='ltr'>respondit</span> <span class='ocrx_word' id='word_1_200' title='bbox 798 1615 905 1660; x_wconf 78' lang='lat' dir='ltr'>paulo</span> <span class='ocrx_word' id='word_1_201' title='bbox 931 1617 1015 1649; x_wconf 80' lang='lat' dir='ltr'>ante</span> <span class='ocrx_word' id='word_1_202' title='bbox 1042 1614 1074 1649; x_wconf 91' lang='lat' dir='ltr'>d.</span> <span class='ocrx_word' id='word_1_203' title='bbox 1102 1615 1134 1649; x_wconf 88' lang='lat'>6.</span> <span class='ocrx_word' id='word_1_204' title='bbox 1161 1614 1284 1649; x_wconf 85' lang='lat' dir='ltr'>Martii</span> <span class='ocrx_word' id='word_1_205' title='bbox 1306 1614 1407 1649; x_wconf 79' lang='lat'>1569.</span> 
     </span>
    </p>
   </div>
   <div class='ocr_carea' id='block_1_6' title="bbox 82 1746 1365 1784">
    <p class='ocr_par' dir='ltr' id='par_1_7' title="bbox 82 1746 1365 1784">
     <span class='ocr_line' id='line_1_23' title="bbox 82 1746 1365 1784; baseline -0.001 0"><span class='ocrx_word' id='word_1_206' title='bbox 82 1746 229 1784; x_wconf 78' lang='lat'>1618.</span> <span class='ocrx_word' id='word_1_207' title='bbox 304 1747 365 1784; x_wconf 86' lang='lat' dir='ltr'>P.</span> <span class='ocrx_word' id='word_1_208' title='bbox 395 1746 680 1784; x_wconf 73' lang='lat' dir='ltr'><strong>THOMAS</strong></span> <span class='ocrx_word' id='word_1_209' title='bbox 709 1747 977 1784; x_wconf 73' lang='lat' dir='ltr'><strong>GALLUS</strong></span> <span class='ocrx_word' id='word_1_210' title='bbox 1006 1747 1060 1784; x_wconf 87' lang='lat' dir='ltr'>S.</span> <span class='ocrx_word' id='word_1_211' title='bbox 1080 1747 1134 1784; x_wconf 84' lang='lat' dir='ltr'>J.</span> <span class='ocrx_word' id='word_1_212' title='bbox 1163 1748 1365 1784; x_wconf 86' lang='lat' dir='ltr'>CANISIO.</span> 
     </span>
    </p>
   </div>
   <div class='ocr_carea' id='block_1_7' title="bbox 198 1802 1805 1919">
    <p class='ocr_par' dir='ltr' id='par_1_8' title="bbox 198 1802 1805 1919">
     <span class='ocr_line' id='line_1_24' title="bbox 984 1802 1805 1839; baseline 0.002 -3"><span class='ocrx_word' id='word_1_213' title='bbox 984 1802 1175 1837; x_wconf 86' lang='lat' dir='ltr'>Monachio</span> <span class='ocrx_word' id='word_1_214' title='bbox 1202 1803 1299 1837; x_wconf 84' lang='lat' dir='ltr'>circa</span> <span class='ocrx_word' id='word_1_215' title='bbox 1326 1802 1468 1836; x_wconf 89' lang='lat' dir='ltr'>initium</span> <span class='ocrx_word' id='word_1_216' title='bbox 1494 1814 1539 1837; x_wconf 89' lang='lat' dir='ltr'>m.</span> <span class='ocrx_word' id='word_1_217' title='bbox 1559 1803 1682 1837; x_wconf 80' lang='lat' dir='ltr'>Martii</span> <span class='ocrx_word' id='word_1_218' title='bbox 1703 1804 1805 1839; x_wconf 85' lang='lat'>1569.</span> 
     </span>
     <span class='ocr_line' id='line_1_25' title="bbox 198 1872 1274 1919; baseline 0.002 -12"><span class='ocrx_word' id='word_1_219' title='bbox 198 1872 255 1907; x_wconf 84' lang='lat' dir='ltr'>Ex</span> <span class='ocrx_word' id='word_1_220' title='bbox 281 1873 438 1918; x_wconf 82' lang='lat' dir='ltr'>epistula</span> <span class='ocrx_word' id='word_1_221' title='bbox 464 1873 509 1907; x_wconf 82' lang='lat' dir='ltr'>ad</span> <span class='ocrx_word' id='word_1_222' title='bbox 536 1873 714 1917; x_wconf 82' lang='lat' dir='ltr'>Borgiam,</span> <span class='ocrx_word' id='word_1_223' title='bbox 742 1873 785 1907; x_wconf 88' lang='lat' dir='ltr'>de</span> <span class='ocrx_word' id='word_1_224' title='bbox 811 1885 883 1918; x_wconf 87' lang='lat' dir='ltr'>qua</span> <span class='ocrx_word' id='word_1_225' title='bbox 908 1873 1013 1914; x_wconf 71' lang='lat' dir='ltr'>infra,</span> <span class='ocrx_word' id='word_1_226' title='bbox 1042 1886 1096 1919; x_wconf 90' lang='lat' dir='ltr'>ep.</span> <span class='ocrx_word' id='word_1_227' title='bbox 1115 1886 1151 1908; x_wconf 89' lang='lat' dir='ltr'>n.</span> <span class='ocrx_word' id='word_1_228' title='bbox 1172 1874 1274 1909; x_wconf 87' lang='grc'><strong>1621.</strong></span> 
     </span>
    </p>
   </div>
   <div class='ocr_carea' id='block_1_8' title="bbox 79 1945 1855 2149">
    <p class='ocr_par' dir='ltr' id='par_1_9' title="bbox 79 1945 1855 2149">
     <span class='ocr_line' id='line_1_26' title="bbox 199 1945 1855 1989; baseline 0 -10"><span class='ocrx_word' id='word_1_229' title='bbox 199 1946 253 1979; x_wconf 89' lang='lat' dir='ltr'>De</span> <span class='ocrx_word' id='word_1_230' title='bbox 278 1945 317 1978; x_wconf 88' lang='lat' dir='ltr'>P.</span> <span class='ocrx_word' id='word_1_231' title='bbox 343 1945 476 1978; x_wconf 81' lang='lat' dir='ltr'>Thoma</span> <span class='ocrx_word' id='word_1_232' title='bbox 499 1945 603 1978; x_wconf 86' lang='lat' dir='ltr'>Gallo</span> <span class='ocrx_word' id='word_1_233' title='bbox 625 1946 793 1978; x_wconf 80' lang='lat' dir='ltr'>Canisius</span> <span class='ocrx_word' id='word_1_234' title='bbox 812 1946 1043 1988; x_wconf 82' lang='lat' dir='ltr'>praepositus</span> <span class='ocrx_word' id='word_1_235' title='bbox 1063 1946 1303 1988; x_wconf 81' lang='lat' dir='ltr'>provincialis</span> <span class='ocrx_word' id='word_1_236' title='bbox 1329 1946 1456 1979; x_wconf 85' lang='lat' dir='ltr'>litteris</span> <span class='ocrx_word' id='word_1_237' title='bbox 1482 1947 1646 1989; x_wconf 73' lang='lat' dir='ltr'>Auyusta</span> <span class='ocrx_word' id='word_1_238' title='bbox 1673 1948 1705 1979; x_wconf 82' lang='lat'>5.</span> <span class='ocrx_word' id='word_1_239' title='bbox 1724 1946 1855 1979; x_wconf 75' lang='lat' dir='ltr'>Martii</span> 
     </span>
     <span class='ocr_line' id='line_1_27' title="bbox 82 1999 1851 2043; baseline -0.001 -11"><span class='ocrx_word' id='word_1_240' title='bbox 82 2000 173 2032; x_wconf 87' lang='grc'><strong>1569</strong></span> <span class='ocrx_word' id='word_1_241' title='bbox 199 1999 294 2031; x_wconf 85' lang='lat' dir='ltr'>datis</span> <span class='ocrx_word' id='word_1_242' title='bbox 327 1999 423 2041; x_wconf 81' lang='lat' dir='ltr'>haee,</span> <span class='ocrx_word' id='word_1_243' title='bbox 456 2003 600 2041; x_wconf 76' lang='lat' dir='ltr'>praeter</span> <span class='ocrx_word' id='word_1_244' title='bbox 635 1999 722 2042; x_wconf 83' lang='lat' dir='ltr'>alia,</span> <span class='ocrx_word' id='word_1_245' title='bbox 758 1999 805 2031; x_wconf 89' lang='lat' dir='ltr'>ad</span> <span class='ocrx_word' id='word_1_246' title='bbox 841 1999 879 2032; x_wconf 89' lang='lat' dir='ltr'>S.</span> <span class='ocrx_word' id='word_1_247' title='bbox 906 2000 1146 2032; x_wconf 69' lang='lat' dir='ltr'>Francisemn</span> <span class='ocrx_word' id='word_1_248' title='bbox 1172 2000 1345 2043; x_wconf 72' lang='lat' dir='ltr'>Boryz&#39;am</span> <span class='ocrx_word' id='word_1_249' title='bbox 1375 2000 1623 2043; x_wconf 73' lang='lat' dir='ltr'>praepositmn</span> <span class='ocrx_word' id='word_1_250' title='bbox 1653 2000 1851 2043; x_wconf 72' lang='lat' dir='ltr'>yeneralem</span> 
     </span>
     <span class='ocr_line' id='line_1_28' title="bbox 79 2052 1854 2097; baseline 0.002 -13"><span class='ocrx_word' id='word_1_251' title='bbox 79 2052 236 2085; x_wconf 83' lang='lat' dir='ltr'>rettulit:</span> <span class='ocrx_word' id='word_1_252' title='bbox 272 2053 409 2096; x_wconf 82' lang='lat' dir='ltr'>„Redeo</span> <span class='ocrx_word' id='word_1_253' title='bbox 444 2053 492 2085; x_wconf 88' lang='lat' dir='ltr'>ad</span> <span class='ocrx_word' id='word_1_254' title='bbox 518 2052 556 2086; x_wconf 87' lang='lat' dir='ltr'>P.</span> <span class='ocrx_word' id='word_1_255' title='bbox 583 2052 765 2095; x_wconf 77' lang='lat' dir='ltr'>Thomam,</span> <span class='ocrx_word' id='word_1_256' title='bbox 801 2054 865 2096; x_wconf 76' lang='lat' dir='ltr'>qui</span> <span class='ocrx_word' id='word_1_257' title='bbox 890 2052 1015 2086; x_wconf 75' lang='lat' dir='ltr'>literas</span> <span class='ocrx_word' id='word_1_258' title='bbox 1042 2053 1234 2086; x_wconf 75' lang='lat' dir='ltr'>adiunctas</span> <span class='ocrx_word' id='word_1_259' title='bbox 1260 2054 1377 2097; x_wconf 75' lang='lat' dir='ltr'>mittit,</span> <span class='ocrx_word' id='word_1_260' title='bbox 1415 2064 1535 2096; x_wconf 76' lang='lat' dir='ltr'>meque</span> <span class='ocrx_word' id='word_1_261' title='bbox 1560 2058 1663 2096; x_wconf 69' lang='lat' dir='ltr'>royat</span> <span class='ocrx_word' id='word_1_262' title='bbox 1688 2055 1854 2097; x_wconf 76' lang='lat' dir='ltr'>maxime,</span> 
     </span>
     <span class='ocr_line' id='line_1_29' title="bbox 79 2103 960 2149; baseline 0.001 -11"><span class='ocrx_word' id='word_1_263' title='bbox 79 2110 112 2138; x_wconf 79' lang='lat' dir='ltr'>vt</span> <span class='ocrx_word' id='word_1_264' title='bbox 136 2116 344 2148; x_wconf 81' lang='lat' dir='ltr'>responsum</span> <span class='ocrx_word' id='word_1_265' title='bbox 370 2106 426 2138; x_wconf 81' lang='lat' dir='ltr'>illi</span> <span class='ocrx_word' id='word_1_266' title='bbox 452 2107 717 2149; x_wconf 75' lang='lat' dir='ltr'>Quamprimum</span> <span class='ocrx_word' id='word_1_267' title='bbox 743 2103 960 2149; x_wconf 82' lang='lat' dir='ltr'>impetrem.“</span> 
     </span>
    </p>
   </div>
   <div class='ocr_carea' id='block_1_9' title="bbox 80 2237 1854 2284">
    <p class='ocr_par' dir='ltr' id='par_1_10' title="bbox 80 2237 1854 2284">
     <span class='ocr_line' id='line_1_30' title="bbox 80 2237 1854 2284; baseline 0 -10"><span class='ocrx_word' id='word_1_268' title='bbox 80 2237 225 2274; x_wconf 80' lang='grc'><strong>1619.</strong></span> <span class='ocrx_word' id='word_1_269' title='bbox 326 2238 544 2273; x_wconf 81' lang='lat' dir='ltr'>CANISIUS</span> <span class='ocrx_word' id='word_1_270' title='bbox 580 2237 641 2274; x_wconf 84' lang='grc' dir='ltr'>Ρ.</span> <span class='ocrx_word' id='word_1_271' title='bbox 669 2237 1014 2275; x_wconf 76' lang='grc' dir='ltr'><strong>ΒθΜΙΝῙΟθ</strong></span> <span class='ocrx_word' id='word_1_272' title='bbox 1044 2238 1358 2276; x_wconf 76' lang='lat' dir='ltr'><strong>MENGINO</strong></span> <span class='ocrx_word' id='word_1_273' title='bbox 1388 2239 1442 2276; x_wconf 84' lang='lat' dir='ltr'>S.</span> <span class='ocrx_word' id='word_1_274' title='bbox 1462 2239 1517 2276; x_wconf 85' lang='lat' dir='ltr'>J.</span> <span class='ocrx_word' id='word_1_275' title='bbox 1545 2240 1676 2275; x_wconf 75' lang='lat' dir='ltr'>rectori</span> <span class='ocrx_word' id='word_1_276' title='bbox 1711 2239 1854 2284; x_wconf 83' lang='lat' dir='ltr'>collegii</span> 
     </span>
    </p>
   </div>
   <div class='ocr_carea' id='block_1_10' title="bbox 199 2292 1805 2409">
    <p class='ocr_par' dir='ltr' id='par_1_11' title="bbox 199 2292 1805 2409">
     <span class='ocr_line' id='line_1_31' title="bbox 269 2292 1805 2337; baseline 0.001 -11"><span class='ocrx_word' id='word_1_277' title='bbox 269 2292 506 2327; x_wconf 80' lang='lat' dir='ltr'>monacensis.</span> <span class='ocrx_word' id='word_1_278' title='bbox 875 2294 1042 2337; x_wconf 84' lang='lat' dir='ltr'>Augusta</span> <span class='ocrx_word' id='word_1_279' title='bbox 1068 2293 1339 2328; x_wconf 83' lang='lat' dir='ltr'>Vindelicorum</span> <span class='ocrx_word' id='word_1_280' title='bbox 1365 2294 1468 2328; x_wconf 89' lang='lat' dir='ltr'>initio</span> <span class='ocrx_word' id='word_1_281' title='bbox 1494 2306 1540 2328; x_wconf 91' lang='lat' dir='ltr'>m.</span> <span class='ocrx_word' id='word_1_282' title='bbox 1560 2294 1682 2328; x_wconf 87' lang='lat' dir='ltr'>Martii</span> <span class='ocrx_word' id='word_1_283' title='bbox 1704 2294 1805 2329; x_wconf 81' lang='lat'>1569.</span> 
     </span>
     <span class='ocr_line' id='line_1_32' title="bbox 199 2363 1273 2409; baseline 0.001 -12"><span class='ocrx_word' id='word_1_284' title='bbox 199 2363 255 2397; x_wconf 82' lang='lat' dir='ltr'>Ex</span> <span class='ocrx_word' id='word_1_285' title='bbox 281 2363 437 2408; x_wconf 83' lang='lat' dir='ltr'>epistula</span> <span class='ocrx_word' id='word_1_286' title='bbox 463 2363 507 2397; x_wconf 85' lang='lat' dir='ltr'>ad</span> <span class='ocrx_word' id='word_1_287' title='bbox 534 2363 714 2407; x_wconf 83' lang='lat' dir='ltr'>Borgiam,</span> <span class='ocrx_word' id='word_1_288' title='bbox 741 2364 784 2398; x_wconf 90' lang='lat' dir='ltr'>de</span> <span class='ocrx_word' id='word_1_289' title='bbox 811 2375 883 2408; x_wconf 89' lang='lat' dir='ltr'>qua</span> <span class='ocrx_word' id='word_1_290' title='bbox 909 2363 1014 2405; x_wconf 84' lang='lat' dir='ltr'>infra,</span> <span class='ocrx_word' id='word_1_291' title='bbox 1042 2375 1096 2409; x_wconf 89' lang='lat' dir='ltr'>ep.</span> <span class='ocrx_word' id='word_1_292' title='bbox 1116 2376 1149 2398; x_wconf 91' lang='lat' dir='ltr'>n.</span> <span class='ocrx_word' id='word_1_293' title='bbox 1172 2364 1273 2398; x_wconf 90' lang='grc'><strong>1621.</strong></span> 
     </span>
    </p>
   </div>
   <div class='ocr_carea' id='block_1_11' title="bbox 73 2436 1856 3014">
    <p class='ocr_par' dir='ltr' id='par_1_12' title="bbox 73 2436 1856 3014">
     <span class='ocr_line' id='line_1_33' title="bbox 203 2436 1852 2479; baseline -0.001 -10"><span class='ocrx_word' id='word_1_294' title='bbox 203 2436 372 2469; x_wconf 67' lang='lat' dir='ltr'>Oct-nisius</span> <span class='ocrx_word' id='word_1_295' title='bbox 391 2436 620 2478; x_wconf 84' lang='lat' dir='ltr'>praepositus</span> <span class='ocrx_word' id='word_1_296' title='bbox 632 2436 872 2478; x_wconf 75' lang='lat' dir='ltr'>provincialis</span> <span class='ocrx_word' id='word_1_297' title='bbox 896 2437 936 2469; x_wconf 81' lang='lat' dir='ltr'>in</span> <span class='ocrx_word' id='word_1_298' title='bbox 963 2437 1093 2469; x_wconf 78' lang='lat' dir='ltr'>litteris</span> <span class='ocrx_word' id='word_1_299' title='bbox 1111 2437 1276 2479; x_wconf 30' lang='lat' dir='ltr'>Azfctqusta</span> <span class='ocrx_word' id='word_1_300' title='bbox 1296 2439 1326 2470; x_wconf 84' lang='lat'>5.</span> <span class='ocrx_word' id='word_1_301' title='bbox 1346 2437 1478 2469; x_wconf 82' lang='lat' dir='ltr'>Martii</span> <span class='ocrx_word' id='word_1_302' title='bbox 1498 2438 1589 2469; x_wconf 82' lang='lat'><em>1569</em></span> <span class='ocrx_word' id='word_1_303' title='bbox 1615 2437 1663 2469; x_wconf 88' lang='lat' dir='ltr'>ad</span> <span class='ocrx_word' id='word_1_304' title='bbox 1682 2437 1718 2470; x_wconf 88' lang='lat' dir='ltr'>S.</span> <span class='ocrx_word' id='word_1_305' title='bbox 1734 2436 1852 2469; x_wconf 86' lang='lat' dir='ltr'>Fran-</span> 
     </span>
     <span class='ocr_line' id='line_1_34' title="bbox 79 2489 1855 2532; baseline -0.001 -9"><span class='ocrx_word' id='word_1_306' title='bbox 79 2491 210 2523; x_wconf 79' lang='lat' dir='ltr'>ciscum</span> <span class='ocrx_word' id='word_1_307' title='bbox 236 2489 408 2532; x_wconf 41' lang='lat' dir='ltr'>Bor-(siam</span> <span class='ocrx_word' id='word_1_308' title='bbox 438 2490 686 2532; x_wconf 80' lang='lat' dir='ltr'>praepositum</span> <span class='ocrx_word' id='word_1_309' title='bbox 709 2491 909 2532; x_wconf 34' lang='lat' dir='ltr'>‘qeneralem</span> <span class='ocrx_word' id='word_1_310' title='bbox 945 2490 1041 2523; x_wconf 85' lang='lat' dir='ltr'>datis</span> <span class='ocrx_word' id='word_1_311' title='bbox 1071 2490 1207 2523; x_wconf 83' lang='lat' dir='ltr'>rettulit</span> <span class='ocrx_word' id='word_1_312' title='bbox 1243 2491 1365 2524; x_wconf 79' lang='lat' dir='ltr'>Socios</span> <span class='ocrx_word' id='word_1_313' title='bbox 1397 2501 1620 2523; x_wconf 84' lang='lat' dir='ltr'>monacenses</span> <span class='ocrx_word' id='word_1_314' title='bbox 1654 2500 1677 2522; x_wconf 86' lang='lat' dir='ltr'>a</span> <span class='ocrx_word' id='word_1_315' title='bbox 1708 2501 1743 2523; x_wconf 86' lang='lat' dir='ltr'>se</span> <span class='ocrx_word' id='word_1_316' title='bbox 1763 2490 1855 2532; x_wconf 78' lang='lat' dir='ltr'>peti-</span> 
     </span>
     <span class='ocr_line' id='line_1_35' title="bbox 79 2542 1853 2587; baseline 0.001 -12"><span class='ocrx_word' id='word_1_317' title='bbox 79 2544 176 2586; x_wconf 82' lang='lat' dir='ltr'>visse,</span> <span class='ocrx_word' id='word_1_318' title='bbox 204 2547 240 2575; x_wconf 87' lang='lat' dir='ltr'>ut</span> <span class='ocrx_word' id='word_1_319' title='bbox 260 2543 298 2576; x_wconf 83' lang='lat' dir='ltr'>P.</span> <span class='ocrx_word' id='word_1_320' title='bbox 318 2542 490 2576; x_wconf 77' lang='lat' dir='ltr'>Tliomam</span> <span class='ocrx_word' id='word_1_321' title='bbox 512 2543 657 2576; x_wconf 85' lang='lat' dir='ltr'>Gallum</span> <span class='ocrx_word' id='word_1_322' title='bbox 676 2542 879 2585; x_wconf 81' lang='lat' dir='ltr'>Monaelzio,</span> <span class='ocrx_word' id='word_1_323' title='bbox 908 2543 968 2575; x_wconf 82' lang='lat' dir='ltr'>ubi</span> <span class='ocrx_word' id='word_1_324' title='bbox 990 2554 1123 2586; x_wconf 80' lang='lat' dir='ltr'>parum</span> <span class='ocrx_word' id='word_1_325' title='bbox 1142 2547 1235 2576; x_wconf 80' lang='lat' dir='ltr'>recte</span> <span class='ocrx_word' id='word_1_326' title='bbox 1259 2554 1294 2577; x_wconf 85' lang='lat' dir='ltr'>se</span> <span class='ocrx_word' id='word_1_327' title='bbox 1317 2548 1465 2587; x_wconf 78' lang='lat' dir='ltr'>9ereret,</span> <span class='ocrx_word' id='word_1_328' title='bbox 1493 2548 1655 2577; x_wconf 75' lang='lat' dir='ltr'>avocaret</span> <span class='ocrx_word' id='word_1_329' title='bbox 1674 2544 1722 2584; x_wconf 73' lang='lat' dir='ltr'>(c.</span> <span class='ocrx_word' id='word_1_330' title='bbox 1740 2554 1853 2586; x_wconf 82' lang='lat' dir='ltr'>supra</span> 
     </span>
     <span class='ocr_line' id='line_1_36' title="bbox 74 2596 1855 2640; baseline 0 -11"><span class='ocrx_word' id='word_1_331' title='bbox 74 2608 112 2639; x_wconf 85' lang='lat' dir='ltr'>p.</span> <span class='ocrx_word' id='word_1_332' title='bbox 132 2596 248 2637; x_wconf 77' lang='lat'><em>258);</em></span> <span class='ocrx_word' id='word_1_333' title='bbox 281 2597 406 2629; x_wconf 80' lang='lat' dir='ltr'>deinde</span> <span class='ocrx_word' id='word_1_334' title='bbox 431 2597 517 2629; x_wconf 78' lang='lat' dir='ltr'>haec</span> <span class='ocrx_word' id='word_1_335' title='bbox 542 2597 706 2630; x_wconf 76' lang='lat' dir='ltr'>addidit:</span> <span class='ocrx_word' id='word_1_336' title='bbox 743 2597 946 2639; x_wconf 75' lang='lat' dir='ltr'>„Respondi</span> <span class='ocrx_word' id='word_1_337' title='bbox 977 2608 1047 2640; x_wconf 68' lang='lat' dir='ltr'>eqo,</span> <span class='ocrx_word' id='word_1_338' title='bbox 1075 2607 1145 2630; x_wconf 80' lang='lat' dir='ltr'>non</span> <span class='ocrx_word' id='word_1_339' title='bbox 1167 2608 1271 2640; x_wconf 80' lang='lat' dir='ltr'>posse</span> <span class='ocrx_word' id='word_1_340' title='bbox 1301 2598 1405 2630; x_wconf 80' lang='lat' dir='ltr'>illum·</span> <span class='ocrx_word' id='word_1_341' title='bbox 1440 2598 1513 2631; x_wconf 87' lang='lat' dir='ltr'>alio</span> <span class='ocrx_word' id='word_1_342' title='bbox 1548 2598 1750 2640; x_wconf 71' lang='lat' dir='ltr'>transferri</span> <span class='ocrx_word' id='word_1_343' title='bbox 1774 2602 1855 2629; x_wconf 87' lang='lat' dir='ltr'>ante</span> 
     </span>
     <span class='ocr_line' id='line_1_37' title="bbox 79 2650 1856 2694; baseline 0 -11"><span class='ocrx_word' id='word_1_344' title='bbox 79 2654 257 2692; x_wconf 80' lang='lat' dir='ltr'>acceptum</span> <span class='ocrx_word' id='word_1_345' title='bbox 283 2661 326 2682; x_wconf 77' lang='lat' dir='ltr'>ex</span> <span class='ocrx_word' id='word_1_346' title='bbox 344 2650 434 2683; x_wconf 79' lang='lat' dir='ltr'>Vrbe</span> <span class='ocrx_word' id='word_1_347' title='bbox 452 2661 670 2693; x_wconf 76' lang='lat' dir='ltr'>responsum,</span> <span class='ocrx_word' id='word_1_348' title='bbox 695 2651 875 2692; x_wconf 77' lang='lat' dir='ltr'>patienter</span> <span class='ocrx_word' id='word_1_349' title='bbox 893 2651 1038 2683; x_wconf 78' lang='lat' dir='ltr'>interim</span> <span class='ocrx_word' id='word_1_350' title='bbox 1057 2650 1160 2683; x_wconf 76' lang='lat' dir='ltr'>illum</span> <span class='ocrx_word' id='word_1_351' title='bbox 1176 2651 1378 2694; x_wconf 77' lang='lat' dir='ltr'>ferendum,</span> <span class='ocrx_word' id='word_1_352' title='bbox 1406 2654 1435 2684; x_wconf 92' lang='lat' dir='ltr'>et</span> <span class='ocrx_word' id='word_1_353' title='bbox 1452 2651 1484 2683; x_wconf 84' lang='lat' dir='ltr'>si</span> <span class='ocrx_word' id='word_1_354' title='bbox 1502 2661 1592 2693; x_wconf 79' lang='lat' dir='ltr'>opus</span> <span class='ocrx_word' id='word_1_355' title='bbox 1609 2652 1666 2694; x_wconf 85' lang='lat' dir='ltr'>sit,</span> <span class='ocrx_word' id='word_1_356' title='bbox 1692 2651 1856 2684; x_wconf 83' lang='lat' dir='ltr'>suauiter</span> 
     </span>
     <span class='ocr_line' id='line_1_38' title="bbox 78 2703 1852 2747; baseline 0.001 -12"><span class='ocrx_word' id='word_1_357' title='bbox 78 2703 339 2736; x_wconf 83' lang='lat' dir='ltr'>admonendum</span> <span class='ocrx_word' id='word_1_358' title='bbox 366 2714 444 2737; x_wconf 81' lang='lat' dir='ltr'>esse.</span> <span class='ocrx_word' id='word_1_359' title='bbox 514 2704 573 2736; x_wconf 77' lang='lat' dir='ltr'>Aa</span> <span class='ocrx_word' id='word_1_360' title='bbox 598 2714 838 2737; x_wconf 78' lang='lat' dir='ltr'>monacensem</span> <span class='ocrx_word' id='word_1_361' title='bbox 864 2703 957 2736; x_wconf 77' lang='lat' dir='ltr'>hanc</span> <span class='ocrx_word' id='word_1_362' title='bbox 987 2703 1130 2737; x_wconf 84' lang='lat' dir='ltr'>Canisii</span> <span class='ocrx_word' id='word_1_363' title='bbox 1156 2704 1344 2747; x_wconf 73' lang='lat' dir='ltr'>epistulam</span> <span class='ocrx_word' id='word_1_364' title='bbox 1370 2708 1526 2747; x_wconf 82' lang='lat' dir='ltr'>spectare</span> <span class='ocrx_word' id='word_1_365' title='bbox 1557 2704 1724 2737; x_wconf 69' lang='lat' dir='ltr'>videntur</span> <span class='ocrx_word' id='word_1_366' title='bbox 1749 2705 1852 2737; x_wconf 83' lang='lat' dir='ltr'>etiam</span> 
     </span>
     <span class='ocr_line' id='line_1_39' title="bbox 80 2757 1855 2801; baseline 0.001 -12"><span class='ocrx_word' id='word_1_367' title='bbox 80 2767 132 2800; x_wconf 83' lang='lat' dir='ltr'>ea,</span> <span class='ocrx_word' id='word_1_368' title='bbox 168 2767 258 2800; x_wconf 77' lang='lat' dir='ltr'>quae</span> <span class='ocrx_word' id='word_1_369' title='bbox 291 2757 349 2789; x_wconf 77' lang='lat' dir='ltr'>hie</span> <span class='ocrx_word' id='word_1_370' title='bbox 383 2758 423 2789; x_wconf 82' lang='lat' dir='ltr'>in</span> <span class='ocrx_word' id='word_1_371' title='bbox 460 2757 588 2790; x_wconf 77' lang='lat' dir='ltr'>litteris</span> <span class='ocrx_word' id='word_1_372' title='bbox 622 2757 697 2790; x_wconf 85' lang='lat' dir='ltr'>illis</span> <span class='ocrx_word' id='word_1_373' title='bbox 721 2757 884 2790; x_wconf 84' lang='lat' dir='ltr'>romanis</span> <span class='ocrx_word' id='word_1_374' title='bbox 918 2757 974 2789; x_wconf 75' lang='lat' dir='ltr'>leis</span> <span class='ocrx_word' id='word_1_375' title='bbox 1008 2757 1124 2790; x_wconf 85' lang='lat' dir='ltr'>verbis</span> <span class='ocrx_word' id='word_1_376' title='bbox 1157 2757 1359 2801; x_wconf 70' lang='lat' dir='ltr'>siqnificat:</span> <span class='ocrx_word' id='word_1_377' title='bbox 1396 2758 1573 2801; x_wconf 72' lang='lat' dir='ltr'>„Multum</span> <span class='ocrx_word' id='word_1_378' title='bbox 1599 2758 1731 2800; x_wconf 73' lang='lat' dir='ltr'>neyotii</span> <span class='ocrx_word' id='word_1_379' title='bbox 1755 2757 1855 2790; x_wconf 83' lang='lat' dir='ltr'>nobis</span> 
     </span>
     <span class='ocr_line' id='line_1_40' title="bbox 80 2808 1856 2854; baseline 0.001 -12"><span class='ocrx_word' id='word_1_380' title='bbox 80 2810 264 2843; x_wconf 63' lang='lat' dir='ltr'>exhibetur</span> <span class='ocrx_word' id='word_1_381' title='bbox 286 2808 492 2853; x_wconf 58' lang='lat' dir='ltr'>Monaehrss</span> <span class='ocrx_word' id='word_1_382' title='bbox 513 2814 665 2853; x_wconf 80' lang='lat' dir='ltr'>propter</span> <span class='ocrx_word' id='word_1_383' title='bbox 690 2810 922 2843; x_wconf 75' lang='lat' dir='ltr'>mulierculas</span> <span class='ocrx_word' id='word_1_384' title='bbox 940 2812 1110 2854; x_wconf 77' lang='lat' dir='ltr'>pietatem</span> <span class='ocrx_word' id='word_1_385' title='bbox 1134 2812 1355 2854; x_wconf 71' lang='lat' dir='ltr'>sinyularem</span> <span class='ocrx_word' id='word_1_386' title='bbox 1378 2822 1470 2854; x_wconf 86' lang='lat' dir='ltr'>prae</span> <span class='ocrx_word' id='word_1_387' title='bbox 1494 2822 1529 2844; x_wconf 92' lang='grc'><strong>36</strong></span> <span class='ocrx_word' id='word_1_388' title='bbox 1551 2811 1714 2854; x_wconf 84' lang='lat' dir='ltr'>ferentes,</span> <span class='ocrx_word' id='word_1_389' title='bbox 1744 2821 1856 2854; x_wconf 80' lang='lat' dir='ltr'>„quae</span> 
     </span>
     <span class='ocr_line' id='line_1_41' title="bbox 79 2863 1856 2908; baseline 0 -12"><span class='ocrx_word' id='word_1_390' title='bbox 79 2864 210 2896; x_wconf 82' lang='lat' dir='ltr'>multas</span> <span class='ocrx_word' id='word_1_391' title='bbox 234 2863 345 2896; x_wconf 79' lang='lat' dir='ltr'>horas</span> <span class='ocrx_word' id='word_1_392' title='bbox 378 2864 418 2896; x_wconf 87' lang='lat' dir='ltr'>in</span> <span class='ocrx_word' id='word_1_393' title='bbox 443 2865 570 2906; x_wconf 82' lang='lat' dir='ltr'>templo</span> <span class='ocrx_word' id='word_1_394' title='bbox 604 2868 725 2897; x_wconf 82' lang='lat' dir='ltr'>nostro</span> <span class='ocrx_word' id='word_1_395' title='bbox 751 2864 921 2907; x_wconf 69' lang='lat' dir='ltr'>nuyando</span> <span class='ocrx_word' id='word_1_396' title='bbox 958 2875 1036 2897; x_wconf 82' lang='lat' dir='ltr'>cum</span> <span class='ocrx_word' id='word_1_397' title='bbox 1065 2864 1198 2897; x_wconf 86' lang='lat' dir='ltr'>nostris</span> <span class='ocrx_word' id='word_1_398' title='bbox 1224 2869 1422 2898; x_wconf 79' lang='lat' dir='ltr'>conterunt.</span> <span class='ocrx_word' id='word_1_399' title='bbox 1471 2865 1612 2908; x_wconf 77' lang='lat' dir='ltr'>Scripsi</span> <span class='ocrx_word' id='word_1_400' title='bbox 1645 2866 1719 2898; x_wconf 83' lang='lat' dir='ltr'>iam</span> <span class='ocrx_word' id='word_1_401' title='bbox 1753 2864 1856 2897; x_wconf 85' lang='lat' dir='ltr'>semel</span> 
     </span>
     <span class='ocr_line' id='line_1_42' title="bbox 79 2917 1856 2961; baseline 0.001 -12"><span class='ocrx_word' id='word_1_402' title='bbox 79 2927 122 2949; x_wconf 80' lang='lat' dir='ltr'>ac</span> <span class='ocrx_word' id='word_1_403' title='bbox 146 2917 277 2949; x_wconf 86' lang='lat' dir='ltr'>iterum</span> <span class='ocrx_word' id='word_1_404' title='bbox 303 2917 344 2949; x_wconf 85' lang='lat' dir='ltr'>de</span> <span class='ocrx_word' id='word_1_405' title='bbox 360 2917 424 2950; x_wconf 76' lang='lat' dir='ltr'>hoc</span> <span class='ocrx_word' id='word_1_406' title='bbox 450 2918 562 2950; x_wconf 84' lang='lat' dir='ltr'>abusu</span> <span class='ocrx_word' id='word_1_407' title='bbox 581 2918 746 2960; x_wconf 77' lang='lat' dir='ltr'>tollendo,</span> <span class='ocrx_word' id='word_1_408' title='bbox 765 2922 918 2960; x_wconf 82' lang='lat' dir='ltr'>propter</span> <span class='ocrx_word' id='word_1_409' title='bbox 943 2928 1044 2961; x_wconf 75' lang='lat' dir='ltr'>quem</span> <span class='ocrx_word' id='word_1_410' title='bbox 1071 2918 1187 2951; x_wconf 83' lang='lat' dir='ltr'>nostri</span> <span class='ocrx_word' id='word_1_411' title='bbox 1212 2919 1316 2951; x_wconf 79' lang='lat' dir='ltr'>etiam</span> <span class='ocrx_word' id='word_1_412' title='bbox 1335 2919 1427 2951; x_wconf 85' lang='lat' dir='ltr'>male</span> <span class='ocrx_word' id='word_1_413' title='bbox 1444 2919 1609 2961; x_wconf 78' lang='lat' dir='ltr'>audiunt,</span> <span class='ocrx_word' id='word_1_414' title='bbox 1637 2922 1668 2951; x_wconf 83' lang='lat' dir='ltr'>et</span> <span class='ocrx_word' id='word_1_415' title='bbox 1692 2918 1856 2951; x_wconf 75' lang='lat' dir='ltr'>honestae</span> 
     </span>
     <span class='ocr_line' id='line_1_43' title="bbox 73 2969 824 3014; baseline 0 -11"><span class='ocrx_word' id='word_1_416' title='bbox 73 2981 249 3013; x_wconf 80' lang='lat' dir='ltr'>personae</span> <span class='ocrx_word' id='word_1_417' title='bbox 273 2971 387 3003; x_wconf 88' lang='lat' dir='ltr'>iustas</span> <span class='ocrx_word' id='word_1_418' title='bbox 413 2971 574 3014; x_wconf 73' lang='lat' dir='ltr'>querelas</span> <span class='ocrx_word' id='word_1_419' title='bbox 600 2969 824 3004; x_wconf 75' lang='lat' dir='ltr'>obtendimt.“</span> 
     </span>
    </p>
   </div>
   <div class='ocr_carea' id='block_1_12' title="bbox 451 2701 467 2718">
    <p class='ocr_par' dir='ltr' id='par_1_13' title="bbox 451 2701 467 2718">
     <span class='ocr_line' id='line_1_44' title="bbox 451 2701 467 2718; baseline -0.063 0"><span class='ocrx_word' id='word_1_420' title='bbox 451 2701 467 2718; x_wconf 71' lang='lat' dir='ltr'>(t</span> 
     </span>
    </p>
   </div>
   <div class='ocr_carea' id='block_1_13' title="bbox 79 3039 1856 3139">
    <p class='ocr_par' dir='ltr' id='par_1_14' title="bbox 79 3039 1856 3139">
     <span class='ocr_line' id='line_1_45' title="bbox 198 3039 1856 3086; baseline 0.001 -13"><span class='ocrx_word' id='word_1_421' title='bbox 198 3039 337 3073; x_wconf 83' lang='lat' dir='ltr'>Harum</span> <span class='ocrx_word' id='word_1_422' title='bbox 363 3039 565 3074; x_wconf 84' lang='lat' dir='ltr'>litterarum</span> <span class='ocrx_word' id='word_1_423' title='bbox 585 3052 733 3074; x_wconf 83' lang='lat' dir='ltr'>suarum</span> <span class='ocrx_word' id='word_1_424' title='bbox 754 3040 919 3074; x_wconf 83' lang='lat' dir='ltr'>Canisius</span> <span class='ocrx_word' id='word_1_425' title='bbox 939 3040 1047 3074; x_wconf 84' lang='lat' dir='ltr'>etiam</span> <span class='ocrx_word' id='word_1_426' title='bbox 1066 3040 1103 3074; x_wconf 90' lang='lat' dir='ltr'>in</span> <span class='ocrx_word' id='word_1_427' title='bbox 1121 3040 1278 3086; x_wconf 82' lang='lat' dir='ltr'>epistula</span> <span class='ocrx_word' id='word_1_428' title='bbox 1299 3041 1353 3076; x_wconf 91' lang='lat'>19.</span> <span class='ocrx_word' id='word_1_429' title='bbox 1369 3041 1492 3076; x_wconf 81' lang='lat' dir='ltr'>Martii</span> <span class='ocrx_word' id='word_1_430' title='bbox 1513 3042 1604 3077; x_wconf 85' lang='lat'>1569</span> <span class='ocrx_word' id='word_1_431' title='bbox 1622 3041 1667 3076; x_wconf 83' lang='lat' dir='ltr'>ad</span> <span class='ocrx_word' id='word_1_432' title='bbox 1686 3041 1856 3085; x_wconf 82' lang='lat' dir='ltr'>Borgiam</span> 
     </span>
     <span class='ocr_line' id='line_1_46' title="bbox 79 3093 993 3139; baseline 0.002 -13"><span class='ocrx_word' id='word_1_433' title='bbox 79 3093 164 3127; x_wconf 85' lang='lat' dir='ltr'>data</span> <span class='ocrx_word' id='word_1_434' title='bbox 189 3093 404 3127; x_wconf 87' lang='lat' dir='ltr'>mentionem</span> <span class='ocrx_word' id='word_1_435' title='bbox 432 3093 537 3134; x_wconf 82' lang='lat' dir='ltr'>feoit;</span> <span class='ocrx_word' id='word_1_436' title='bbox 567 3106 600 3128; x_wconf 88' lang='lat' dir='ltr'>v.</span> <span class='ocrx_word' id='word_1_437' title='bbox 627 3094 732 3135; x_wconf 84' lang='lat' dir='ltr'>infra,</span> <span class='ocrx_word' id='word_1_438' title='bbox 760 3105 814 3139; x_wconf 87' lang='lat' dir='ltr'>ep.</span> <span class='ocrx_word' id='word_1_439' title='bbox 834 3105 868 3129; x_wconf 86' lang='lat' dir='ltr'>n.</span> <span class='ocrx_word' id='word_1_440' title='bbox 890 3094 993 3129; x_wconf 86' lang='grc'><strong>1629.</strong></span> 
     </span>
    </p>
   </div>
  </div>
 </body>
</html>
